1884 3285
424 251 505 288 232
858 259 890 284 s.
929 257 1157 284 Auers‘rtm
1189 258 1368 284 EPISCOPI

421 339 534 368 mam
555 323 777 367 veritatem
795 320 942 366 oculos
962 320 1126 365 claudis
1140 356 1151 375 ,
1172 322 1469 380 gemitumque
1490 322 1580 380 ejus
1601 324 1792 381 exponis,
1874 332 1884 362 21

420 409 508 438 non
528 403 577 437 ut
599 393 801 437 omnibus
829 401 970 452 patet,
994 393 1067 436 sed
1090 402 1138 436 ut
1161 393 1239 435 tibi
1261 385 1418 451 placet,
1446 391 1620 437 dicens:
1651 411 1671 435 «
1696 395 1796 447 Quis
1874 403 1884 433 t

419 478 487 507 me
509 462 711 506 liberabit
732 463 787 506 de
818 477 998 521 corpore
1020 462 1169 505 mortis
1196 462 1322 520 hujus
1344 463 1362 504 Ξ)
1384 461 1467 505 hoc
1484 471 1576 516 est,
1602 463 1698 521 quis
1728 477 1797 507 me
1837 489 1840 511 5
1876 474 1884 502 ε

418 534 620 578 liberabit
648 550 671 578 a
703 543 825 578 reatu
852 542 1128 592 peccatorum
1155 547 1351 576 meorum
1369 567 1379 586 ,
1405 548 1504 592 quae
1533 532 1743 577 commisi.
1774 552 1794 575 »
1878 546 1882 572 t

418 604 496 647 Ille
518 604 623 648 dicit
645 623 653 649 :
673 605 802 657 Quod
820 603 921 647 nolo
946 603 1109 646 malum
1133 604 1214 647 hoc
1232 617 1311 660 ago
1338 622 1346 647 ι
1369 611 1411 645 et
1434 611 1481 646 tu
1499 602 1619 657 dicis,
1654 621 1674 644 «
1699 619 1798 662 quae
1879 617 1884 643 z

417 675 666 719 commisi?»
681 676 825 733 Usque
844 673 1031 716 adeo-ne
1050 673 1249 732 desperas
1264 674 1318 716 de
1337 673 1586 717 hominibus
1605 672 1680 732 qui
1706 673 1799 717 haec
1866 688 1884 714 ις

417 745 591 803 legunt,
616 754 666 789 ut
691 759 780 788 non
800 745 940 802 ipsum
964 744 1117 788 malint
1134 744 1284 788 audire
1305 759 1437 803 quam
1462 752 1518 787 te.
1540 753 1583 788 et
1608 744 1689 802 ipsi
1717 758 1798 802 po·-

420 817 502 859 tius
524 831 655 874 quam
679 816 756 859 tibi
779 816 990 859 credere?
1021 816 1120 860 Sine
1141 816 1364 860 hominem
1386 815 1568 874 gratiam
1591 815 1689 870 Dei,
1709 831 1800 860 non
1844 839 1847 858 ι
1883 834 1884 838 ’

416 886 557 931 solum
569 887 671 945 quia
682 886 888 944 peccavit,
903 895 952 930 ut
969 885 1232 940 absolvatur,
1250 887 1533 930 verumetiam
1556 901 1611 929 ne
1631 894 1797 944 peccet,

414 966 464 1001 ut
485 956 715 1016 adjuvetur
729 992 739 1011 ‚
761 972 990 1016 exposcere
1016 976 1024 1001 :
1046 957 1166 1017 quod
1183 958 1265 1002 isto
1286 957 1381 1002 loco
1403 958 1559 1015 agitur.
1578 958 1664 1010 Qui
1681 956 1799 1000 enim

416 1025 521 1070 dicit
542 1045 552 1070 ε
576 1027 705 1079 Quod
722 1026 824 1071 nolo
841 1026 1004 1070 malum
1025 1028 1109 1071 hoc
1132 1043 1229 1086 ago,
1255 1043 1344 1072 non
1365 1037 1428 1071 est
1446 1027 1567 1071 locus
1581 1036 1631 1071 ut
1648 1026 1764 1071 dicat
1788 1046 1797 1072 ε

420 1116 440 1138 «
462 1097 637 1140 Dimitte
653 1097 777 1141 nobis
805 1096 951 1140 debita
971 1106 1114 1141 nostra
1140 1116 1151 1153 3
1185 1116 1204 1138 »
1233 1096 1325 1150 sed,
1352 1115 1369 1136 «
1392 1099 1455 1141 Ne
1477 1111 1555 1140 nos
1575 1095 1735 1141 inferas
1756 1097 1803 1141 in

422 1185 441 1207 »
461 1168 743 1211 tentationem
766 1170 796 1209 ¹.
839 1168 1144 1225 Unusquisque
1175 1176 1320 1210 autem
1350 1176 1565 1221 tentatur,
1603 1167 1716 1211 sicut
1744 1168 1803 1211 ait
1850 1191 1877 1213 ψ

421 1237 679 1294 »apostolus
703 1238 917 1291 Jacobus,
958 1252 981 1280 a
1003 1237 1355 1295 concupiscentia
1389 1252 1465 1281 sua
1498 1237 1738 1281 abstractus
1761 1246 1803 1282 et

421 1324 441 1345 »
462 1305 672 1350 illectus2.
699 1325 716 1346 »
741 1309 832 1350 Hoc
854 1306 1014 1350 malum
1033 1316 1096 1350 est
1113 1306 1168 1350 de
1187 1322 1276 1366 quo
1299 1308 1384 1351 ait:
1423 1325 1444 1348 ι(
1471 1308 1566 1351 Scio
1589 1308 1692 1367 quia
1714 1322 1803 1352 non

423 1395 441 1417 »
468 1376 635 1419 habitat
652 1377 697 1418 in
722 1392 789 1419 me
809 1411 820 1430 ,
842 1377 925 1420 hoc
943 1385 1031 1429 est,
1056 1378 1100 1420 in
1131 1392 1259 1420 carne
1293 1392 1386 1420 mea
1412 1378 1578 1421 bonum
1603 1377 1633 1420 ³.
1663 1395 1684 1417 »
1712 1379 1804 1422 Hoc

419 1446 582 1489 malum
606 1455 669 1488 est
690 1447 734 1488 in
756 1461 937 1504 corpore
960 1447 1108 1489 mortis
1127 1447 1268 1505 hujus.
1308 1449 1399 1491 Hoc
1421 1446 1585 1490 malum
1609 1462 1698 1491 non
1720 1446 1805 1491 fuit

420 1517 464 1558 in
495 1514 692 1573 paradiso
719 1524 818 1558 ante
843 1524 1069 1572 peccatum
1094 1536 1104 1571 3
1130 1517 1229 1574 quia
1256 1515 1449 1559 nondum
1475 1525 1566 1560 erat
1589 1517 1681 1560 haec
1705 1531 1804 1561 caro
1856 1552 1857 1562 ,

417 1600 574 1643 corpus
590 1585 742 1628 mortis
756 1585 913 1644 hujus4
931 1604 939 1627 ε
965 1586 1034 1628 cui
1052 1586 1221 1629 dicetur
1237 1586 1280 1628 in
1298 1586 1384 1629 fine
1402 1605 1410 1630 z
1427 1605 1443 1625 «
1464 1587 1546 1630 Ubi
1570 1595 1648 1641 est,
1671 1602 1801 1642 mors,
1856 1582 1859 1619 ἕ

421 1674 441 1697 »
470 1657 692 1700 contentio
716 1665 789 1699 tua
813 1658 827 1680 ⁵
856 1657 873 1698 Ρ
900 1655 1012 1698 «sed
1034 1664 1138 1699 tunc
1159 1655 1373 1710 dicetur‚«
1399 1672 1498 1701 cum
1520 1657 1806 1715 corruptibile
1858 1652 1860 1707 ζ

424 1745 443 1767 »
468 1727 549 1770 hoc
571 1725 763 1769 induerit
795 1725 1166 1783 incorruptionem
1185 1759 1196 1778 ‚
1234 1736 1277 1769 et
1300 1725 1484 1770 mortale
1508 1727 1591 1770 hoc
1614 1726 1807 1770 induerit
1858 1730 1862 1782 ξ

422 1816 441 1837 »
460 1794 853 1839 immortalitatem6
869 1814 877 1839 :
893 1813 912 1835 »
933 1809 1051 1838 nunc
1072 1803 1219 1838 autem
1241 1810 1397 1853 corpus
1412 1805 1475 1839 est
1497 1796 1648 1840 mortis
1669 1816 1679 1853 3
1703 1796 1804 1856 quia

420 1865 535 1909 idem
557 1866 646 1923 ipsc
664 1865 772 1908 dixit
788 1864 1020 1923 Apostolus
1039 1884 1047 1909 :
1069 1884 1088 1906 «
1111 1867 1279 1924 Corpus
1297 1874 1519 1909 mortuum
1542 1875 1606 1910 est
1628 1875 1806 1925 propter

425 1956 443 1978 n
472 1944 700 1994 peccatum
724 1936 753 1977 ⁷.
784 1953 803 1975 n

479 2005 594 2049 Audi
629 2004 863 2048 catholicos
900 2003 1187 2048 intellectores
1212 2004 1444 2063 Apostoli3
1479 2005 1625 2064 accipe
1654 2019 1804 2049 eorum
1863 2039 1884 2056 ,-

420 2076 552 2119 verba
568 2110 579 2129 ‚
597 2090 686 2118 non
716 2089 834 2128 mea,
859 2088 959 2117 cum
983 2075 1142 2132 quibus
1164 2076 1326 2133 accipio
1345 2076 1540 2119 convicia
1567 2083 1642 2118 tua
1669 2094 1677 2118 :
1703 2075 1804 2119 audi
1864 2103 1865 2109 =

423 2161 513 2189 non
544 2144 782 2202 Pelagium,
813 2144 888 2188 sed
907 2144 1228 2188 Ambrosium8.
1261 2145 1404 2189 Etiam
1441 2144 1563 2188 Pauli
1585 2160 1701 2199 caro,
1736 2145 1807 2188 in·
1866 2159 1869 2189 3

423 2217 534 2275 quit,
553 2230 709 2274 corpus
724 2215 873 2258 mortis
889 2225 1002 2271 erat3
1021 2215 1238 2273 sicutipse
1256 2216 1337 2260 ait:
1358 2234 1376 2256 «
1393 2215 1499 2268 Quis
1517 2230 1586 2259 me
1602 2215 1804 2260 liberabit
1868 2225 1869 2228 ’

426 2305 446 2328 »
474 2287 527 2329 de
547 2301 728 2344 corpore
761 2284 908 2329 mortis
938 2285 1065 2344 hujus
1088 2286 1105 2325 ’ἲ
1131 2303 1149 2325 »
1177 2284 1292 2328 Audi
1315 2301 1404 2329 non
1431 2285 1704 2340 Coelestium‚
1728 2287 1804 2329 sed

419 2356 675 2414 Gregorium
699 2356 713 2379 ⁹
737 2373 744 2398 2
775 2373 795 2396 «
825 2357 942 2398 Intra
968 2355 1266 2413 nosmetipsos,
1294 2355 1453 2414 inquit,
1486 2355 1670 2414 propriis
1692 2355 1805 2400 vitiis

470 2482 479 2494 ¹
502 2473 680 2509 Matth.v1.
705 2482 742 2505 ¹2
760 2479 792 2505 et
815 2474 863 2504 13.
886 2480 949 2496 —2
973 2472 1085 2504 Jacob.
1111 2485 1133 2508 ι,
1159 2472 1207 2513 14.
1227 2491 1264 2495 ——
1283 2471 1297 2494 3
1325 2476 1414 2504 Rom.
1435 2484 1493 2511 vn,
1524 2474 1573 2504 18.
1591 2491 1630 2496 „-
1650 2472 1666 2503 4
1690 2485 1702 2505 1
1728 2473 1804 2506 Cor.

424 2540 478 2569 xv,
499 2530 528 2560 5
547 2546 586 2551 —
603 2528 616 2551 5
647 2529 727 2560 lbid.
755 2529 807 2560 ὅς’).
826 2547 866 2552 -
881 2527 895 2551 6
915 2529 995 2560 Ibid.
1017 2528 1070 2560 53.
1104 2545 1127 2550 -·
1144 2536 1156 2560 7
1184 2531 1277 2560 Rom.
1298 2540 1363 2567 vm,
1394 2539 1443 2560 ιο.
1461 2527 1529 2550 --3
1546 2529 1693 2561 ambros.
1717 2528 1772 2560 lib.
1794 2541 1804 2561 ι

424 2586 463 2616 de.
480 2585 644 2617 Poenitent.
665 2595 735 2626 cap.
766 2595 776 2616 1
796 2585 845 2615 vel
861 2585 891 2616 3.
908 2600 948 2606 -
961 2590 976 2615 9
994 2585 1124 2625 Gregor.
1145 2584 1292 2619 Nazianz.
1308 2584 1439 2626 Apolog.
1455 2596 1478 2625 ι,
1497 2584 1536 2618 de
1550 2586 1630 2626 Fuga
1647 2594 1713 2617 sua.
