1821 3264
418 275 469 300 m:
505 272 617 298 nouo
649 269 1015 296 PEnsEvrznAisTiffi.
1329 254 1405 291 1‘22

31 342 298 389 crederetur:
325 340 435 383 absit
458 346 506 380 ut
526 350 696 380 causam
724 333 1000 392 parvulorum
1021 333 1079 376 sic
1096 331 1405 390 relinquamus.

32 423 78 458 ut
90 427 178 455 esse
190 411 312 455 nobis
325 410 518 453 dicamus
528 406 739 449 incertum
753 412 901 447 utrum
913 403 956 444 in
967 402 1138 446 Christo
1150 401 1406 459 regenerati,

31 485 63 528 si
86 484 324 526 moriantur
344 478 529 538 parvuli,
549 483 763 520 transeant
782 474 828 516 in
852 481 1055 516 aeternam
1082 471 1262 514 salutem
1287 491 1297 526 ς
1323 486 1409 514 non

33 552 268 612 regenerati
300 559 442 594 autem
472 555 691 592 transeant
713 546 757 588 in
783 553 966 588 mortem
997 541 1229 585 secundam
1263 561 1271 584 t
1298 556 1411 600 quo-

32 626 145 668 niam
165 622 284 681 quod
305 620 512 679 scriptum
532 627 594 661 est
613 636 620 660 :
643 635 660 656 «
683 619 764 659 Per
786 629 921 658 unum
945 613 1167 656 hominem
1185 619 1411 670 peccatum

36 713 56 736 »
80 693 257 736 intravit
283 692 327 734 in
352 689 565 733 mundum
585 722 596 740 ,
623 696 664 730 et
690 701 764 745 per
787 678 1015 744 peccatum
1039 697 1154 726 mors
1176 717 1186 736 ,
1219 690 1260 724 et
1288 681 1345 723 ita
1371 681 1412 721 in

35 783 55 805 »
81 777 228 807 omnes
247 760 441 804 homines
463 755 693 817 pertransit
714 758 726 781 ¹
756 776 766 811 3
788 774 805 796 n
829 754 952 798 aliter
974 761 1088 796 recte
1114 750 1297 807 intelligi
1326 763 1414 792 uon

36 842 194 894 potest:
212 847 292 876 nec
311 848 331 875 a
355 839 496 874 morte
517 835 742 888 perpetua,
756 841 854 885 quae
876 821 1110 884 justissime
1128 831 1191 865 est
1205 820 1416 863 retributa

36 913 226 964 peccato,
246 902 404 945 liberat
421 912 685 959 quemquam
706 894 966 955 pusillorum
988 902 1118 951 atque
1140 904 1413 948 magnorum,

33 975 112 1019 nisi
140 973 212 1017 ille
240 972 315 1032 qui
341 980 518 1030 propter
552 966 812 1012 remittenda
844 975 885 1008 et
914 962 1138 1022 originalia
1177 970 1218 1004 et
1245 961 1418 1019 propria

33 1053 177 1089 nostra
201 1051 377 1102 peccata
411 1048 610 1084 mortuus
646 1046 709 1081 est
737 1037 828 1080 sine
857 1034 949 1079 ullo
979 1049 1058 1076 suo
1089 1030 1286 1090 originali
1323 1045 1421 1088 pro-

33 1116 180 1175 priove
201 1121 394 1173 peccato.
414 1110 498 1156 Sed
518 1124 652 1170 quare
672 1107 769 1151 illos
790 1106 934 1165 potius
953 1118 1084 1164 quam
1100 1101 1197 1145 illos
1219 1102 1237 1145 ?
1256 1103 1419 1144 Iterum

35 1194 164 1244 atque
187 1185 346 1227 iterum
373 1181 556 1225 dicimus
574 1214 584 1233 ,
610 1170 689 1222 nec
710 1192 788 1220 nos
806 1176 923 1235 piget
951 1194 960 1219 :
990 1193 1009 1214 «
1043 1175 1080 1217 Ο
1103 1173 1236 1216 homo
1257 1179 1305 1213 tu
1324 1170 1421 1228 quis

36 1274 58 1296 »
86 1270 129 1298 es
156 1254 232 1313 qui
254 1250 514 1311 respondeas
534 1252 646 1293 Deo2
662 1249 679 1289 ‘3
698 1243 998 1291 Inscrutabilia
1020 1252 1122 1287 sunt
1138 1241 1300 1302 judicia
1312 1241 1420 1299 ejus,

39 1345 59 1367 »
90 1335 132 1369 et
167 1321 490 1380 investigabiles
526 1320 608 1364 viae
644 1320 736 1377 ejus
772 1319 803 1360 3.
851 1335 870 1356 η
907 1318 962 1359 Et
996 1315 1080 1357 hoc
1117 1312 1368 1371 adjiciamus
1410 1329 1418 1352 :

40 1415 58 1437 «
96 1394 259 1438 Altiora
293 1402 335 1436 te
365 1407 420 1434 ne
455 1388 673 1450 quaesieris
695 1422 704 1440 τ
739 1396 782 1430 et
814 1385 994 1428 fortiora
1036 1393 1078 1425 te
1113 1397 1167 1424 ne
1210 1388 1424 1424 scrutatus

39 1484 58 1506 )›
97 1464 300 1508 fuel'iS4.»

93 1536 257 1578 XXXI.
284 1531 450 1576 Videtis
472 1529 586 1572 enim
609 1562 618 1580 ,
637 1524 873 1569 charissimi
892 1557 902 1577 ,
929 1535 1060 1581 quam
1086 1521 1140 1563 sit
1158 1517 1397 1562 absurdum
1412 1552 1422 1570 ,

36 1615 78 1648 et
106 1620 126 1647 a
151 1602 251 1646 fidei
284 1602 465 1646 sanitate
488 1608 618 1657 atque
648 1594 892 1639 sinceritate
920 1591 1112 1634 veritatis
1142 1588 1349 1640 alienum,
1377 1597 1426 1630 ut

35 1673 228 1718 dicamus
265 1670 468 1731 parvulos
507 1676 700 1712 mortuos
737 1662 980 1708 secundum
1012 1676 1059 1704 ea
1080 1658 1268 1718 judicari
1291 1693 1299 1711 ,
1326 1672 1425 1716 quae

37 1744 220 1805 praesciti
251 1751 353 1786 sunt
383 1740 539 1784 facturi
578 1752 668 1781 esse
697 1737 730 1779 si
765 1736 960 1777 viverent
992 1733 1009 1772 ‘2
1043 1734 1093 1774 In
1121 1731 1235 1772 hanc
1279 1736 1426 1771 autem

38 1815 311 1866 sententiam,
330 1825 461 1871 quam
485 1819 600 1853 certe
621 1806 761 1850 omnis
788 1819 936 1847 sensus
953 1803 1169 1845 humanus
1190 1797 1426 1858 quantula—

38 1900 225 1945 cumque
245 1883 408 1927 ratione
431 1880 641 1924 subnixus
658 1913 668 1931 ‚
694 1876 966 1933 maximeque
990 1870 1258 1917 Christianus
1276 1868 1427 1911 exhor-

38 1966 103 2000 ret
127 1992 137 2009 ‚
170 1956 233 1998 ire
262 1951 474 2011 compulsi
510 1958 612 1993 sunt
633 1983 642 2001 ‚
678 1948 753 2006 qui
785 1946 843 1989 sic
875 1961 896 1987 a
929 1942 1257 1999 Pelagianorum
1283 1952 1427 1981 errore

40 2027 165 2071 alieni
192 2040 282 2068 esse
309 2022 571 2070 voluerunt,
597 2027 646 2061 ut
675 2026 822 2060 tamen
851 2013 1027 2071 gratiam
1060 2010 1137 2054 'Dei
1169 2025 1245 2068 per
1277 2010 1427 2051 Jesum

41 2097 259 2142 Christum
283 2094 517 2138 Dominum
539 2099 735 2133 nostrum
750 2122 760 2140 ‚
782 2101 868 2146 qua
886 2084 1012 2128 nobis
1029 2097 1116 2125 una
1138 2089 1235 2139 post
1258 2079 1426 2136 lapsum

40 2168 167 2227 primi
199 2164 386 2209 hominis
405 2198 415 2217 ,
446 2163 491 2205 in
529 2175 617 2220 quo
649 2172 799 2202 omnes
831 2154 1066 2199 cecidimus
1086 2187 1096 2206 ,
1138 2149 1394 2194 subvenitur
1414 2182 1424 2201 ‚

41 2236 280 2283 secundum
313 2235 463 2277 merita
501 2239 646 2275 nostra
675 2228 766 2272 dari
792 2226 873 2270 sibi
899 2224 1043 2268 adhuc
1071 2221 1314 2265 existiment
1338 2232 1428 2261 esse

42 2305 306 2353 credendum
329 2340 339 2358 ‚
365 2313 407 2347 et
438 2300 730 2360 disputatione
751 2298 927 2354 insuper
948 2290 1272 2353 proferendum.
1300 2286 1428 2341 Quod

42 2380 132 2438 ipse
154 2376 352 2434 Pelagius
383 2383 482 2417 ante
506 2369 747 2415 Orientales
770 2367 993 2425 episcopos
1017 2362 1185 2423 judices
1211 2395 1221 2413 ‚
1244 2360 1427 2402 damna·

44 2448 174 2493 tionis
202 2462 290 2490 suae
312 2445 467 2488 timore
485 2439 722 2486 damnavit.
758 2440 851 2481 Hoc
880 2444 1024 2479 autem
1059 2433 1092 2476 si
1115 2446 1204 2475 non
1227 2429 1397 2473 dicatur
1415 2461 1425 2478 ‚

31 2519 99 2562 ·de
124 2525 397 2562 mortuorum
429 2511 588 2557 scilicet
617 2509 822 2568 operibus
842 2541 852 2561 ,
882 2520 980 2565 quae
1014 2501 1170 2546 facturi
1198 2499 1372 2543 fueraut
1395 2496 1428 2539 si

91 2607 100 2624 ¹
123 2603 215 2632 Rom.
237 2612 269 2640 v,
294 2610 342 2630 ιι.
358 2616 398 2620 ——
415 2604 426 2619 ²
450 2596 481 2627 [il
514 2590 914 2635 1x‚2‹›.-31.1.x1‚f3:3.
938 2585 1118 2617 ·-4F.cc1i.
1144 2596 1193 2620 m,
1212 2591 1264 2613 ⁷2¹1..
