<?xml version="1.0" encoding="UTF-8"?>
<!DOCTYPE html PUBLIC "-//W3C//DTD XHTML 1.0 Transitional//EN"
    "http://www.w3.org/TR/xhtml1/DTD/xhtml1-transitional.dtd">
<html xmlns="http://www.w3.org/1999/xhtml" xml:lang="en" lang="en">
 <head>
  <title>
</title>
<meta http-equiv="Content-Type" content="text/html;charset=utf-8" />
  <meta name='ocr-system' content='tesseract 3.04.00' />
  <meta name='ocr-capabilities' content='ocr_page ocr_carea ocr_par ocr_line ocrx_word'/>
</head>
<body>
  <div class='ocr_page' id='page_1' title='image "./operaomniaaccura36auguuoft/operaomniaaccura36auguuoft_0121.png"; bbox 0 0 1821 3264; ppageno 0'>
   <div class='ocr_carea' id='block_1_1' title="bbox 329 206 1417 244">
    <p class='ocr_par' dir='ltr' id='par_1_1' title="bbox 329 206 1417 244">
     <span class='ocr_line' id='line_1_1' title="bbox 329 206 1417 244; baseline -0.002 -1"><span class='ocrx_word' id='word_1_1' title='bbox 329 217 381 243; x_wconf 84' lang='lat' dir='ltr'>DE</span> <span class='ocrx_word' id='word_1_2' title='bbox 412 215 812 244; x_wconf 69' lang='lat' dir='ltr'>raAEDESTfflATtouE</span> <span class='ocrx_word' id='word_1_3' title='bbox 845 214 1110 244; x_wconf 72' lang='lat' dir='ltr'>sANCTORLM.</span> <span class='ocrx_word' id='word_1_4' title='bbox 1364 206 1417 242; x_wconf 84' lang='lat'>77</span> 
     </span>
    </p>
   </div>
   <div class='ocr_carea' id='block_1_2' title="bbox 0 267 1420 2461">
    <p class='ocr_par' dir='ltr' id='par_1_2' title="bbox 0 267 1420 2461">
     <span class='ocr_line' id='line_1_2' title="bbox 7 267 1418 341; baseline -0.001 -15"><span class='ocrx_word' id='word_1_5' title='bbox 7 267 12 341; x_wconf 50' lang='grc' dir='ltr'><em>ζ</em></span> <span class='ocrx_word' id='word_1_6' title='bbox 35 281 195 327; x_wconf 87' lang='lat' dir='ltr'>sciebat</span> <span class='ocrx_word' id='word_1_7' title='bbox 216 290 259 325; x_wconf 89' lang='lat' dir='ltr'>et</span> <span class='ocrx_word' id='word_1_8' title='bbox 280 281 358 325; x_wconf 88' lang='lat' dir='ltr'>ubi</span> <span class='ocrx_word' id='word_1_9' title='bbox 379 281 541 325; x_wconf 82' lang='lat' dir='ltr'>sciebat</span> <span class='ocrx_word' id='word_1_10' title='bbox 563 295 668 334; x_wconf 83' lang='lat' dir='ltr'>esse,</span> <span class='ocrx_word' id='word_1_11' title='bbox 694 281 771 339; x_wconf 89' lang='lat' dir='ltr'>qui</span> <span class='ocrx_word' id='word_1_12' title='bbox 793 280 920 325; x_wconf 83' lang='lat' dir='ltr'>electi</span> <span class='ocrx_word' id='word_1_13' title='bbox 942 281 1115 326; x_wconf 82' lang='lat' dir='ltr'>fuerant</span> <span class='ocrx_word' id='word_1_14' title='bbox 1136 281 1182 325; x_wconf 90' lang='lat' dir='ltr'>in</span> <span class='ocrx_word' id='word_1_15' title='bbox 1202 281 1295 340; x_wconf 88' lang='lat' dir='ltr'>ipso</span> <span class='ocrx_word' id='word_1_16' title='bbox 1319 290 1418 325; x_wconf 85' lang='lat' dir='ltr'>ante</span> 
     </span>
     <span class='ocr_line' id='line_1_3' title="bbox 6 349 1417 409; baseline -0.001 -13"><span class='ocrx_word' id='word_1_17' title='bbox 6 375 10 408; x_wconf 55' lang='lat'>5</span> <span class='ocrx_word' id='word_1_18' title='bbox 34 351 187 396; x_wconf 89' lang='lat' dir='ltr'>mundi</span> <span class='ocrx_word' id='word_1_19' title='bbox 203 350 555 396; x_wconf 84' lang='lat' dir='ltr'>constitutionem</span> <span class='ocrx_word' id='word_1_20' title='bbox 570 352 599 393; x_wconf 73' lang='lat'>1.</span> <span class='ocrx_word' id='word_1_21' title='bbox 623 349 706 394; x_wconf 87' lang='lat' dir='ltr'>Sed</span> <span class='ocrx_word' id='word_1_22' title='bbox 723 351 930 409; x_wconf 87' lang='lat' dir='ltr'>quoniam</span> <span class='ocrx_word' id='word_1_23' title='bbox 948 352 982 395; x_wconf 91' lang='lat' dir='ltr'>si</span> <span class='ocrx_word' id='word_1_24' title='bbox 998 352 1058 396; x_wconf 88' lang='lat' dir='ltr'>ita</span> <span class='ocrx_word' id='word_1_25' title='bbox 1074 352 1306 407; x_wconf 81' lang='lat' dir='ltr'>diceretur,</span> <span class='ocrx_word' id='word_1_26' title='bbox 1326 350 1417 396; x_wconf 88' lang='lat' dir='ltr'>lec-</span> 
     </span>
     <span class='ocr_line' id='line_1_4' title="bbox 5 414 1418 481; baseline 0 -15"><span class='ocrx_word' id='word_1_27' title='bbox 5 414 9 472; x_wconf 65' lang='lat' dir='ltr'>l</span> <span class='ocrx_word' id='word_1_28' title='bbox 34 430 172 466; x_wconf 88' lang='lat' dir='ltr'>torem</span> <span class='ocrx_word' id='word_1_29' title='bbox 194 423 354 466; x_wconf 85' lang='lat' dir='ltr'>faceret</span> <span class='ocrx_word' id='word_1_30' title='bbox 380 421 599 476; x_wconf 76' lang='lat' dir='ltr'>intentum</span> <span class='ocrx_word' id='word_1_31' title='bbox 626 419 681 464; x_wconf 89' lang='lat' dir='ltr'>ad</span> <span class='ocrx_word' id='word_1_32' title='bbox 709 436 758 464; x_wconf 88' lang='lat' dir='ltr'>ea</span> <span class='ocrx_word' id='word_1_33' title='bbox 786 421 1060 480; x_wconf 85' lang='lat' dir='ltr'>requirenda,</span> <span class='ocrx_word' id='word_1_34' title='bbox 1093 438 1192 481; x_wconf 82' lang='lat' dir='ltr'>quae</span> <span class='ocrx_word' id='word_1_35' title='bbox 1221 437 1338 466; x_wconf 89' lang='lat' dir='ltr'>nune</span> <span class='ocrx_word' id='word_1_36' title='bbox 1365 437 1418 466; x_wconf 84' lang='lat' dir='ltr'>ex</span> 
     </span>
     <span class='ocr_line' id='line_1_5' title="bbox 3 491 1416 551; baseline 0 -14"><span class='ocrx_word' id='word_1_37' title='bbox 3 496 7 548; x_wconf 83' lang='grc' dir='ltr'>Ι</span> <span class='ocrx_word' id='word_1_38' title='bbox 33 493 329 538; x_wconf 82' lang='lat' dir='ltr'>admonitione</span> <span class='ocrx_word' id='word_1_39' title='bbox 353 491 570 551; x_wconf 81' lang='lat' dir='ltr'>Pelagiani</span> <span class='ocrx_word' id='word_1_40' title='bbox 595 491 748 535; x_wconf 89' lang='lat' dir='ltr'>erroris</span> <span class='ocrx_word' id='word_1_41' title='bbox 771 507 944 536; x_wconf 87' lang='lat' dir='ltr'>neeesse</span> <span class='ocrx_word' id='word_1_42' title='bbox 966 501 1027 535; x_wconf 87' lang='lat' dir='ltr'>est</span> <span class='ocrx_word' id='word_1_43' title='bbox 1051 493 1265 551; x_wconf 85' lang='lat' dir='ltr'>copiosius</span> <span class='ocrx_word' id='word_1_44' title='bbox 1288 504 1331 537; x_wconf 91' lang='lat' dir='ltr'>et</span> <span class='ocrx_word' id='word_1_45' title='bbox 1352 493 1416 537; x_wconf 86' lang='lat' dir='ltr'>la-</span> 
     </span>
     <span class='ocr_line' id='line_1_6' title="bbox 3 558 1414 622; baseline 0.001 -16"><span class='ocrx_word' id='word_1_46' title='bbox 3 558 5 617; x_wconf 66' lang='grc' dir='ltr'>ξ</span> <span class='ocrx_word' id='word_1_47' title='bbox 31 562 243 607; x_wconf 85' lang='lat' dir='ltr'>boriosius</span> <span class='ocrx_word' id='word_1_48' title='bbox 263 563 496 622; x_wconf 81' lang='lat' dir='ltr'>disputari3</span> <span class='ocrx_word' id='word_1_49' title='bbox 522 562 660 606; x_wconf 87' lang='lat' dir='ltr'>visum</span> <span class='ocrx_word' id='word_1_50' title='bbox 682 562 788 605; x_wconf 90' lang='lat' dir='ltr'>mihi</span> <span class='ocrx_word' id='word_1_51' title='bbox 809 571 888 617; x_wconf 86' lang='lat' dir='ltr'>est,</span> <span class='ocrx_word' id='word_1_52' title='bbox 914 563 1035 622; x_wconf 91' lang='lat' dir='ltr'>quod</span> <span class='ocrx_word' id='word_1_53' title='bbox 1057 571 1163 606; x_wconf 90' lang='lat' dir='ltr'>tunc</span> <span class='ocrx_word' id='word_1_54' title='bbox 1185 564 1284 606; x_wconf 84' lang='lat' dir='ltr'>satis</span> <span class='ocrx_word' id='word_1_55' title='bbox 1307 573 1414 619; x_wconf 85' lang='lat' dir='ltr'>erat,</span> 
     </span>
     <span class='ocr_line' id='line_1_7' title="bbox 1 631 1418 691; baseline 0 -15"><span class='ocrx_word' id='word_1_56' title='bbox 1 655 4 691; x_wconf 84' lang='lat'>!</span> <span class='ocrx_word' id='word_1_57' title='bbox 30 631 219 676; x_wconf 85' lang='lat' dir='ltr'>breviter</span> <span class='ocrx_word' id='word_1_58' title='bbox 241 648 331 677; x_wconf 89' lang='lat' dir='ltr'>esse</span> <span class='ocrx_word' id='word_1_59' title='bbox 353 631 587 677; x_wconf 88' lang='lat' dir='ltr'>dicendum</span> <span class='ocrx_word' id='word_1_60' title='bbox 606 666 617 686; x_wconf 82' lang='lat'>,</span> <span class='ocrx_word' id='word_1_61' title='bbox 643 641 821 691; x_wconf 82' lang='lat' dir='ltr'>excepta</span> <span class='ocrx_word' id='word_1_62' title='bbox 838 667 848 687; x_wconf 83' lang='lat'><strong>‚</strong></span> <span class='ocrx_word' id='word_1_63' title='bbox 874 641 924 676; x_wconf 91' lang='lat' dir='ltr'>ut</span> <span class='ocrx_word' id='word_1_64' title='bbox 946 631 1033 675; x_wconf 81' lang='lat' dir='ltr'>dixi</span> <span class='ocrx_word' id='word_1_65' title='bbox 1053 667 1064 687; x_wconf 88' lang='lat'>‚</span> <span class='ocrx_word' id='word_1_66' title='bbox 1095 631 1327 676; x_wconf 85' lang='lat' dir='ltr'>altitudine</span> <span class='ocrx_word' id='word_1_67' title='bbox 1349 648 1418 676; x_wconf 89' lang='lat' dir='ltr'>sa-</span> 
     </span>
     <span class='ocr_line' id='line_1_8' title="bbox 0 701 1419 763; baseline 0.001 -17"><span class='ocrx_word' id='word_1_68' title='bbox 0 701 4 763; x_wconf 73' lang='grc' dir='ltr'>ξ</span> <span class='ocrx_word' id='word_1_69' title='bbox 31 702 204 761; x_wconf 86' lang='lat' dir='ltr'>pientiae</span> <span class='ocrx_word' id='word_1_70' title='bbox 221 713 264 747; x_wconf 89' lang='lat' dir='ltr'>et</span> <span class='ocrx_word' id='word_1_71' title='bbox 280 703 470 748; x_wconf 85' lang='lat' dir='ltr'>scientiae</span> <span class='ocrx_word' id='word_1_72' title='bbox 492 703 584 757; x_wconf 86' lang='lat' dir='ltr'>Dei,</span> <span class='ocrx_word' id='word_1_73' title='bbox 609 711 652 747; x_wconf 90' lang='lat' dir='ltr'>et</span> <span class='ocrx_word' id='word_1_74' title='bbox 674 703 764 747; x_wconf 87' lang='lat' dir='ltr'>sine</span> <span class='ocrx_word' id='word_1_75' title='bbox 785 703 1039 763; x_wconf 86' lang='lat' dir='ltr'>praejudicio</span> <span class='ocrx_word' id='word_1_76' title='bbox 1063 703 1246 747; x_wconf 87' lang='lat' dir='ltr'>aliarum</span> <span class='ocrx_word' id='word_1_77' title='bbox 1268 719 1419 748; x_wconf 87' lang='lat' dir='ltr'>causa-</span> 
     </span>
     <span class='ocr_line' id='line_1_9' title="bbox 30 773 1419 835; baseline 0.003 -17.915"><span class='ocrx_word' id='word_1_78' title='bbox 30 788 127 818; x_wconf 89' lang='lat' dir='ltr'>rum</span> <span class='ocrx_word' id='word_1_79' title='bbox 145 773 199 818; x_wconf 88' lang='lat' dir='ltr'>de</span> <span class='ocrx_word' id='word_1_80' title='bbox 221 774 381 834; x_wconf 87' lang='lat' dir='ltr'>quibus</span> <span class='ocrx_word' id='word_1_81' title='bbox 403 790 492 818; x_wconf 90' lang='lat' dir='ltr'>non</span> <span class='ocrx_word' id='word_1_82' title='bbox 514 783 636 828; x_wconf 84' lang='lat' dir='ltr'>tune,</span> <span class='ocrx_word' id='word_1_83' title='bbox 661 774 737 818; x_wconf 90' lang='lat' dir='ltr'>sed</span> <span class='ocrx_word' id='word_1_84' title='bbox 760 773 862 818; x_wconf 82' lang='lat' dir='ltr'>alias</span> <span class='ocrx_word' id='word_1_85' title='bbox 886 775 1174 834; x_wconf 89' lang='lat' dir='ltr'>opportunius</span> <span class='ocrx_word' id='word_1_86' title='bbox 1196 775 1419 835; x_wconf 87' lang='lat' dir='ltr'>disputan·</span> 
     </span>
     <span class='ocr_line' id='line_1_10' title="bbox 0 842 325 903; baseline -0.003 -13"><span class='ocrx_word' id='word_1_87' title='bbox 0 876 1 884; x_wconf 26' lang='grc' dir='ltr'><strong>κ</strong></span> <span class='ocrx_word' id='word_1_88' title='bbox 31 842 138 890; x_wconf 89' lang='lat' dir='ltr'>dum</span> <span class='ocrx_word' id='word_1_89' title='bbox 161 846 325 903; x_wconf 85' lang='lat' dir='ltr'>putavi.</span> 
     </span>
     <span class='ocr_line' id='line_1_11' title="bbox 86 915 1418 977; baseline 0.002 -19"><span class='ocrx_word' id='word_1_90' title='bbox 86 917 207 959; x_wconf 82' lang='lat' dir='ltr'>XIX.</span> <span class='ocrx_word' id='word_1_91' title='bbox 245 919 356 959; x_wconf 86' lang='lat' dir='ltr'>Item</span> <span class='ocrx_word' id='word_1_92' title='bbox 372 916 491 975; x_wconf 88' lang='lat' dir='ltr'>quod</span> <span class='ocrx_word' id='word_1_93' title='bbox 507 915 595 960; x_wconf 81' lang='lat' dir='ltr'>dixi</span> <span class='ocrx_word' id='word_1_94' title='bbox 617 936 625 960; x_wconf 72' lang='grc' dir='ltr'>ε</span> <span class='ocrx_word' id='word_1_95' title='bbox 655 935 674 958; x_wconf 94' lang='lat'>«</span> <span class='ocrx_word' id='word_1_96' title='bbox 702 915 895 960; x_wconf 85' lang='lat' dir='ltr'>Salutem</span> <span class='ocrx_word' id='word_1_97' title='bbox 916 917 1134 974; x_wconf 82' lang='lat' dir='ltr'>religionis</span> <span class='ocrx_word' id='word_1_98' title='bbox 1157 918 1285 977; x_wconf 86' lang='lat' dir='ltr'>hujus</span> <span class='ocrx_word' id='word_1_99' title='bbox 1308 917 1418 961; x_wconf 87' lang='lat' dir='ltr'>nulli</span> 
     </span>
     <span class='ocr_line' id='line_1_12' title="bbox 31 985 1418 1046; baseline 0.002 -19"><span class='ocrx_word' id='word_1_100' title='bbox 31 1002 50 1026; x_wconf 88' lang='lat'>»</span> <span class='ocrx_word' id='word_1_101' title='bbox 77 1000 271 1045; x_wconf 86' lang='lat' dir='ltr'>unquam</span> <span class='ocrx_word' id='word_1_102' title='bbox 291 985 478 1031; x_wconf 77' lang='lat' dir='ltr'>defuisse</span> <span class='ocrx_word' id='word_1_103' title='bbox 500 987 576 1046; x_wconf 89' lang='lat' dir='ltr'>qui</span> <span class='ocrx_word' id='word_1_104' title='bbox 599 986 756 1046; x_wconf 82' lang='lat' dir='ltr'>dignus</span> <span class='ocrx_word' id='word_1_105' title='bbox 777 987 877 1042; x_wconf 73' lang='lat' dir='ltr'>fuit,</span> <span class='ocrx_word' id='word_1_106' title='bbox 894 997 936 1032; x_wconf 88' lang='lat' dir='ltr'>et</span> <span class='ocrx_word' id='word_1_107' title='bbox 964 988 1147 1046; x_wconf 83' lang='lat' dir='ltr'>dignum</span> <span class='ocrx_word' id='word_1_108' title='bbox 1178 1003 1267 1031; x_wconf 91' lang='lat' dir='ltr'>non</span> <span class='ocrx_word' id='word_1_109' title='bbox 1288 987 1418 1031; x_wconf 84' lang='lat' dir='ltr'>fuisse</span> 
     </span>
     <span class='ocr_line' id='line_1_13' title="bbox 31 1055 1420 1118; baseline 0.003 -21"><span class='ocrx_word' id='word_1_110' title='bbox 31 1072 52 1096; x_wconf 78' lang='lat'>&gt;›</span> <span class='ocrx_word' id='word_1_111' title='bbox 77 1056 148 1099; x_wconf 91' lang='lat' dir='ltr'>cui</span> <span class='ocrx_word' id='word_1_112' title='bbox 165 1055 306 1101; x_wconf 84' lang='lat' dir='ltr'>defuit</span> <span class='ocrx_word' id='word_1_113' title='bbox 329 1076 337 1101; x_wconf 87' lang='lat'><strong>:</strong></span> <span class='ocrx_word' id='word_1_114' title='bbox 360 1075 380 1099; x_wconf 91' lang='lat'>»</span> <span class='ocrx_word' id='word_1_115' title='bbox 407 1058 442 1101; x_wconf 89' lang='lat' dir='ltr'>si</span> <span class='ocrx_word' id='word_1_116' title='bbox 463 1057 718 1102; x_wconf 80' lang='lat' dir='ltr'>discutiatur</span> <span class='ocrx_word' id='word_1_117' title='bbox 736 1067 778 1101; x_wconf 89' lang='lat' dir='ltr'>et</span> <span class='ocrx_word' id='word_1_118' title='bbox 795 1067 1018 1118; x_wconf 86' lang='lat' dir='ltr'>quaeratur</span> <span class='ocrx_word' id='word_1_119' title='bbox 1034 1058 1150 1103; x_wconf 88' lang='lat' dir='ltr'>unde</span> <span class='ocrx_word' id='word_1_120' title='bbox 1167 1058 1351 1118; x_wconf 85' lang='lat' dir='ltr'>quisque</span> <span class='ocrx_word' id='word_1_121' title='bbox 1366 1057 1420 1101; x_wconf 89' lang='lat' dir='ltr'>sit</span> 
     </span>
     <span class='ocr_line' id='line_1_14' title="bbox 27 1124 1420 1188; baseline 0.002 -20"><span class='ocrx_word' id='word_1_122' title='bbox 27 1124 214 1184; x_wconf 76' lang='lat' dir='ltr'>dignus,</span> <span class='ocrx_word' id='word_1_123' title='bbox 249 1143 339 1172; x_wconf 93' lang='lat' dir='ltr'>non</span> <span class='ocrx_word' id='word_1_124' title='bbox 369 1127 526 1172; x_wconf 88' lang='lat' dir='ltr'>desunt</span> <span class='ocrx_word' id='word_1_125' title='bbox 557 1128 632 1188; x_wconf 85' lang='lat' dir='ltr'>qui</span> <span class='ocrx_word' id='word_1_126' title='bbox 660 1127 818 1183; x_wconf 82' lang='lat' dir='ltr'>dicant,</span> <span class='ocrx_word' id='word_1_127' title='bbox 851 1128 1075 1173; x_wconf 85' lang='lat' dir='ltr'>voluntate</span> <span class='ocrx_word' id='word_1_128' title='bbox 1106 1130 1420 1173; x_wconf 70' lang='lat' dir='ltr'>humanamos</span> 
     </span>
     <span class='ocr_line' id='line_1_15' title="bbox 27 1199 1420 1259; baseline 0.002 -19"><span class='ocrx_word' id='word_1_129' title='bbox 27 1207 172 1242; x_wconf 89' lang='lat' dir='ltr'>autem</span> <span class='ocrx_word' id='word_1_130' title='bbox 204 1199 404 1254; x_wconf 78' lang='lat' dir='ltr'>dicimus,</span> <span class='ocrx_word' id='word_1_131' title='bbox 438 1199 572 1258; x_wconf 82' lang='lat' dir='ltr'>gratia</span> <span class='ocrx_word' id='word_1_132' title='bbox 602 1199 672 1244; x_wconf 88' lang='lat' dir='ltr'>vel</span> <span class='ocrx_word' id='word_1_133' title='bbox 704 1200 1083 1259; x_wconf 80' lang='lat' dir='ltr'>praedestinatione</span> <span class='ocrx_word' id='word_1_134' title='bbox 1109 1202 1268 1246; x_wconf 87' lang='lat' dir='ltr'>divina.</span> <span class='ocrx_word' id='word_1_135' title='bbox 1302 1204 1420 1244; x_wconf 87' lang='lat' dir='ltr'>Inter</span> 
     </span>
     <span class='ocr_line' id='line_1_16' title="bbox 30 1264 1416 1328; baseline 0.002 -18"><span class='ocrx_word' id='word_1_136' title='bbox 30 1268 211 1324; x_wconf 84' lang='lat' dir='ltr'>gratiam</span> <span class='ocrx_word' id='word_1_137' title='bbox 239 1284 368 1327; x_wconf 91' lang='lat' dir='ltr'>porro</span> <span class='ocrx_word' id='word_1_138' title='bbox 397 1279 439 1313; x_wconf 89' lang='lat' dir='ltr'>et</span> <span class='ocrx_word' id='word_1_139' title='bbox 463 1264 892 1328; x_wconf 76' lang='lat' dir='ltr'>praedestinationem</span> <span class='ocrx_word' id='word_1_140' title='bbox 916 1272 1000 1315; x_wconf 88' lang='lat' dir='ltr'>hoc</span> <span class='ocrx_word' id='word_1_141' title='bbox 1027 1281 1198 1315; x_wconf 86' lang='lat' dir='ltr'>tantum</span> <span class='ocrx_word' id='word_1_142' title='bbox 1224 1272 1416 1324; x_wconf 84' lang='lat' dir='ltr'>interest,</span> 
     </span>
     <span class='ocr_line' id='line_1_17' title="bbox 27 1338 1419 1401; baseline 0.002 -20"><span class='ocrx_word' id='word_1_143' title='bbox 27 1338 148 1398; x_wconf 89' lang='lat' dir='ltr'>quod</span> <span class='ocrx_word' id='word_1_144' title='bbox 170 1339 494 1397; x_wconf 73' lang='lat' dir='ltr'>praedestinatio</span> <span class='ocrx_word' id='word_1_145' title='bbox 517 1350 581 1384; x_wconf 85' lang='lat' dir='ltr'>est</span> <span class='ocrx_word' id='word_1_146' title='bbox 604 1341 752 1399; x_wconf 82' lang='lat' dir='ltr'>gratiae</span> <span class='ocrx_word' id='word_1_147' title='bbox 775 1343 1197 1401; x_wconf 81' lang='lat' dir='ltr'>praeparatio‚gratia</span> <span class='ocrx_word' id='word_1_148' title='bbox 1212 1357 1313 1386; x_wconf 89' lang='lat' dir='ltr'>vero</span> <span class='ocrx_word' id='word_1_149' title='bbox 1329 1343 1419 1400; x_wconf 85' lang='lat' dir='ltr'>jam</span> 
     </span>
     <span class='ocr_line' id='line_1_18' title="bbox 27 1408 1418 1470; baseline 0.001 -18"><span class='ocrx_word' id='word_1_150' title='bbox 27 1408 119 1467; x_wconf 87' lang='lat' dir='ltr'>ipsa</span> <span class='ocrx_word' id='word_1_151' title='bbox 146 1408 339 1455; x_wconf 88' lang='lat' dir='ltr'>donatio.</span> <span class='ocrx_word' id='word_1_152' title='bbox 368 1410 494 1463; x_wconf 86' lang='lat' dir='ltr'>Quod</span> <span class='ocrx_word' id='word_1_153' title='bbox 519 1411 666 1470; x_wconf 86' lang='lat' dir='ltr'>itaque</span> <span class='ocrx_word' id='word_1_154' title='bbox 689 1412 747 1454; x_wconf 88' lang='lat' dir='ltr'>ait</span> <span class='ocrx_word' id='word_1_155' title='bbox 775 1411 1008 1470; x_wconf 83' lang='lat' dir='ltr'>Apostolus</span> <span class='ocrx_word' id='word_1_156' title='bbox 1035 1431 1043 1455; x_wconf 89' lang='lat'><strong>:</strong></span> <span class='ocrx_word' id='word_1_157' title='bbox 1074 1431 1093 1453; x_wconf 88' lang='lat'>«</span> <span class='ocrx_word' id='word_1_158' title='bbox 1119 1415 1215 1457; x_wconf 90' lang='lat' dir='ltr'>Non</span> <span class='ocrx_word' id='word_1_159' title='bbox 1242 1428 1291 1455; x_wconf 83' lang='lat' dir='ltr'>ex</span> <span class='ocrx_word' id='word_1_160' title='bbox 1312 1426 1418 1470; x_wconf 90' lang='lat' dir='ltr'>ope-</span> 
     </span>
     <span class='ocr_line' id='line_1_19' title="bbox 31 1481 1419 1542; baseline 0.002 -20"><span class='ocrx_word' id='word_1_161' title='bbox 31 1499 48 1521; x_wconf 86' lang='lat'>»</span> <span class='ocrx_word' id='word_1_162' title='bbox 76 1481 194 1525; x_wconf 90' lang='lat' dir='ltr'>ribus</span> <span class='ocrx_word' id='word_1_163' title='bbox 212 1516 222 1536; x_wconf 83' lang='lat'>,</span> <span class='ocrx_word' id='word_1_164' title='bbox 248 1497 302 1526; x_wconf 89' lang='lat' dir='ltr'>ne</span> <span class='ocrx_word' id='word_1_165' title='bbox 323 1481 436 1526; x_wconf 88' lang='lat' dir='ltr'>forte</span> <span class='ocrx_word' id='word_1_166' title='bbox 459 1482 555 1542; x_wconf 90' lang='lat' dir='ltr'>quis</span> <span class='ocrx_word' id='word_1_167' title='bbox 578 1481 839 1536; x_wconf 79' lang='lat' dir='ltr'>extollatur,</span> <span class='ocrx_word' id='word_1_168' title='bbox 864 1483 997 1541; x_wconf 89' lang='lat' dir='ltr'>ipsius</span> <span class='ocrx_word' id='word_1_169' title='bbox 1019 1484 1137 1526; x_wconf 88' lang='lat' dir='ltr'>enim</span> <span class='ocrx_word' id='word_1_170' title='bbox 1159 1498 1310 1527; x_wconf 88' lang='lat' dir='ltr'>sumus</span> <span class='ocrx_word' id='word_1_171' title='bbox 1335 1483 1419 1540; x_wconf 84' lang='lat' dir='ltr'>fig-</span> 
     </span>
     <span class='ocr_line' id='line_1_20' title="bbox 27 1553 1417 1612; baseline 0.001 -17"><span class='ocrx_word' id='word_1_172' title='bbox 27 1567 49 1592; x_wconf 87' lang='lat'>»</span> <span class='ocrx_word' id='word_1_173' title='bbox 74 1561 288 1607; x_wconf 89' lang='lat' dir='ltr'>mentum,</span> <span class='ocrx_word' id='word_1_174' title='bbox 319 1554 452 1596; x_wconf 87' lang='lat' dir='ltr'>creati</span> <span class='ocrx_word' id='word_1_175' title='bbox 479 1553 525 1596; x_wconf 88' lang='lat' dir='ltr'>in</span> <span class='ocrx_word' id='word_1_176' title='bbox 552 1553 724 1597; x_wconf 82' lang='lat' dir='ltr'>Christo</span> <span class='ocrx_word' id='word_1_177' title='bbox 757 1556 861 1596; x_wconf 86' lang='lat' dir='ltr'>Jesu</span> <span class='ocrx_word' id='word_1_178' title='bbox 888 1553 932 1596; x_wconf 92' lang='lat' dir='ltr'>in</span> <span class='ocrx_word' id='word_1_179' title='bbox 964 1554 1167 1612; x_wconf 89' lang='lat' dir='ltr'>operibus</span> <span class='ocrx_word' id='word_1_180' title='bbox 1190 1553 1376 1610; x_wconf 71' lang='lat' dir='ltr'>bonis²3</span> <span class='ocrx_word' id='word_1_181' title='bbox 1397 1570 1417 1593; x_wconf 86' lang='lat'>»</span> 
     </span>
     <span class='ocr_line' id='line_1_21' title="bbox 27 1622 1417 1684; baseline 0.001 -19"><span class='ocrx_word' id='word_1_182' title='bbox 27 1622 162 1680; x_wconf 87' lang='lat' dir='ltr'>gratia</span> <span class='ocrx_word' id='word_1_183' title='bbox 176 1632 239 1667; x_wconf 89' lang='lat' dir='ltr'>est</span> <span class='ocrx_word' id='word_1_184' title='bbox 261 1642 269 1668; x_wconf 89' lang='lat'>:</span> <span class='ocrx_word' id='word_1_185' title='bbox 292 1623 412 1683; x_wconf 86' lang='lat' dir='ltr'>quod</span> <span class='ocrx_word' id='word_1_186' title='bbox 434 1632 580 1668; x_wconf 89' lang='lat' dir='ltr'>autem</span> <span class='ocrx_word' id='word_1_187' title='bbox 598 1624 810 1683; x_wconf 85' lang='lat' dir='ltr'>sequitur,</span> <span class='ocrx_word' id='word_1_188' title='bbox 840 1643 860 1666; x_wconf 90' lang='lat'>«</span> <span class='ocrx_word' id='word_1_189' title='bbox 885 1640 984 1684; x_wconf 86' lang='lat' dir='ltr'>quae</span> <span class='ocrx_word' id='word_1_190' title='bbox 1007 1624 1266 1683; x_wconf 83' lang='lat' dir='ltr'>praeparavit</span> <span class='ocrx_word' id='word_1_191' title='bbox 1286 1626 1417 1677; x_wconf 84' lang='lat' dir='ltr'>Deus,</span> 
     </span>
     <span class='ocr_line' id='line_1_22' title="bbox 28 1693 1419 1754; baseline 0.002 -21"><span class='ocrx_word' id='word_1_192' title='bbox 28 1708 49 1733; x_wconf 90' lang='lat'>»</span> <span class='ocrx_word' id='word_1_193' title='bbox 74 1701 124 1736; x_wconf 88' lang='lat' dir='ltr'>ut</span> <span class='ocrx_word' id='word_1_194' title='bbox 155 1693 201 1736; x_wconf 91' lang='lat' dir='ltr'>in</span> <span class='ocrx_word' id='word_1_195' title='bbox 234 1693 318 1738; x_wconf 90' lang='lat' dir='ltr'>illis</span> <span class='ocrx_word' id='word_1_196' title='bbox 352 1693 654 1752; x_wconf 81' lang='lat' dir='ltr'>ambulemus3</span> <span class='ocrx_word' id='word_1_197' title='bbox 684 1713 704 1736; x_wconf 68' lang='grc' dir='ltr'>υ</span> <span class='ocrx_word' id='word_1_198' title='bbox 735 1694 1059 1753; x_wconf 82' lang='lat' dir='ltr'>praedestinatio</span> <span class='ocrx_word' id='word_1_199' title='bbox 1089 1704 1169 1749; x_wconf 82' lang='lat' dir='ltr'>est,</span> <span class='ocrx_word' id='word_1_200' title='bbox 1201 1710 1299 1754; x_wconf 87' lang='lat' dir='ltr'>quae</span> <span class='ocrx_word' id='word_1_201' title='bbox 1329 1694 1419 1737; x_wconf 85' lang='lat' dir='ltr'>sine</span> 
     </span>
     <span class='ocr_line' id='line_1_23' title="bbox 25 1764 1419 1824; baseline 0.001 -19"><span class='ocrx_word' id='word_1_202' title='bbox 25 1764 297 1821; x_wconf 80' lang='lat' dir='ltr'>praescientia</span> <span class='ocrx_word' id='word_1_203' title='bbox 319 1780 408 1809; x_wconf 92' lang='lat' dir='ltr'>non</span> <span class='ocrx_word' id='word_1_204' title='bbox 430 1774 573 1824; x_wconf 83' lang='lat' dir='ltr'>potest</span> <span class='ocrx_word' id='word_1_205' title='bbox 597 1780 686 1809; x_wconf 84' lang='lat' dir='ltr'>esse</span> <span class='ocrx_word' id='word_1_206' title='bbox 713 1784 721 1809; x_wconf 77' lang='lat' dir='ltr'>z</span> <span class='ocrx_word' id='word_1_207' title='bbox 746 1774 888 1823; x_wconf 88' lang='lat' dir='ltr'>potest</span> <span class='ocrx_word' id='word_1_208' title='bbox 911 1774 1057 1809; x_wconf 83' lang='lat' dir='ltr'>autem</span> <span class='ocrx_word' id='word_1_209' title='bbox 1080 1780 1170 1808; x_wconf 88' lang='lat' dir='ltr'>esse</span> <span class='ocrx_word' id='word_1_210' title='bbox 1193 1764 1284 1808; x_wconf 89' lang='lat' dir='ltr'>sine</span> <span class='ocrx_word' id='word_1_211' title='bbox 1313 1779 1419 1823; x_wconf 84' lang='lat' dir='ltr'>prae-</span> 
     </span>
     <span class='ocr_line' id='line_1_24' title="bbox 27 1831 1419 1894; baseline 0.001 -17"><span class='ocrx_word' id='word_1_212' title='bbox 27 1831 314 1879; x_wconf 85' lang='lat' dir='ltr'>destinatione</span> <span class='ocrx_word' id='word_1_213' title='bbox 334 1835 617 1894; x_wconf 83' lang='lat' dir='ltr'>praescientia.</span> <span class='ocrx_word' id='word_1_214' title='bbox 643 1834 1027 1879; x_wconf 82' lang='lat' dir='ltr'>Praedestinatione</span> <span class='ocrx_word' id='word_1_215' title='bbox 1048 1835 1211 1894; x_wconf 88' lang='lat' dir='ltr'>quippe</span> <span class='ocrx_word' id='word_1_216' title='bbox 1234 1838 1348 1878; x_wconf 87' lang='lat' dir='ltr'>Deus</span> <span class='ocrx_word' id='word_1_217' title='bbox 1369 1849 1419 1878; x_wconf 87' lang='lat' dir='ltr'>ea</span> 
     </span>
     <span class='ocr_line' id='line_1_25' title="bbox 27 1904 1415 1965; baseline 0 -17"><span class='ocrx_word' id='word_1_218' title='bbox 27 1905 269 1964; x_wconf 81' lang='lat' dir='ltr'>praescivit,</span> <span class='ocrx_word' id='word_1_219' title='bbox 303 1922 403 1965; x_wconf 88' lang='lat' dir='ltr'>quae</span> <span class='ocrx_word' id='word_1_220' title='bbox 437 1906 579 1950; x_wconf 86' lang='lat' dir='ltr'>fuerat</span> <span class='ocrx_word' id='word_1_221' title='bbox 606 1907 695 1964; x_wconf 84' lang='lat' dir='ltr'>ipse</span> <span class='ocrx_word' id='word_1_222' title='bbox 723 1905 918 1950; x_wconf 88' lang='lat' dir='ltr'>facturus</span> <span class='ocrx_word' id='word_1_223' title='bbox 941 1925 949 1950; x_wconf 91' lang='lat'>:</span> <span class='ocrx_word' id='word_1_224' title='bbox 974 1904 1092 1949; x_wconf 92' lang='lat' dir='ltr'>unde</span> <span class='ocrx_word' id='word_1_225' title='bbox 1127 1904 1292 1949; x_wconf 88' lang='lat' dir='ltr'>dictum</span> <span class='ocrx_word' id='word_1_226' title='bbox 1321 1914 1383 1949; x_wconf 89' lang='lat' dir='ltr'>est</span> <span class='ocrx_word' id='word_1_227' title='bbox 1407 1923 1415 1948; x_wconf 76' lang='grc' dir='ltr'>ε</span> 
     </span>
     <span class='ocr_line' id='line_1_26' title="bbox 28 1976 1420 2036; baseline 0.001 -19"><span class='ocrx_word' id='word_1_228' title='bbox 28 1992 50 2017; x_wconf 86' lang='lat'>«</span> <span class='ocrx_word' id='word_1_229' title='bbox 74 1977 197 2020; x_wconf 89' lang='lat' dir='ltr'>Fecit</span> <span class='ocrx_word' id='word_1_230' title='bbox 220 1992 319 2036; x_wconf 88' lang='lat' dir='ltr'>quae</span> <span class='ocrx_word' id='word_1_231' title='bbox 349 1976 499 2021; x_wconf 88' lang='lat' dir='ltr'>futura</span> <span class='ocrx_word' id='word_1_232' title='bbox 523 1985 626 2020; x_wconf 85' lang='lat' dir='ltr'>sunt</span> <span class='ocrx_word' id='word_1_233' title='bbox 649 1977 681 2019; x_wconf 77' lang='lat'>3.</span> <span class='ocrx_word' id='word_1_234' title='bbox 711 1994 730 2016; x_wconf 86' lang='lat'>»</span> <span class='ocrx_word' id='word_1_235' title='bbox 763 1977 965 2019; x_wconf 85' lang='lat' dir='ltr'>Praescire</span> <span class='ocrx_word' id='word_1_236' title='bbox 997 1983 1144 2018; x_wconf 87' lang='lat' dir='ltr'>autem</span> <span class='ocrx_word' id='word_1_237' title='bbox 1174 1984 1328 2033; x_wconf 88' lang='lat' dir='ltr'>potens</span> <span class='ocrx_word' id='word_1_238' title='bbox 1357 1983 1420 2018; x_wconf 87' lang='lat' dir='ltr'>est</span> 
     </span>
     <span class='ocr_line' id='line_1_27' title="bbox 25 2046 1419 2108; baseline 0.001 -19"><span class='ocrx_word' id='word_1_239' title='bbox 25 2046 155 2090; x_wconf 88' lang='lat' dir='ltr'>etiam</span> <span class='ocrx_word' id='word_1_240' title='bbox 172 2063 272 2108; x_wconf 87' lang='lat' dir='ltr'>quae</span> <span class='ocrx_word' id='word_1_241' title='bbox 289 2048 380 2108; x_wconf 89' lang='lat' dir='ltr'>ipse</span> <span class='ocrx_word' id='word_1_242' title='bbox 399 2063 488 2094; x_wconf 89' lang='lat' dir='ltr'>non</span> <span class='ocrx_word' id='word_1_243' title='bbox 505 2048 633 2105; x_wconf 78' lang='lat' dir='ltr'>facit3</span> <span class='ocrx_word' id='word_1_244' title='bbox 655 2048 765 2091; x_wconf 89' lang='lat' dir='ltr'>sicut</span> <span class='ocrx_word' id='word_1_245' title='bbox 782 2062 1075 2107; x_wconf 84' lang='lat' dir='ltr'>quaecumque</span> <span class='ocrx_word' id='word_1_246' title='bbox 1092 2054 1271 2105; x_wconf 84' lang='lat' dir='ltr'>peccata</span> <span class='ocrx_word' id='word_1_247' title='bbox 1288 2065 1296 2090; x_wconf 93' lang='lat'>:</span> <span class='ocrx_word' id='word_1_248' title='bbox 1316 2046 1419 2106; x_wconf 86' lang='lat' dir='ltr'>quia</span> 
     </span>
     <span class='ocr_line' id='line_1_28' title="bbox 25 2115 1418 2178; baseline -0.001 -18"><span class='ocrx_word' id='word_1_249' title='bbox 25 2117 103 2161; x_wconf 87' lang='lat' dir='ltr'>etsi</span> <span class='ocrx_word' id='word_1_250' title='bbox 127 2127 229 2162; x_wconf 88' lang='lat' dir='ltr'>sunt</span> <span class='ocrx_word' id='word_1_251' title='bbox 259 2118 478 2177; x_wconf 85' lang='lat' dir='ltr'>quaedam,</span> <span class='ocrx_word' id='word_1_252' title='bbox 509 2133 608 2178; x_wconf 87' lang='lat' dir='ltr'>quae</span> <span class='ocrx_word' id='word_1_253' title='bbox 635 2118 695 2161; x_wconf 88' lang='lat' dir='ltr'>ita</span> <span class='ocrx_word' id='word_1_254' title='bbox 726 2126 902 2176; x_wconf 88' lang='lat' dir='ltr'>peccata</span> <span class='ocrx_word' id='word_1_255' title='bbox 929 2126 1045 2171; x_wconf 87' lang='lat' dir='ltr'>sunt,</span> <span class='ocrx_word' id='word_1_256' title='bbox 1082 2125 1131 2159; x_wconf 87' lang='lat' dir='ltr'>ut</span> <span class='ocrx_word' id='word_1_257' title='bbox 1162 2131 1306 2175; x_wconf 89' lang='lat' dir='ltr'>poenae</span> <span class='ocrx_word' id='word_1_258' title='bbox 1332 2115 1418 2159; x_wconf 89' lang='lat' dir='ltr'>sint</span> 
     </span>
     <span class='ocr_line' id='line_1_29' title="bbox 25 2186 1418 2247; baseline 0 -17"><span class='ocrx_word' id='word_1_259' title='bbox 25 2187 153 2231; x_wconf 88' lang='lat' dir='ltr'>etiam</span> <span class='ocrx_word' id='word_1_260' title='bbox 175 2198 471 2247; x_wconf 87' lang='lat' dir='ltr'>peccatorum,</span> <span class='ocrx_word' id='word_1_261' title='bbox 497 2187 614 2232; x_wconf 89' lang='lat' dir='ltr'>unde</span> <span class='ocrx_word' id='word_1_262' title='bbox 637 2188 803 2232; x_wconf 89' lang='lat' dir='ltr'>dictum</span> <span class='ocrx_word' id='word_1_263' title='bbox 827 2197 910 2232; x_wconf 86' lang='lat' dir='ltr'>est:</span> <span class='ocrx_word' id='word_1_264' title='bbox 928 2206 945 2228; x_wconf 91' lang='lat'>«</span> <span class='ocrx_word' id='word_1_265' title='bbox 971 2186 1166 2231; x_wconf 82' lang='lat' dir='ltr'>Tradidit</span> <span class='ocrx_word' id='word_1_266' title='bbox 1184 2186 1281 2231; x_wconf 86' lang='lat' dir='ltr'>illos</span> <span class='ocrx_word' id='word_1_267' title='bbox 1305 2190 1418 2230; x_wconf 88' lang='lat' dir='ltr'>Deus</span> 
     </span>
     <span class='ocr_line' id='line_1_30' title="bbox 27 2257 1413 2317; baseline -0.001 -18"><span class='ocrx_word' id='word_1_268' title='bbox 27 2274 48 2299; x_wconf 89' lang='lat'>»</span> <span class='ocrx_word' id='word_1_269' title='bbox 74 2259 119 2301; x_wconf 93' lang='lat' dir='ltr'>in</span> <span class='ocrx_word' id='word_1_270' title='bbox 137 2259 366 2317; x_wconf 87' lang='lat' dir='ltr'>reprobam</span> <span class='ocrx_word' id='word_1_271' title='bbox 382 2268 572 2302; x_wconf 87' lang='lat' dir='ltr'>mentem</span> <span class='ocrx_word' id='word_1_272' title='bbox 589 2267 639 2302; x_wconf 87' lang='lat' dir='ltr'>ut</span> <span class='ocrx_word' id='word_1_273' title='bbox 656 2259 819 2302; x_wconf 80' lang='lat' dir='ltr'>faciant</span> <span class='ocrx_word' id='word_1_274' title='bbox 836 2273 935 2317; x_wconf 87' lang='lat' dir='ltr'>quae</span> <span class='ocrx_word' id='word_1_275' title='bbox 954 2274 1042 2302; x_wconf 91' lang='lat' dir='ltr'>non</span> <span class='ocrx_word' id='word_1_276' title='bbox 1061 2257 1329 2302; x_wconf 83' lang='lat' dir='ltr'>conveniunt</span> <span class='ocrx_word' id='word_1_277' title='bbox 1341 2258 1374 2314; x_wconf 76' lang='lat'>43</span> <span class='ocrx_word' id='word_1_278' title='bbox 1396 2276 1413 2297; x_wconf 86' lang='lat'>»</span> 
     </span>
     <span class='ocr_line' id='line_1_31' title="bbox 24 2328 1417 2388; baseline -0.001 -16"><span class='ocrx_word' id='word_1_279' title='bbox 24 2342 114 2373; x_wconf 91' lang='lat' dir='ltr'>non</span> <span class='ocrx_word' id='word_1_280' title='bbox 135 2329 196 2372; x_wconf 88' lang='lat' dir='ltr'>ibi</span> <span class='ocrx_word' id='word_1_281' title='bbox 220 2339 446 2388; x_wconf 88' lang='lat' dir='ltr'>peccatum</span> <span class='ocrx_word' id='word_1_282' title='bbox 475 2330 552 2373; x_wconf 93' lang='lat' dir='ltr'>Dei</span> <span class='ocrx_word' id='word_1_283' title='bbox 580 2338 660 2383; x_wconf 88' lang='lat' dir='ltr'>est,</span> <span class='ocrx_word' id='word_1_284' title='bbox 691 2328 765 2372; x_wconf 90' lang='lat' dir='ltr'>sed</span> <span class='ocrx_word' id='word_1_285' title='bbox 791 2328 1024 2388; x_wconf 86' lang='lat' dir='ltr'>judicium.</span> <span class='ocrx_word' id='word_1_286' title='bbox 1062 2328 1273 2380; x_wconf 86' lang='lat' dir='ltr'>Quocirca</span> <span class='ocrx_word' id='word_1_287' title='bbox 1304 2342 1417 2386; x_wconf 85' lang='lat' dir='ltr'>prae-</span> 
     </span>
     <span class='ocr_line' id='line_1_32' title="bbox 24 2398 1417 2461; baseline -0.001 -17"><span class='ocrx_word' id='word_1_288' title='bbox 24 2398 253 2446; x_wconf 88' lang='lat' dir='ltr'>destinatio</span> <span class='ocrx_word' id='word_1_289' title='bbox 276 2402 352 2445; x_wconf 89' lang='lat' dir='ltr'>Dei</span> <span class='ocrx_word' id='word_1_290' title='bbox 374 2417 472 2461; x_wconf 84' lang='lat' dir='ltr'>quae</span> <span class='ocrx_word' id='word_1_291' title='bbox 493 2401 540 2444; x_wconf 91' lang='lat' dir='ltr'>in</span> <span class='ocrx_word' id='word_1_292' title='bbox 562 2401 680 2445; x_wconf 87' lang='lat' dir='ltr'>bono</span> <span class='ocrx_word' id='word_1_293' title='bbox 706 2408 794 2455; x_wconf 84' lang='lat' dir='ltr'>est,</span> <span class='ocrx_word' id='word_1_294' title='bbox 821 2400 968 2458; x_wconf 82' lang='lat' dir='ltr'>gratiae</span> <span class='ocrx_word' id='word_1_295' title='bbox 990 2411 1053 2444; x_wconf 86' lang='lat' dir='ltr'>est</span> <span class='ocrx_word' id='word_1_296' title='bbox 1069 2434 1079 2454; x_wconf 86' lang='lat'>‚</span> <span class='ocrx_word' id='word_1_297' title='bbox 1106 2408 1155 2443; x_wconf 88' lang='lat' dir='ltr'>ut</span> <span class='ocrx_word' id='word_1_298' title='bbox 1177 2398 1281 2454; x_wconf 82' lang='lat' dir='ltr'>dixi,</span> <span class='ocrx_word' id='word_1_299' title='bbox 1305 2413 1417 2457; x_wconf 87' lang='lat' dir='ltr'>prae-</span> 
     </span>
    </p>
   </div>
   <div class='ocr_carea' id='block_1_3' title="bbox 27 2499 1410 2598">
    <p class='ocr_par' dir='ltr' id='par_1_3' title="bbox 27 2499 1410 2598">
     <span class='ocr_line' id='line_1_33' title="bbox 71 2499 1410 2545; baseline -0.003 -11"><span class='ocrx_word' id='word_1_300' title='bbox 71 2509 82 2524; x_wconf 88' lang='lat'>¹</span> <span class='ocrx_word' id='word_1_301' title='bbox 114 2504 228 2545; x_wconf 86' lang='lat' dir='ltr'>Ephes.</span> <span class='ocrx_word' id='word_1_302' title='bbox 261 2514 285 2544; x_wconf 84' lang='lat'>1,</span> <span class='ocrx_word' id='word_1_303' title='bbox 323 2503 438 2544; x_wconf 71' lang='lat'><strong>4.-—2</strong></span> <span class='ocrx_word' id='word_1_304' title='bbox 467 2503 513 2535; x_wconf 89' lang='lat' dir='ltr'>ld.</span> <span class='ocrx_word' id='word_1_305' title='bbox 546 2514 588 2543; x_wconf 77' lang='lat'>11,</span> <span class='ocrx_word' id='word_1_306' title='bbox 618 2500 738 2544; x_wconf 83' lang='lat'><strong>9.-·3</strong></span> <span class='ocrx_word' id='word_1_307' title='bbox 774 2502 843 2534; x_wconf 84' lang='lat' dir='ltr'>lsai.</span> <span class='ocrx_word' id='word_1_308' title='bbox 876 2511 950 2541; x_wconf 63' lang='lat' dir='ltr'>xcv,</span> <span class='ocrx_word' id='word_1_309' title='bbox 982 2502 1075 2541; x_wconf 75' lang='lat' dir='ltr'>juxta</span> <span class='ocrx_word' id='word_1_310' title='bbox 1106 2502 1201 2533; x_wconf 82' lang='lat' dir='ltr'>LXX.</span> <span class='ocrx_word' id='word_1_311' title='bbox 1220 2499 1292 2529; x_wconf 73' lang='lat'>--4</span> <span class='ocrx_word' id='word_1_312' title='bbox 1320 2501 1410 2532; x_wconf 83' lang='lat' dir='ltr'>Rom.</span> 
     </span>
     <span class='ocr_line' id='line_1_34' title="bbox 27 2557 127 2598; baseline 0 -9"><span class='ocrx_word' id='word_1_313' title='bbox 27 2567 52 2598; x_wconf 86' lang='lat'>1,</span> <span class='ocrx_word' id='word_1_314' title='bbox 75 2557 127 2590; x_wconf 85' lang='lat'>28.</span> 
     </span>
    </p>
   </div>
  </div>
 </body>
</html>
