1821 3264
257 239 401 268 OPERIS
434 234 611 264 IMPERF.
645 228 809 258 CONTRA
841 225 1009 254 JULIAN.
1043 223 1127 250 LIB·
1164 221 1194 247 1.
1336 205 1420 245 263

96 310 388 353 Aumrs'rmts.
419 303 530 352 Imo,
566 295 665 340 ideo
699 306 826 350 grave
855 291 1013 349 jugum
1051 294 1114 329 est
1143 297 1272 343 super
1313 280 1424 325 filios

39 377 177 425 Adam
191 409 202 430 ,
223 390 246 418 a
265 374 334 417 die
349 371 486 415 exitus
504 367 559 411 de
574 373 725 410 ventre
743 360 889 405 matris
911 358 1099 409 eorum¹‚
1123 354 1225 414 quia
1247 353 1286 396 ei
1305 365 1426 396 cons-

40 458 104 494 tat
137 444 322 505 aequitas
343 440 497 502 judicii
521 457 531 483 ε
555 434 676 496 quod
705 430 887 477 omnino
908 429 1108 488 iniquum
1132 439 1244 478 esse,
1269 423 1303 466 si
1338 436 1428 465 non

41 519 262 565 traherent
280 510 488 572 originale
509 514 755 569 peccatum,
785 516 862 561 per
883 498 1005 559 quod
1026 499 1159 542 homo
1179 492 1360 539 vanitati
1380 492 1431 536 si-

42 588 155 636 milis
175 587 317 632 factus
334 585 440 628 est2.

101 659 265 704 XCIII.
287 658 514 717 hunius.
546 667 564 689 c<
590 645 708 692 Audi
734 658 838 689 sane
865 641 942 685 ubi
963 638 1051 684 vim
1072 637 1279 680 humanae
1300 631 1436 675 liber-

43 731 142 776 tatis
157 726 368 773 ostendit:
387 744 408 766 «
426 725 520 781 Ego
537 718 638 764 veni
653 718 697 761 in
716 715 893 760 nomine
910 710 1049 756 Patris
1064 706 1167 761 mei,
1184 714 1228 749 et
1242 718 1332 747 non
1349 716 1439 746 sus-

47 821 67 844 »
87 799 260 859 cepistis
277 811 369 854 me,
385 795 418 839 si
441 793 548 838 alius
566 788 734 835 venerit
747 787 792 830 in
808 783 987 828 nomine
1000 795 1096 834 suo,
1116 775 1243 821 illum
1261 773 1442 832 accipie-

49 891 70 916 »
91 872 184 917 tis³.
210 872 303 913 »Et
324 868 446 921 item,
472 883 492 910 «v
509 866 597 908 Aut
610 859 740 904 facite
764 857 964 902 arborem
987 852 1167 903 bonam,
1191 856 1235 891 et
1249 844 1444 889 fructum

50 962 70 986 »
91 943 181 1002 ejus
199 941 393 995 bonum,
423 943 500 979 aut
516 933 643 977 facite
661 930 862 975 arborem
881 923 1056 977 malam,
1076 929 1123 964 et
1144 920 1338 963 fructum
1352 916 1446 974 ejus

50 1033 71 1057 »
93 1011 330 1058 malum4.»
351 1010 409 1053 Et
423 1008 574 1060 item,«
597 1003 638 1048 Si
653 1001 760 1046 mihi
780 1014 867 1043 non
888 994 1018 1040 vultis
1035 989 1228 1043 credere,
1244 986 1448 1047 operibus

51 1104 72 1127 »
89 1082 323 1129 credite⁵.»
336 1083 482 1138 Atque
498 1074 702 1120 omnibus
715 1067 1030 1118 vehementius,
1050 1059 1171 1123 quod
1187 1058 1449 1103 dicitinten-

48 1156 215 1201 tionem
241 1165 362 1196 suam
384 1150 578 1192 humana
596 1143 822 1189 voluntate
836 1136 1094 1197 impeditam
1110 1131 1239 1176 fuisse
1259 1148 1268 1173 ι
1286 1147 1306 1170 «
1324 1129 1453 1171 Jeru-

54 1244 75 1268 »
94 1223 244 1275 salem,
259 1219 419 1279 inquit,
445 1214 701 1268 Jerusalem,
725 1210 895 1272 quoties
916 1204 1034 1250 volui
1057 1213 1321 1260 congregare
1343 1196 1453 1241 filios

55 1316 76 1340 »
94 1305 209 1348 tuos,
226 1293 338 1336 sicut
352 1289 511 1347 gallina
525 1285 668 1346 pullos
682 1298 780 1327 suos
794 1281 875 1326 sub
893 1277 982 1322 alas
999 1290 1115 1329 suas,
1130 1281 1173 1316 et
1188 1268 1450 1314 noluistiw»

53 1372 156 1413 Post
169 1362 290 1425 quod
299 1377 386 1406 non
400 1359 612 1418 sequitur,
628 1354 713 1401 Sed
726 1364 765 1398 te
778 1351 955 1396 nolente
969 1345 1123 1403 collegi
1140 1363 1148 1388 ;
1162 1354 1332 1394 verum,
1343 1357 1362 1380 «
1374 1340 1458 1382 Re-

57 1437 314 1496 »linquetur
330 1430 454 1476 vobis
467 1428 623 1473 domus
644 1434 786 1470 vestra
807 1420 1014 1475 deserta⁷3
1028 1435 1048 1458 »
1062 1424 1111 1459 ut
1136 1412 1233 1456 illos
1255 1407 1459 1454 ostendat

55 1523 136 1568 pro
147 1504 264 1550 malo
285 1501 462 1563 quidem
481 1513 610 1558 opere
627 1497 725 1556 jure
744 1490 906 1552 puniri,
929 1487 1004 1532 sed
1019 1486 1073 1529 ab
1087 1481 1333 1527 intentione
1352 1492 1456 1536 pro-

57 1578 150 1639 pria
164 1590 253 1620 non
269 1571 471 1617 debuisse
487 1568 578 1613 ulla
596 1565 849 1611 necessitate
867 1557 1076 1604 revocari.
1097 1553 1164 1599 Sic
1186 1551 1301 1596 enim
1319 1557 1360 1592 et
1379 1562 1458 1607 per

62 1647 324 1706 Prophetam
346 1642 519 1687 locutus
537 1647 628 1682 erat
655 1656 663 1681 ε
693 1655 713 1678 «
739 1635 780 1679 Si
792 1629 1036 1683 volueritis,
1055 1635 1099 1670 et
1126 1621 1347 1668 audieritis
1371 1633 1457 1672 me,

62 1734 194 1779 »quae
210 1717 326 1761 bona
349 1722 454 1758 sunt
469 1705 859 1761 terraecomedetis3
875 1703 908 1746 si
932 1696 1157 1745 nolueritis
1171 1729 1182 1749 ‚
1203 1703 1246 1737 et
1269 1706 1359 1735 non
1381 1705 1462 1733 au-

64 1809 85 1832 »
102 1788 281 1841 dieritis‚
307 1783 474 1843 gladius
494 1796 570 1827 vos
594 1775 834 1824 comedetss.
850 1792 869 1814 »
888 1767 1121 1825 Quomodo
1138 1779 1240 1822 ergo
1262 1772 1312 1806 tu
1346 1760 1463 1804 arbi-

62 1861 196 1906 trium
215 1858 406 1902 liberum
424 1869 515 1898 non
533 1865 680 1910 negas,
701 1846 821 1907 quod
840 1859 930 1888 non
947 1839 1127 1901 quidem
1150 1846 1350 1880 sermone
1366 1840 1459 1883 tuo,

64 1929 140 1976 sed
160 1926 386 1986 Evangelii
410 1921 679 1974 testimonio,
704 1932 833 1963 sensu
857 1922 1003 1959 autem
1028 1918 1129 1963 tuo,
1159 1920 1249 1950 non
1275 1902 1467 1947 liberum

65 1997 389 2062 pronuntiasti?
411 2014 432 2036 »

127 2075 419 2116 Acansnms.
455 2058 779 2123 Ignoscendum
812 2064 900 2109 est,
926 2051 1028 2113 quia
1042 2050 1089 2093 in
1107 2063 1153 2092 re
1176 2044 1366 2090 multum
1386 2040 1468 2084 ab—

69 2143 160 2188 dita
178 2149 228 2185 ut
249 2140 382 2183 homo
400 2134 576 2180 falleris.
602 2130 744 2183 Absit,
765 2136 815 2172 ut
832 2123 1096 2184 impediatur
1113 2118 1166 2163 ab
1180 2114 1358 2161 homine
1374 2126 1470 2156 om-

70 2211 310 2272 nipotentis
340 2217 384 2252 et
416 2214 575 2252 cuncta
607 2197 873 2262 praescientis
904 2192 1105 2239 intentio.
1141 2193 1302 2233 Parum
1337 2183 1391 2227 de
1421 2196 1468 2225 re

70 2293 191 2330 tanta
214 2282 430 2338 cogitant,
452 2276 521 2321 vel
536 2275 576 2319 ei
599 2269 899 2331 excogitandae
919 2281 1010 2310 non
1032 2260 1274 2312 sufficiunt,
1300 2254 1376 2315 qui
1391 2268 1469 2313 pu-

73 2363 168 2399 tant
187 2355 328 2397 Deum
359 2348 706 2406 omnipotentem
741 2337 907 2400 aliquid
938 2334 1076 2388 velle,
1107 2341 1150 2375 et
1183 2328 1360 2373 homine
1397 2324 1468 2367 in-

74 2426 204 2471 firmo
225 2419 539 2482 impendiente‚
556 2431 645 2461 non
662 2427 800 2474 posse.
825 2410 947 2456 Sicut
959 2414 1128 2452 certum
1144 2409 1206 2445 est
1228 2393 1469 2443 Jerusalem

129 2536 136 2551 ¹
160 2526 261 2560 Eccli.
282 2537 336 2566 xz,
359 2536 387 2556 ι.
403 2541 444 2546 ——
457 2530 469 2545 ²
486 2521 568 2554 Psal.
585 2529 690 2560 cuni,
710 2517 741 2558 4.
757 2513 825 2540 -3
842 2516 935 2546 Joan.
952 2521 987 2547 v,
1003 2508 1057 2550 43.
1073 2522 1115 2529 -
1130 2504 1145 2533 4
1160 2502 1271 2535 Matth.
1291 2509 1349 2540 xii,
1368 2497 1467 2530 33.—

79 2584 94 2609 5
109 2587 203 2618 Joan.
225 2594 260 2625 x,
281 2581 334 2616 38.
350 2598 390 2605 —
404 2578 420 2604 6
439 2579 553 2614 matth.
571 2587 662 2617 xxm,
682 2574 735 2616 37.
753 2588 792 2597 —
808 2579 821 2605 7
840 2567 994 2605 lbid.138.
1015 2581 1054 2588 --
1071 2562 1086 2584 ⁸
1103 2561 1173 2594 lsai.
1192 2571 1216 2600 1,
1234 2569 1275 2600 19
1292 2561 1325 2589 et
1340 2564 1391 2587 20,
1464 2557 1471 2563 ·
