1884 3285
448 250 528 289 218
884 259 917 285 s,
953 255 1184 286 Auens-mu
1216 256 1394 285 zmscon

504 323 665 366 LVIII.
691 321 916 365 Jummus.
941 339 962 363 «
986 321 1102 366 Nihil
1117 322 1263 381 itaque
1284 321 1328 365 in
1349 320 1488 366 verbis
1510 322 1616 377 tuis,
1646 332 1820 370 coactus

444 401 494 436 ut
513 391 618 434 dicis
636 390 806 445 timore,
839 390 1041 449 praeterii.
1073 389 1185 444 Quid
1210 390 1322 434 enim
1346 390 1392 433 in
1413 399 1502 435 tam
1525 391 1732 451 elegantis
1751 394 1820 438 in-

446 462 560 522 genii
587 476 756 521 possem
787 477 943 521 pavere
964 462 1255 506 monumentis
1271 496 1282 517 ,
1312 461 1392 504 nisi
1416 459 1529 506 forte
1556 462 1641 507 hoc
1660 462 1818 521 solum,

443 531 563 592 quod
591 533 816 576 horrorem
848 530 903 576 de
929 531 1217 576 obscaenitatis
1250 540 1338 575 tuae
1372 531 1700 591 impugnatione
1726 548 1822 593 per-

443 611 600 662 petlor.
631 619 651 643 »

500 676 759 718 AucsTmt-s.
807 673 850 718 Si
876 687 1039 717 emeres
1061 672 1140 718 ista
1163 672 1356 718 convicia
1373 706 1385 728 ,
1415 671 1649 732 prodigum
1674 681 1718 718 te
1752 673 1822 719 di—

442 758 584 789 cerem
606 762 615 787 :
643 743 773 802 gratis
799 742 879 787 tibi
901 743 1119 803 adjacent',
1144 760 1222 790 cur
1249 759 1338 789 non
1368 743 1428 789 eis
1455 744 1636 800 fruaris,
1661 743 1822 805 quibus
1852 727 1864 797 i

443 812 703 858 maledicum
726 813 919 857 animum
939 815 1075 874 pascis
1096 817 1114 859 i>
1872 851 1884 871 ,

500 885 616 927 LIX.
658 885 884 928 Juumus.
922 903 941 926 α
978 885 1095 929 Audi
1125 885 1255 943 igitur
1286 892 1438 929 eontra
1470 898 1519 928 ea
1540 899 1640 944 quae
1661 882 1823 941 dixisti,
1864 882 1884 947 ἦ

441 954 631 998 breviter
664 972 672 998 :
705 969 795 998 non
832 964 934 999 sunt
972 955 1178 1000 Ecclesiae
1220 955 1444 999 catholicae
1479 963 1654 1015 pectora
1676 988 1688 1010 ,
1727 970 1827 1014 quae
1864 960 1884 1011 ι’

442 1039 582 1069 sermo
611 1033 712 1068 tuus
744 1026 974 1082 convenit,
1000 1027 1034 1070 si
1069 1042 1091 1070 a
1113 1027 1273 1085 pietate
1294 1035 1338 1069 et
1358 1026 1528 1070 ratione
1558 1024 1823 1070 discordant.
1867 1037 1884 1072 u

442 1095 573 1148 Quod
594 1104 831 1156 utrumque
865 1098 1147 1141 committunt
1172 1131 1183 1151 ,
1207 1111 1308 1141 cum
1331 1111 1412 1140 nec
1442 1094 1497 1139 de
1525 1096 1602 1139 Dei
1622 1096 1828 1156 aequitate
1872 1111 1881 1150 ¹.

441 1167 554 1210 bene
576 1167 812 1221 aestimant,
839 1182 918 1211 nec
942 1167 1247 1224 mysteriorum
1264 1201 1275 1222 ,
1298 1182 1398 1227 quae
1419 1166 1709 1211 criminantur
1726 1201 1738 1222 ,
1762 1181 1828 1212 sa·
1868 1182 1884 1215 r1

439 1237 646 1295 pientiam
670 1245 712 1280 et
729 1237 898 1281 divitias
920 1237 1186 1297 intelligunt.
1208 1240 1305 1283 Non
1327 1246 1391 1282 est
1408 1238 1502 1282 haec
1522 1236 1629 1281 fides
1642 1238 1830 1298 antiqui·
1876 1253 1882 1281 ι

440 1315 509 1351 tus
526 1305 684 1351 tradita
706 1316 837 1366 atque
854 1306 1053 1364 fundata,
1078 1309 1157 1352 nisi
1185 1308 1231 1352 in
1257 1307 1449 1353 conciliis
1470 1308 1824 1367 malignantium,
1879 1328 1884 1346 z

439 1376 646 1436 inspirata
679 1392 701 1421 a
731 1376 906 1422 diabolo
931 1412 942 1433 ,
977 1378 1145 1438 prolata
1179 1394 1203 1422 a
1239 1380 1482 1424 Manichaeo
1503 1413 1514 1434 ,
1551 1377 1769 1423 celebrata
1802 1395 1827 1424 a

440 1446 661 1492 Marcione
678 1482 689 1502 ,
715 1450 900 1504 Fausto,
922 1448 1177 1505 Adimanto,
1199 1449 1490 1509 omnibusque
1518 1463 1669 1494 eorum
1698 1448 1828 1494 satel-

440 1518 616 1574 litibus,-
643 1528 685 1563 et
705 1535 823 1564 nunc
851 1535 875 1564 a
903 1530 946 1565 te
968 1521 1014 1565 in
1038 1520 1226 1577 Italiam,
1247 1520 1367 1581 quod
1390 1521 1575 1580 graviter
1596 1521 1824 1579 gemimus,

440 1598 649 1634 eructata.
684 1608 704 1631 »

497 1662 788 1704 Aretrstrmns.
810 1664 904 1713 Quo
922 1676 996 1706 ore
1016 1695 1028 1713 ,
1049 1677 1136 1721 qua
1154 1659 1298 1706 fronte
1320 1659 1555 1705 concilium
1582 1659 1826 1718 malignan-

438 1730 547 1774 tium
570 1729 692 1784 dicis,
718 1731 1047 1775 consensionem
1070 1740 1136 1776 tot
1155 1731 1469 1776 catholicorum
1485 1765 1496 1786 ,
1519 1731 1596 1790 qui
1621 1733 1826 1776 Doctores

438 1800 731 1844 Ecclesiarum
764 1800 946 1846 fuerunt
974 1811 1075 1846 ante
1096 1817 1174 1847 nos
1203 1803 1368 1855 PQuasi
1387 1816 1490 1846 vero
1517 1801 1551 1845 si
1574 1801 1622 1845 in
1641 1801 1826 1847 concilio

437 1872 762 1931 episcoporum,
781 1872 902 1932 quod
922 1889 1012 1918 non
1034 1873 1280 1929 salubriter,
1305 1872 1381 1917 sed
1395 1874 1624 1933 jactanter,
1647 1882 1826 1932 propter

435 1951 597 1986 vestras
629 1943 889 2002 quaestiones
926 1943 1086 1988 debere
1125 1943 1266 1988 dicitis
1300 1944 1587 2002 congregari,
1625 1943 1826 1988 sederent
1882 1977 1884 1981 -

436 2012 624 2070 episcopi
641 2029 751 2072 quos
772 2029 900 2073 supra
918 2016 1176 2068 memoravi,
1203 2023 1253 2057 ut
1272 2014 1378 2058 alios
1400 2013 1613 2067 omittam,
1639 2015 1824 2072 Cypria-

436 2097 518 2126 nus
534 2117 544 2136 ,
568 2082 756 2127 Hilarius
773 2118 783 2138 ,
810 2085 1065 2129 Ambrosius
1083 2120 1095 2139 ,
1121 2085 1353 2144 Gregorius
1372 2119 1383 2141 ,
1415 2083 1610 2139 Basilius,
1635 2086 1824 2129 Joannes

436 2154 974 2214 Constantinopolitanus,
1013 2155 1179 2216 aliquos
1210 2170 1360 2200 eorum
1390 2156 1466 2215 qui
1499 2170 1618 2199 nunc
1645 2164 1824 2200 manent

438 2220 564 2268 facile
585 2225 835 2269 inveniretis
855 2260 865 2280 ,
886 2241 997 2285 quos
1025 2227 1083 2270 eis
1105 2227 1150 2270 in
1177 2226 1375 2271 doctrina
1396 2224 1682 2270 ecclesiastica
1708 2226 1823 2271 anti-

436 2294 584 2353 quitus
620 2294 777 2339 tradita
810 2311 983 2355 aequare
1003 2331 1014 2352 ,
1049 2297 1210 2340 nedum
1243 2297 1448 2356 praeferre
1479 2297 1672 2356 possetis.
1707 2298 1821 2343 Cum

436 2378 539 2424 ergo
560 2366 640 2424 ipsi
654 2375 805 2410 contra
825 2381 901 2411 vos
918 2366 972 2411 de
994 2376 1173 2426 peccato
1195 2367 1391 2425 originali
1410 2368 1634 2427 proferant
1650 2377 1821 2428 apertas

437 2436 660 2496 clarasque
681 2437 941 2493 sententias,
975 2447 1018 2482 et
1045 2453 1152 2497 quas
1174 2437 1306 2497 paulo
1342 2447 1442 2483 ante
1463 2439 1614 2498 posui,
1646 2447 1690 2483 et
1717 2436 1820 2483 alias

436 2506 644 2566 plurimas
665 2528 676 2565 3
701 2508 933 2552 horum-ne
959 2508 1005 2552 in
1026 2508 1241 2552 catholica
1260 2509 1439 2552 veritate
1460 2523 1717 2554 consensum
1739 2523 1820 2553 au-

437 2578 546 2622 detis
578 2578 907 2635 malignantium
947 2578 1164 2638 appellare
1194 2578 1427 2624 concilium
1463 2581 1481 2624 3³
1516 2588 1559 2624 et
1592 2579 1813 2638 cogitatis,
