1884 3285
417 280 498 319 308
843 286 875 310 s.
912 282 1141 310 A‘UGUsTlNI
1174 282 1357 310 EPISCOPI

418 374 439 397 »
462 355 604 398 lutum
626 350 761 409 figulo
782 368 790 394 z
817 348 933 402 Quid
958 348 1060 394 facis
1076 384 1087 404 ‚
1108 349 1208 409 quia
1236 363 1326 393 uon
1350 347 1556 406 operaris,
1582 347 1684 405 quia
1706 361 1794 392 non

418 444 436 466 »
458 423 588 467 habes
615 422 794 465 manus?
824 419 1048 479 Numquid
1076 418 1181 463 dicit
1210 420 1465 476 figmentum
1490 416 1528 460 ei
1549 417 1624 476 qui
1648 432 1692 460 se
1713 417 1798 460 fin-

416 512 437 536 »
461 494 523 538 xit
545 512 554 537 2
581 492 805 550 Sapienter
827 506 896 534 me
915 489 1098 548 finxisti3
1123 490 1191 534 vel
1208 489 1283 548 qui
1300 488 1404 532 dicit
1426 487 1563 546 patri:
1584 485 1701 540 Quid
1719 502 1794 545 ge-

416 583 436 607 »
461 564 655 621 nerabis3
675 572 718 607 et
740 563 862 607 matri
881 581 889 606 :
915 561 1030 614 Quid
1047 562 1290 620 parturies?
1312 560 1423 613 Quia
1445 559 1504 603 sic
1522 559 1627 603 dicit
1648 558 1798 603 Domi-

414 653 435 676 »
461 649 541 679 nus
558 637 673 678 Deus
696 633 827 677 Israel
842 641 1013 676 sanctus
1031 632 1104 691 qui
1126 631 1230 675 fecit
1251 629 1424 675 futura:
1446 632 1714 687 Interrogate
1728 643 1798 673 me

416 723 436 746 »
463 720 540 763 pro
555 703 653 747 filiis
668 703 774 746 meis
794 711 837 746 et
857 701 1046 755 filiabus,
1067 711 1109 745 et
1126 717 1205 761 pro
1224 701 1427 760 operibus
1443 714 1656 744 manuum
1678 713 1798 744 mea-

414 794 434 817 »
461 790 555 819 rum
579 773 784 818 mandate
805 773 935 829 mihi3
955 787 1034 830 ego
1057 771 1141 816 feci
1163 782 1321 817 terram
1345 780 1387 815 et
1416 771 1641 815 hominem
1671 785 1799 829 super

413 863 434 887 »
460 861 577 903 eam3
601 860 680 904 ego
703 860 838 888 manu
855 859 950 887 mea
972 844 1141 887 firmavi
1163 843 1347 899 coelum3
1369 857 1447 900 ego
1463 841 1665 886 omnibus
1687 840 1801 885 side-

413 935 433 957 »
456 915 574 959 ribus
598 914 800 959 mandavi
829 934 836 958 :
862 929 942 972 ego
964 914 1103 958 levavi
1130 929 1227 958 cum
1243 913 1409 973 justitia
1432 928 1575 971 regem
1593 947 1604 966 ,
1637 921 1680 956 et
1702 926 1799 955 om-

414 1004 434 1028 »
460 1002 535 1030 nes
556 986 636 1030 viae
663 986 752 1044 ejus
779 995 930 1041 rectae3
951 985 1021 1029 hic
1045 984 1279 1028 aedificabit
1307 985 1527 1028 civitatem
1561 998 1723 1037 meam,
1757 990 1800 1026 et

414 1075 434 1098 »
455 1057 750 1116 captivitatem
786 1055 937 1114 populi
973 1055 1054 1098 mei
1094 1054 1294 1108 reducet,
1333 1070 1422 1097 non
1459 1069 1561 1097 cum
1592 1053 1770 1112 praemio
1785 1087 1797 1108 ,

415 1147 433 1170 »
459 1143 538 1172 nec
561 1143 661 1172 cum
684 1127 957 1180 muneribus,
984 1126 1092 1169 dixit
1119 1126 1325 1169 Dominus
1351 1125 1539 1169 Sabaoth
1557 1126 1587 1167 ¹.
1610 1143 1630 1165 »

473 1203 762 1242 Auousnmns.
803 1198 845 1241 Si
867 1195 1128 1252 intelligeres
1150 1196 1283 1239 verba
1302 1195 1531 1254 Prophetae
1549 1229 1559 1249 ‚
1581 1194 1800 1252 intellige-

411 1283 476 1311 res
502 1268 560 1311 ibi
585 1281 727 1324 regem
747 1302 757 1320 ,
784 1266 838 1309 (16
861 1281 948 1325 quo
974 1264 1142 1309 dictum
1169 1274 1257 1319 est,
1295 1268 1388 1322 Ego
1418 1264 1557 1309 levavi
1587 1279 1686 1308 cum
1706 1266 1801 1324 jus-

409 1339 503 1383 titia
526 1353 667 1396 regem
686 1372 697 1392 ,
718 1347 761 1381 et
781 1352 930 1381 omnes
952 1338 1033 1380 viae
1052 1337 1143 1395 ejus
1164 1345 1293 1380 rectae
1312 1371 1322 1389 ‚
1343 1337 1462 1379 hune
1484 1351 1574 1379 esse
1594 1335 1803 1380 mediato-

411 1425 502 1453 rem
536 1409 614 1453 Dei
649 1418 692 1452 et
725 1408 953 1452 hominum
990 1408 1215 1451 hominem
1249 1408 1470 1452 Christum
1501 1409 1650 1450 ,Iesum
1680 1426 1689 1451 :
1726 1406 1802 1451 sed

411 1478 670 1536 intelligeres
691 1487 740 1522 ut
756 1476 1068 1536 intelligendus
1092 1489 1168 1522 est.
1195 1480 1345 1537 Neque
1366 1479 1481 1521 enim
1501 1477 1680 1521 audebis
1701 1492 1800 1521 eum

411 1550 553 1595 dicere
578 1548 928 1609 praecedentibus
957 1564 1137 1608 operum
1164 1549 1323 1593 meritis
1352 1549 1514 1592 Filium
1539 1549 1613 1592 Dei
1637 1547 1801 1592 factum

412 1621 467 1665 ab
488 1621 636 1675 initio,
655 1619 700 1663 id
724 1628 808 1674 est,
835 1635 858 1663 a
885 1619 1058 1677 virginis
1088 1629 1227 1664 utero.
1255 1622 1350 1672 Qua
1381 1635 1485 1678 ergo
1511 1619 1646 1678 gratia
1670 1620 1802 1664 homo

411 1690 483 1734 ille
504 1691 559 1735 ab
584 1691 707 1734 initio
724 1689 867 1734 factus
892 1699 956 1733 est
978 1690 1120 1734 bonus
1137 1725 1148 1744 ,
1180 1690 1331 1734 eadem
1355 1691 1490 1748 gratia
1510 1690 1708 1734 homines
1725 1689 1802 1749 qui

411 1770 513 1804 sunt
535 1760 729 1804 membra
750 1761 841 1819 ejus
873 1775 921 1803 ex
944 1759 1064 1804 malis
1084 1761 1198 1803 fiunt
1224 1760 1342 1804 boni.
1370 1759 1488 1812 Quid
1507 1761 1622 1804 enim
1650 1760 1802 1804 dicatis

411 1831 465 1874 (16
484 1830 656 1875 Christo
673 1830 916 1873 secundum
939 1830 1160 1874 hominem
1176 1865 1187 1884 ,
1213 1845 1303 1874 11011
1325 1830 1548 1884 invenitis,
1569 1829 1615 1874 id
1631 1839 1715 1884 est,
1740 1845 1803 1874 se·

411 1899 608 1944 cundum
626 1899 670 1944 id
692 1899 814 1959 quod
831 1900 1026 1944 Verbum
1046 1916 1145 1945 caro
1164 1899 1329 1944 factum
1347 1903 1436 1944 est‘2
1456 1917 1466 1944 :
1493 1899 1613 1960 quod
1635 1899 1708 1944 ille
1725 1900 1802 1959 qui

410 1974 524 2015 Deus
551 1981 663 2026 erat,
688 1981 731 2015 et
752 1974 866 2015 Deus
890 1972 1046 2016 mansit
1074 1982 1117 2016 et
1138 1973 1270 2017 homo
1291 1973 1433 2016 factus
1457 1981 1542 2029 est3
1568 1972 1688 2031 quod
1711 1972 1802 2031 ipse

410 2043 543 2087 homo
576 2058 803 2102 nunquam
832 2044 889 2087 ita
921 2042 1005 2086 fuit
1035 2044 1194 2099 homo,
1220 2053 1269 2087 ut
1299 2059 1388 2088 non
1422 2052 1531 2088 esset
1552 2043 1802 2101 unigenitus

411 2113 488 2157 Dei
511 2113 645 2158 Filius
660 2148 670 2168 ‚
696 2123 874 2172 propter
893 2114 1169 2172 unigenitum
1193 2115 1404 2158 Verbum.
1432 2117 1584 2173 Neque
1615 2114 1730 2157 enim
1753 2122 1803 2158 ut

410 2184 493 2228 hoc
521 2195 656 2239 esset,
684 2200 857 2229 morum
880 2200 1058 2229 suorum
1087 2184 1141 2229 de
1171 2186 1345 2245 propria
1370 2184 1597 2230 voluntate
1619 2186 1800 2229 venien—

409 2255 518 2299 tium
541 2256 703 2299 meritis
725 2256 992 2315 comparavit
1015 2275 1023 2300 :
1051 2255 1124 2299 sed
1141 2291 1151 2309 ,
1173 2256 1287 2301 sicut
1308 2271 1461 2300 verum
1482 2255 1588 2299 dixit
1611 2256 1800 2301 Ambro-

409 2325 495 2370 sius
513 2361 523 2381 ,
549 2326 672 2386 quasi
693 2325 747 2369 de
769 2326 930 2385 Spiritu
953 2336 1080 2370 natus
1101 2326 1308 2370 abstinuit
1327 2342 1349 2370 a
1368 2325 1568 2370 delictoss.
1591 2326 1800 2386 Alioquin

407 2396 648 2441 secundum
672 2412 748 2441 vos
767 2431 777 2449 ‚
803 2395 932 2440 multi
955 2405 1096 2440 essent
1116 2395 1221 2440 tales
1237 2432 1247 2451 ‚
1269 2398 1302 2440 si
1325 2412 1415 2441 esse
1437 2397 1702 2454 voluissent3
1731 2406 1799 2441 at-

408 2483 493 2526 que
515 2477 565 2511 ut
581 2467 653 2512 ille
670 2467 766 2512 talis
783 2483 873 2512 non
888 2467 967 2510 nisi
985 2483 1096 2511 unus
1113 2477 1222 2512 esset
1240 2503 1250 2522 ,
1273 2469 1318 2511 in
1337 2476 1549 2527 potestate
1569 2468 1798 2512 hominum

455 2575 461 2589 ³
486 2569 556 2600 lsai.
579 2580 652 2610 nv,
672 2570 769 2602 8-15.
790 2587 828 2593 —-
847 2577 858 2592 ⁷
879 2573 970 2602 Joan.
997 2581 1028 2608 1,
1055 2570 1103 2612 14.
1123 2568 1190 2592 -3
1220 2569 1366 2603 Ambros.
1387 2571 1418 2603 in
1443 2571 1514 2603 lsai.
1537 2571 1615 2603 Vide
1637 2571 1692 2604 lib.
1722 2582 1732 2603 1
1757 2570 1798 2604 dc

406 2626 542 2667 Nuptiis,
558 2636 628 2668 cap.
651 2624 703 2657 55.
