1884 3285
413 242 495 280 380
836 247 869 277 S.
906 247 1134 278 Arous-rim
1167 251 1346 278 Emscom

411 317 508 361 coeli
527 317 649 371 novi,
667 324 710 359 et
724 324 835 359 terra
855 329 965 359 nova
982 350 991 369 ,
1008 315 1052 358 in
1072 316 1408 375 quibusjustitia
1425 315 1659 360 inhabitat1
1686 334 1695 360 2
1716 325 1791 360 aut

411 403 462 431 ex
478 396 621 430 vestro
638 420 648 439 ‚
673 400 762 444 quo
779 384 980 428 inebriati
998 385 1096 429 estis
1110 420 1120 440 ‚
1145 385 1433 430 meracissimo
1450 385 1666 444 dogmate,
1685 385 1792 430 deli-

410 466 500 501 rate
532 457 576 499 in
603 455 677 500 illo
700 470 833 513 regno
858 455 1070 515 justitiam
1099 456 1299 515 parvulos
1332 456 1554 501 habituros
1585 456 1789 516 quidem,

409 527 484 571 sed
507 527 692 586 propriae
713 524 949 570 voluntatis
981 526 1141 570 meritis
1157 562 1167 582 ‚
1198 543 1287 571 non
1306 526 1465 571 divinae
1495 528 1641 586 gratiae
1662 527 1794 587 largi-

410 607 511 642 tate.
540 597 668 651 Quod
694 597 727 642 si
749 596 890 641 dicere
912 612 1000 641 non
1024 598 1191 642 audetis
1209 633 1219 652 ‚
1245 599 1342 654 (hic
1365 599 1479 642 enim
1502 599 1653 642 merita
1675 614 1794 643 com-

409 668 574 728 parari,
615 668 675 711 ibi
713 676 858 711 autem
896 667 1070 727 praemia
1108 668 1229 712 reddi
1268 668 1486 726 fatemini3
1505 671 1520 726 )
1555 684 1632 713 cur
1669 668 1794 712 fateri

410 739 640 793 dubitatis,
672 739 760 783 sive
783 754 871 783 non
901 738 1053 792 vultis,
1079 739 1136 784 sic
1164 755 1234 784 eos
1258 755 1308 784 ex
1332 741 1470 784 Adam
1493 740 1683 799 potuisse
1713 740 1794 783 ha-

411 810 512 853 bere
546 818 772 868 peccatum
819 809 909 853 sine
946 811 1107 854 meritis
1140 812 1327 870 propriae
1373 809 1611 855 voluntatis
1643 811 1792 865 malae,

409 879 784 939 quemadmodum
818 895 841 923 a
873 880 1045 925 Christo
1079 882 1294 940 recepturi
1327 890 1428 924 sunt
1458 881 1668 941 justitiam
1707 882 1796 924 sine

412 950 496 994 suis
519 951 681 994 meritis
702 950 1049 1009 praecedentibus
1067 951 1302 996 voluntatis
1322 953 1474 996 bonae?

468 1022 565 1065 CII.
602 1023 827 1064 erfflrs,
859 1041 878 1062 «
906 1025 966 1065 Ac
989 1037 1064 1080 per
1086 1022 1193 1076 hoc,
1220 1023 1253 1066 si
1275 1037 1405 1082 quem
1432 1023 1474 1065 in
1499 1022 1628 1065 rebus
1652 1022 1796 1066 adhuc

409 1091 611 1134 humanis
634 1091 778 1135 locum
811 1092 967 1134 veritas
988 1091 1118 1135 habet
1136 1127 1146 1146 ,
1173 1102 1214 1135 et
1242 1107 1329 1136 non
1352 1093 1531 1151 strepitu
1556 1092 1795 1152 iniquitatis

410 1170 525 1206 totus
548 1163 726 1204 omnino
761 1161 949 1205 mundus
979 1162 1231 1217 obsurduit,
1261 1163 1452 1214 ratione,
1476 1163 1793 1222 disputatione,

409 1241 451 1275 et
473 1231 666 1290 Apostoli
698 1231 783 1275 fide
801 1267 810 1285 ‚
837 1241 968 1291 atque
994 1233 1083 1290 ipsa
1107 1234 1198 1293 ejus
1218 1234 1435 1277 sententia
1460 1243 1589 1288 teste,
1610 1232 1797 1292 perdoc-

409 1311 502 1346 tum
519 1317 607 1346 esse
619 1302 842 1356 fatebitur,
865 1303 975 1346 inter
992 1303 1284 1348 Traducianos
1301 1313 1342 1348 et
1361 1303 1607 1349 Catholicos
1623 1312 1798 1347 tantum

410 1387 498 1416 esse
527 1371 757 1416 discrimen
774 1407 785 1428 ‚
811 1383 1025 1432 quantum
1059 1374 1173 1417 inter
1197 1375 1379 1418 Paulum
1410 1385 1453 1418 et
1479 1375 1793 1428 Manichaeum‚

409 1453 625 1501 quantum
659 1444 772 1487 inter
799 1444 1051 1502 sapientiam
1083 1454 1125 1488 et
1159 1445 1385 1490 stultitiam
1405 1480 1415 1500 ,
1441 1454 1655 1504 quantum
1683 1446 1795 1489 inter

411 1513 621 1557 rationem
645 1523 686 1558 et
710 1515 920 1557 insaniam
941 1548 951 1568 ,
977 1524 1191 1573 quantum
1215 1516 1326 1559 inter
1347 1516 1632 1560 constantiam
1657 1515 1796 1560 dicto-

409 1598 504 1626 rum
525 1619 535 1638 ,
577 1593 619 1627 et
641 1599 736 1627 eam
770 1584 1100 1629 fluctuationem
1124 1601 1255 1645 quam
1285 1601 1394 1630 nova
1420 1584 1618 1630 foeditate
1638 1601 1795 1645 perpe-

409 1653 508 1697 teris
522 1688 533 1708 ,
556 1664 603 1697 ut
621 1655 665 1697 in
683 1654 832 1697 iisdem
855 1670 966 1713 pene
984 1655 1176 1700 versibus
1194 1657 1313 1716 quod
1330 1656 1484 1700 dixeris
1500 1671 1628 1715 neges
1645 1691 1655 1712 ‚
1676 1658 1795 1717 quod

408 1724 628 1781 negaveris
651 1740 876 1769 asseveres.
906 1743 926 1766 n

466 1797 757 1839 Amusnms.
794 1798 890 1841 Jam
916 1811 1170 1855 responsum
1194 1807 1256 1841 est
1289 1817 1297 1842 :
1327 1813 1433 1856 rogo
1463 1807 1527 1852 te,
1561 1800 1595 1841 si
1630 1798 1795 1858 aliquid

407 1865 550 1909 dicere
571 1881 659 1910 non
684 1876 828 1926 potes,
856 1877 949 1912 tace
971 1868 1005 1912 si
1028 1878 1172 1928 potes3
1203 1868 1277 1913 sed
1305 1869 1425 1929 quod
1449 1870 1571 1929 pejus
1601 1879 1689 1925 est,
1715 1884 1794 1914 nec

406 1936 489 1980 hoc
513 1946 649 1995 potes.

465 2008 568 2051 CIII
602 2010 828 2052 J17L1ANUS.
866 2010 922 2052 Et
945 2025 1055 2064 non,
1087 2010 1252 2070 inquit,
1279 2011 1389 2054 sicut
1416 2026 1493 2070 per
1523 2025 1660 2054 unum
1688 2026 1792 2070 pec-

407 2086 599 2131 cantem,
625 2079 684 2122 ita
705 2088 766 2122 est
786 2088 828 2123 et
851 2078 1016 2123 donum
1045 2099 1053 2124 :
1077 2096 1176 2124 nam
1195 2080 1409 2141 judicium
1432 2096 1482 2124 ex
1509 2096 1597 2125 uno
1618 2082 1663 2124 in
1691 2097 1792 2126 con-

405 2147 778 2205 demnationem2,
806 2151 940 2208 gratia
969 2160 1111 2195 autem
1144 2168 1193 2195 ex
1218 2152 1363 2196 multis
1385 2152 1552 2197 delictis
1575 2153 1616 2196 in
1635 2153 1793 2213 justifi-

403 2219 633 2262 cationem.
659 2239 678 2260 «
700 2220 869 2272 Quibus
888 2221 1082 2280 Apostoli
1101 2222 1241 2265 verbis
1259 2222 1462 2267 admoves
1479 2224 1791 2282 expositionem

404 2297 522 2333 tuam
541 2290 599 2334 ita
616 2305 660 2334 se
683 2290 913 2334 habentem
940 2310 949 2336 :
976 2311 995 2332 »
1020 2295 1083 2335 Ex
1103 2308 1190 2337 uno
1209 2309 1332 2351 ergo,
1359 2293 1490 2353 quid,
1514 2295 1657 2354 inquis
1674 2329 1684 2349 ‚
1708 2295 1789 2338 nisi

403 2358 597 2404 delicto?
616 2362 727 2414 Quia
748 2363 945 2420 sequitur
961 2397 971 2416 ‚
996 2363 1141 2407 Gratia
1165 2374 1310 2407 autem
1341 2380 1391 2407 ex
1411 2365 1559 2408 multis
1579 2364 1784 2409 delictisss.

404 2430 558 2475 Dicant
579 2431 648 2475 isti
671 2432 894 2491 quomodo
924 2448 974 2476 ex
995 2449 1083 2477 uno
1101 2434 1261 2478 delicto
1284 2435 1328 2478 in
1352 2435 1758 2479 condemnationem
1775 2471 1785 2491 ,

403 2499 482 2543 nisi
506 2502 607 2559 quia
636 2503 793 2546 sufficit
823 2502 877 2546 ad
897 2503 1306 2548 condemnationem
1338 2505 1464 2548 etiam
1490 2520 1627 2548 unum
1659 2506 1786 2564 origi-

451 2590 459 2605 ¹
482 2591 500 2615 2
520 2586 602 2616 Petr.
623 2596 670 2623 ιιι,
693 2587 740 2616 13.
757 2603 796 2609 —
813 2593 825 2608 ’ὃ
848 2589 938 2618 Rom.
956 2598 989 2625 v,
1012 2586 1140 2619 16.—3
1157 2588 1236 2620 Vide
1254 2588 1307 2621 lib.
1328 2600 1350 2621 ιι
1368 2589 1408 2621 de
1421 2589 1557 2631 Nuptiis,
1573 2599 1643 2631 cap.
1668 2599 1719 2631 27.
