1821 3264
564 287 833 319 Annon‘rion
841 287 898 316 as.
1327 273 1407 314 491

37 362 298 408 arbitramur
325 357 502 402 defendi
525 369 647 416 posse
677 354 721 397 id
745 353 863 413 quod
896 351 1040 406 idem,
1072 350 1294 395 AEmilium
1322 352 1410 410 jam

35 433 123 478 vita
144 431 346 475 functum
365 428 533 487 poetica
557 425 751 479 fictione,
772 439 871 483 quae
892 421 954 466 illi
983 421 1155 466 videtur
1176 419 1411 465 admodum

36 502 255 561 ingeniosa
276 535 287 555 ,
311 498 461 543 induci
483 504 707 542 asseverat,

95 577 192 619 Jam
229 587 332 617 vero
364 577 613 629 cooptatum
647 566 760 610 inter
793 564 969 608 clericos
997 561 1248 616 Julianum,
1284 570 1327 604 et
1361 561 1414 604 ad

35 645 225 691 Lectoris
249 656 434 695 munus,
460 639 578 699 prius
598 651 731 696 quam
749 635 1000 695 conjugium
1021 633 1148 676 iniret
1165 667 1175 687 ‚
1201 631 1413 676 adscitum

37 732 150 772 esse,
174 714 303 760 docet
325 711 532 757 Paulinus
549 708 639 752 istis
663 708 706 751 in
723 705 999 766 epithalamio
1016 704 1206 749 versibus
1227 722 1234 747 :

234 846 376 879 Clericus
393 852 525 875 uxorein
543 841 666 874 Christo
683 843 832 871 comente
847 839 996 871 decoram

278 902 404 943 Diligat,
420 904 454 931 et
467 898 630 941 pulchram
647 896 764 926 lumine
778 894 881 926 coi-dis
897 898 982 925 amet
996 905 1002 924 :

235 958 421 999 Auxilioque
439 955 497 988 viri
513 953 622 986 divino
638 961 770 984 munere
787 949 904 981 factam

279 1016 396 1046 Lector
409 1009 531 1044 coelesti
548 1010 649 1042 discat
667 1008 707 1040 ab
724 1005 865 1038 historia.

95 1129 164 1173 Ab
185 1129 270 1172 hoc
293 1125 484 1171 Lectoris
506 1121 641 1181 gradu
673 1119 727 1164 ad
749 1118 944 1162 altiorem
967 1121 1191 1175 promotus
1224 1112 1307 1155 fuit
1326 1145 1335 1164 ‚
1372 1126 1419 1154 ac

36 1200 125 1245 sive
146 1213 254 1243 uxor
271 1207 438 1241 naturae
456 1196 544 1255 jam
561 1190 856 1242 concessisset,
875 1188 962 1231 sive
988 1194 1171 1244 uterque
1189 1182 1421 1226 continen-

37 1271 139 1315 tiam
164 1276 401 1322 servarent‚
434 1265 559 1309 illum
584 1271 750 1307 certum
771 1269 834 1303 est
857 1258 1000 1303 olficio
1029 1257 1281 1300 diaconatus
1306 1267 1420 1295 anno

38 1357 166 1401 supra
180 1336 657 1400 quadringentesimum
684 1342 836 1376 octavo
858 1329 924 1373 vel
947 1343 1080 1380 nono,
1098 1341 1186 1386 quo
1204 1324 1313 1383 patri
1330 1324 1420 1381 ejus

40 1412 311 1472 Augustinus
326 1409 507 1467 scripsit,
524 1403 879 1450 adolescentem
891 1400 1035 1444 adhuc
1055 1397 1254 1441 functum
1274 1392 1416 1437 fuisse.

37 1488 90 1530 In
107 1483 181 1528 illa
205 1490 302 1527 101.
321 1477 499 1540 epistola
517 1486 689 1521 sanctus
715 1472 870 1533 praesul
887 1469 1147 1528 singularem
1167 1465 1333 1526 praebet
1355 1462 1421 1507 sui

39 1557 84 1601 in
114 1553 341 1599 Julianum
372 1549 504 1595 studii
538 1546 897 1606 significationem
922 1543 1134 1600 3ejusque
1158 1545 1322 1595 patrem
1355 1549 1424 1578 ro-

41 1635 128 1685 gat.
154 1623 209 1668 ad
231 1638 275 1668 se
293 1621 415 1666 illum
443 1620 488 1663 in
511 1615 689 1677 aliquod
707 1624 877 1673 tempus
892 1611 1039 1657 venire
1050 1608 1216 1669 jubeat.

102 1695 302 1754 Denique
315 1693 432 1736 idem
455 1689 653 1734 Julianus
670 1687 714 1730 in
731 1682 1018 1744 episcopalem
1035 1678 1231 1723 ordinem
1252 1681 1426 1718 evectus

12 1826 20 1834 x
40 1767 139 1812 fuit.
160 1763 381 1811 Namlicet
399 1760 669 1820 Augustinus
692 1771 791 1801 eum
814 1769 927 1813 saepe
949 1752 1106 1812 saepius
1124 1748 1262 1793 filium
1279 1754 1421 1798 vocet,

21 1834 84 1884 ‘in
104 1852 156 1880 eo
175 1846 322 1880 tamen
344 1835 555 1877 honorem
580 1828 774 1888 agnoscit
791 1827 1079 1886 episcopatus,
1102 1834 1203 1865 cum
1238 1815 1426 1874 erumpit

44 1912 88 1954 in
119 1907 239 1952 illam
271 1903 627 1950 exclamationem
657 1918 665 1944 ε
695 1897 736 1943 Ο
771 1898 983 1956 frontem
1009 1891 1427 1951 qualiumcumque

49 1975 396 2041 episcoporum!
399 1978 461 2019 Ac
473 1981 680 2034 praeterea
694 1968 919 2029 epistolam
933 1967 987 2010 ad
1004 1961 1427 2008 Thessalonicensem

42 2051 277 2097 antistitem
312 2046 475 2092 ,Iuliani
509 2043 639 2088 solius
668 2057 757 2086 non
777 2054 882 2094 esse,
909 2037 983 2081 sed
999 2036 1079 2095 ipsi
1108 2048 1207 2078 cum
1232 2029 1427 2090 plurimis

46 2120 284 2179 Pelagianis
321 2116 532 2178 episcopis
556 2125 849 2171 ¹communem
883 2108 1002 2152 dicit.
1039 2105 1154 2158 Quin
1176 2103 1305 2146 etiam
1338 2100 1427 2158 ipse

43 2193 242 2238 Julianus
271 2188 558 2234 Turbantium
581 2185 848 2244 episcopum,
873 2180 944 2224 cui
965 2178 1153 2238 primum
1176 2188 1302 2218 suum
1319 2185 1428 2230 opus

43 2266 86 2308 in
110 2262 403 2321 Augustinum
426 2255 718 2315 nuncupavit,
746 2253 920 2296 fratrem
945 2248 1157 2293 nominat.
1182 2242 1427 2302 Prosper'in

43 2334 262 2380 Chronico
300 2331 354 2374 ad
392 2343 556 2373 annum
591 2331 690 2370 439ι
733 2322 951 2367 meminit}
973 2316 1246 2378 episcopatus
1288 2311 1426 2356 eidem

46 2405 220 2450 Juliano
238 2438 249 2459 ,
293 2417 374 2446 nec
410 2399 593 2444 dubium
634 2396 739 2455 quin
778 2401 955 2452 propter
996 2387 1189 2432 haeresim
1205 2419 1216 2438 ,
1259 2382 1426 2426 dudum

45 2475 196 2534 erepti.

103 2544 387 2589 Ordinavcrat
413 2556 510 2584 eum
542 2536 823 2582 Innocentius
844 2533 1034 2592 primus,
1061 2529 1123 2572 uti
1153 2529 1369 2570 Mercator
1385 2522 1429 2565 in
1465 2567 1472 2573 ,

48 2614 381 2660 commonitorio
413 2619 560 2655 contra
585 2606 837 2662 Pelagianos
866 2601 1026 2645 scribit.
1053 2599 1135 2642 Cui
1153 2610 1254 2639 vero
1278 2593 1429 2637 Eccle-
