1821 3264
256 244 398 270 OPERIS
431 244 607 271 IMPERF.
643 245 804 273 CONTRA
837 249 1004 276 JULIAN.
1042 251 1123 277 Lm.
1160 253 1206 277 11.
1343 241 1427 281 419

108 312 401 354 Auen-smnus.
437 310 622 362 Quando
656 312 734 355 ista
765 313 939 358 dicebat
968 317 1220 375 Apostolus,
1258 333 1346 362 non
1379 322 1434 364 de

52 380 377 425 circumcisione
396 415 406 434 ,
439 380 507 424 vel
537 383 778 441 praeputi03
811 385 886 428 sed
919 386 974 429 de
1000 387 1226 446 praeceptis
1256 388 1360 446 legis
1391 392 1436 434 in

52 450 211 510 quibus
233 459 296 494 est
313 449 441 493 etiam
457 484 468 505 ‚
496 469 517 491 a
535 453 632 496 Non
653 454 953 512 concupisces¹
971 490 981 510 ,
1008 474 1026 496 >›
1049 458 1205 515 agebat
1225 477 1233 502 :
1256 460 1374 517 quod
1393 471 1436 504 et

30 550 32 552 v
51 522 139 581 ipse
157 521 530 565 commemoravit.
558 521 674 574 Quid
700 524 1073 582 tergiversamini?
1092 528 1257 572 Priores
1275 531 1435 588 peritiS,

52 591 156 636 dum
179 591 410 649 caliginem
433 591 661 635 offunditis
678 593 926 651 imperitis2.

113 663 272 706 CLIII.
312 664 493 706 J11L1AN1
506 680 540 705 ε.
588 680 608 702 «
644 664 739 707 Non
781 678 885 722 ergo
921 679 1000 723 per
1042 664 1181 722 legem
1222 668 1445 724 promissio

56 750 76 773 »
95 732 311 787 Abrahae,
337 740 387 775 ut
405 733 542 775 haeres
563 741 672 775 esset
695 732 864 788 mundi,
889 733 964 777 sed
987 749 1062 792 per
1077 735 1290 793 justitiam
1313 737 1438 793 fidei,

56 820 75 844 »
97 803 139 848 Si
151 803 266 846 enim
275 803 466 862 quisunt
477 801 655 862 exlege,
671 803 865 847 haeredes
877 814 1000 861 sunt,
1020 815 1227 850 evacuata
1241 817 1305 852 est
1318 808 1442 864 fides,

56 892 75 916 »
93 872 314 917 destructa
332 882 395 917 θεῖ
410 873 648 933 promissio.
668 876 757 917 Lex
770 874 888 917 enim
902 875 1010 918 iram
1026 886 1229 934 operatur
1247 897 1257 922 ι
1276 878 1350 922 ubi
1367 894 1445 922 au-

0 942 3 946 ’
55 961 74 985 >i
94 953 181 987 tem
199 959 287 988 non
305 953 368 988 est
383 944 476 998 lex,
505 958 587 987 nec
611 943 951 1002 praevarieatioss.
979 944 1084 989 Ideo
1105 960 1157 988 ex
1177 946 1284 1001 fide,
1311 956 1360 991 ut
1376 963 1445 991 se-

9 1042 11 1044 ·
56 1032 75 1055 »
93 1014 287 1058 cundum
305 1015 484 1071 gratiam
502 1014 629 1057 firma
650 1014 702 1057 sit
721 1015 946 1073 promissio
964 1016 1082 1059 omni
1100 1018 1278 1071 semini,
1298 1033 1387 1062 non
1405 1019 1445 1062 ei

57 1103 77 1126 »
96 1094 268 1129 tantum
285 1084 406 1144 quod
428 1100 478 1128 ex
498 1084 594 1143 lege
616 1095 679 1129 est
698 1120 708 1139 ,
730 1085 803 1128 sed
822 1085 942 1144 quod
966 1101 1017 1129 ex
1040 1086 1128 1131 fide
1147 1096 1209 1131 θεῖ
1232 1088 1444 1144 Abrahae,

56 1175 76 1199 »
93 1157 169 1216 qui
182 1166 245 1201 est
258 1166 380 1216 pater
392 1157 588 1201 omnium
606 1166 820 1213 nostrum,
841 1175 860 1198 »
880 1157 1227 1217 (sicutscriptum
1243 1170 1322 1215 est,
1335 1162 1447 1213 Quia

54 1237 222 1287 patrem
256 1227 493 1272 multarum
527 1229 722 1286 gentium
752 1229 876 1287 posui
908 1231 1030 1287 te4,)
1063 1239 1161 1274 ante
1201 1234 1337 1274 Deum
1374 1233 1446 1276 cui

55 1299 261 1354 credidit,
286 1300 361 1359 qui
384 1299 571 1344 vivificat
593 1309 812 1353 mortuos,
838 1309 882 1344 et
897 1310 1024 1345 vocat
1047 1316 1091 1344 ea
1112 1317 1211 1360 quae
1231 1318 1319 1346 non
1341 1311 1443 1347 sunt

56 1378 263 1430 tanquam
295 1386 395 1430 quae
429 1379 545 1413 sunt.
572 1371 655 1422 Qui
688 1378 844 1428 praeter
864 1385 982 1429 spem
1008 1371 1052 1414 in
1080 1386 1199 1430 spem
1227 1373 1440 1428 eredidit,

52 1449 102 1484 ut
130 1441 253 1484 fieret
274 1451 392 1499 pater
421 1439 654 1484 multarum
680 1440 900 1496 gentium,
935 1440 1176 1484 seeundum
1204 1442 1324 1501 quod
1349 1443 1443 1487 dic—

52 1520 147 1554 tum
165 1521 250 1566 est,
279 1513 346 1556 Sic
368 1511 449 1554 erit
471 1524 618 1554 semen
641 1511 810 1552 tuum5.
837 1512 893 1553 Et
914 1525 1004 1553 non
1027 1511 1267 1554 infirmatus
1288 1512 1333 1555 in
1355 1512 1442 1556 fide

52 1581 340 1627 consideravit
357 1597 515 1640 corpus
540 1596 669 1624 suum
693 1582 783 1640 jam
806 1585 1077 1635 emortuum,
1104 1597 1203 1625 eum
1226 1581 1316 1626 fere
1339 1598 1442 1628 cen-

53 1662 147 1698 tum
173 1668 388 1697 annorum
421 1661 551 1703 esset,
582 1660 626 1695 θῖ
661 1660 904 1696 emortuam
931 1651 1106 1695 vulvam
1131 1655 1244 1696 Sarae
1270 1672 1279 1697 :
1304 1653 1349 1696 in
1372 1670 1440 1697 re-

53 1725 333 1784 promissione.
347 1733 489 1768 autem
505 1722 582 1767 Dei
595 1738 682 1767 non
697 1721 1176 1777 haesitavitdiffidentia,
1189 1723 1264 1767 sed
1274 1725 1437 1768 confir—

53 1804 193 1839 matus
225 1804 290 1840 est
321 1794 408 1837 fide
427 1828 437 1848 ,
474 1792 582 1837 dans
614 1793 794 1850 gloriam
826 1795 945 1849 Deo3
982 1791 1226 1850 plenissime
1265 1795 1401 1838 sciens
1421 1829 1433 1850 ,

52 1865 153 1925 quia
172 1879 462 1924 quaecumque
486 1863 708 1922 promisit,
733 1870 889 1921 potens
910 1871 973 1906 θεῖ
998 1871 1040 1906 θῖ
1062 1862 1235 1922 faeere3
1259 1874 1435 1924 propter

52 1937 171 1996 quod
189 1944 233 1980 et
254 1943 503 1994 reputatum
527 1941 591 1978 est
609 1931 671 1976 illi
693 1931 747 1976 ad
765 1933 992 1992 justitiam.
1018 1951 1037 1974 »

109 2009 401 2050 Acen-smmis.
434 2006 537 2048 Haec
555 2013 596 2047 te
610 2017 950 2047 commemorare
973 2018 1060 2047 non
1085 2004 1235 2062 pudet,
1261 2005 1336 2062 qui
1353 2020 1434 2064 op-

51 2092 219 2136 pugnas
255 2076 434 2135 gratiam
469 2090 553 2133 qua
590 2074 668 2118 ista
706 2074 909 2132 promissa
940 2074 1241 2133 complentur?
1271 2077 1436 2120 Contra

52 2150 191 2192 Deum
213 2147 330 2191 euim
350 2145 608 2205 loquimini,
637 2144 848 2199 dicendo,
873 2146 958 2190 Nos
979 2144 1159 2189 facimus
1184 2164 1193 2190 :
1218 2145 1339 2205 quod
1363 2146 1436 2190 ille

51 2233 94 2262 se
122 2217 341 2262 facturum
369 2231 459 2260 esse
479 2215 716 2274 promisit0.
744 2218 796 2258 In
819 2218 937 2259 Isaac
959 2216 1137 2275 quippe,
1154 2216 1230 2275 qui
1247 2216 1435 2260 Abrahae

53 2289 286 2347 promissus
310 2296 375 2331 est
391 2286 527 2339 filius,
554 2285 599 2328 hi
620 2285 888 2344 praefigurati
909 2295 1033 2340 sunt,
1058 2301 1146 2330 non
1164 2287 1238 2344 qui
1258 2301 1302 2329 se
1323 2286 1438 2344 ipsos

46 2359 200 2417 ιῇυεῖοε,
226 2357 300 2402 sed
313 2371 422 2417 quos
440 2359 553 2400 Deus
576 2354 719 2399 fuerat
739 2354 830 2413 ipse
842 2355 1060 2399 facturus?
1079 2354 1204 2399 Unde
1227 2355 1438 2399 universae

52 2443 128 2487 per
150 2428 412 2486 Prophetam
429 2425 535 2470 dicit
549 2423 753 2470 Ecclesiae
772 2444 781 2469 ;
801 2444 821 2467 «
839 2428 930 2484 Ego
949 2426 1064 2470 enim
1087 2440 1182 2469 sum
1202 2427 1434 2480 Dominus,

100 2536 111 2553 ¹
132 2530 233 2562 Exod.
254 2540 308 2566 xx,
327 2540 377 2571 ¹7·
394 2535 463 2552 ——2
479 2532 573 2561 Deut.
593 2538 625 2568 v,
646 2536 700 2559 21.
716 2526 781 2549 —3
800 2529 890 2559 Rom.
907 2538 955 2566 iv,
976 2527 1014 2560 13
1032 2531 1065 2560 et
1080 2526 1249 2570 seqq.—-4
1266 2529 1345 2560 Gen.
1362 2538 1439 2567 xvii,
1470 2531 1478 2538 ⁴

54 2586 86 2618 5.
99 2603 135 2611 —-
155 2584 168 2609 5
187 2587 235 2619 Id.
254 2596 312 2626 xv,
331 2585 363 2618 5.
379 2583 442 2611 ...6
458 2585 544 2618 Beda
561 2589 595 2617 et
612 2584 736 2625 Florus,
752 2584 792 2616 ad
809 2586 898 2616 Rom.
919 2594 964 2616 ix.
1188 2613 1191 2615 a

1188 2638 1253 2675 27.
