1884 3285
483 226 536 266 86
904 248 934 276 s.
976 251 1200 285 Ancuszrim
1233 261 1410 292 Episcopi

479 306 657 349 serentis
681 318 747 351 est
777 311 899 366 Dei¹‚
925 325 1044 374 Justo
1065 329 1211 366 autem
1234 325 1400 384 judicio
1428 346 1515 375 non
1544 334 1635 380 dari
1660 341 1732 386 cui
1759 357 1816 389 no

477 371 605 416 datur
619 410 630 429 ‚
652 379 753 435 quia
775 395 863 425 non
879 394 942 428 est
968 386 1170 448 iniquitas
1188 396 1304 453 apud
1327 400 1463 444 Deum
1477 405 1494 428 ’Ζ
1514 421 1522 447 :
1545 405 1579 448 si
1598 407 1725 469 hujus
1743 426 1844 472 ergo

463 739 613 771 eorum
635 741 878 778 scrutemur
900 741 1105 796 opuscula
1121 778 1132 798 ‚
1158 748 1234 806 qui
1256 749 1372 808 prius
1398 768 1529 813 quam
1559 758 1638 804 ista
1666 762 1835 812 haeresis

461 796 668 855 oriretur,
699 817 788 846 non
816 805 1064 856 habuerunt
1090 819 1384 866 necessitatem
1415 824 1460 869 in
1484 827 1565 873 hac
1593 828 1758 878 difficili
1778 837 1834 882 ad

456 865 709 914 solvendum
741 878 979 932 quaestione
1007 886 1190 930 versari?
1215 891 1333 949 quod
1363 896 1514 952 procul
1547 898 1683 947 dubio
1713 903 1830 951 face·—

455 948 552 983 rent
567 975 578 995 ‚
603 941 635 985 si
658 948 918 1003 respondere
936 952 1093 1000 talibus
1115 971 1386 1018 cogerentur.
1412 967 1535 1013 Unde
1555 970 1718 1019 factum
1739 987 1803 1023 est
1817 1014 1828 1035 ‚

452 1017 502 1054 ut
541 1009 596 1054 de
633 1015 767 1071 gratia
805 1019 880 1062 Dei
916 1024 1025 1080 quid
1061 1030 1297 1087 sentirent,
1343 1036 1532 1084 breviter
1568 1045 1829 1102 quibusdam

452 1080 710 1140 scriptorum
734 1102 910 1135 suorum
939 1094 1043 1140 locis
1070 1107 1113 1142 et
1135 1108 1405 1150 transeunter
1425 1111 1686 1171 attingerent
1711 1136 1720 1162 ε
1746 1118 1844 1163 im-'

877 1164 883 1170 “
968 1166 975 1172 “
1014 1201 1025 1220 ,
1055 1183 1153 1227 quae
1177 1173 1377 1221 adversus
1405 1179 1599 1228 inimicos
1622 1186 1826 1236 Ecclesiae

449 1220 752 1284 disputabant,
784 1241 826 1274 et
848 1232 894 1276 in
918 1236 1289 1288 exhortationibus
1317 1247 1372 1291 ad
1400 1265 1593 1313 quasque
1614 1257 1793 1306 virtutes
1809 1297 1820 1318 ‚

444 1292 603 1350 quibus
626 1299 716 1342 Deo
745 1301 842 1346 vivo
874 1313 916 1348 et
938 1321 1039 1352 vero
1069 1325 1148 1369 pro
1176 1314 1450 1374 adipiscenda
1482 1325 1568 1369 vita
1590 1337 1749 1375 aeterna
1780 1343 1822 1378 et

443 1377 542 1408 vera
565 1364 770 1414 felicitate
797 1376 994 1421 servitur.
1022 1382 1054 1423 F
1060 1388 1458 1442 requentationibus
1486 1405 1631 1442 autem
1659 1404 1819 1448 oratio-

443 1447 550 1478 num
561 1437 810 1497 simpliciter
823 1449 1056 1505 apparebat
1066 1453 1140 1497 Dei
1151 1458 1286 1512 gratia
1295 1461 1400 1518 quid
1409 1463 1570 1511 valeret
1583 1487 1592 1512 ;
1605 1483 1695 1515 non
1704 1474 1817 1523 enim

439 1517 720 1562 poscerentur
739 1511 794 1557 de
821 1517 910 1561 Deo
932 1534 1030 1578 quae
1051 1524 1247 1585 praecipit
1268 1529 1382 1586 fieri,
1405 1535 1485 1579 nisi
1507 1537 1561 1581 ab
1583 1537 1659 1585 illo
1680 1541 1816 1590 dona-

438 1585 558 1621 retur
580 1588 629 1623 ut
650 1581 816 1629 fierent.

495 1649 702 1696 XXVIII.
741 1655 825 1700 Sed
841 1658 918 1717 qui
934 1666 1155 1710 sententiis
1173 1676 1453 1719 tractatorum
1469 1676 1622 1724 instrui
1640 1683 1809 1742 volunt,

435 1729 606 1776 oportet
629 1732 677 1766 ut
699 1724 829 1770 istum
851 1728 1014 1776 librum
1037 1737 1264 1795 Sapientiae
1279 1776 1290 1796 ‚
1318 1745 1395 1788 ubi
1415 1745 1570 1806 legitur
1597 1771 1606 1796 :

435 1805 456 1829 >›
481 1798 550 1834 tus
573 1802 657 1849 est,
682 1810 737 1839 ne
758 1797 921 1845 malitia
941 1813 1130 1852 mutaret
1152 1809 1420 1860 intellectum
1443 1820 1560 1879 ejus3

430 1859 511 1905 bus
533 1867 836 1914 tractatoribus
856 1881 1122 1934 anteponant
1146 1899 1154 1923 :
1180 1885 1387 1941 quoniam
1407 1889 1488 1934 sibi
1505 1907 1606 1938 eum
1624 1906 1805 1958 antepo—

428 1943 609 1977 suerunt
642 1937 773 1982 etiam
802 1946 1067 2003 temporibus
1101 1953 1286 2009 proximi
1313 1960 1621 2018 Apostolorum
1647 1972 1805 2030 egregii

428 2009 706 2063 tractatores,
727 2011 802 2068 qui
820 2027 919 2057 eum
939 2024 1090 2062 testem
1107 2021 1358 2073 adhibentes
1376 2065 1387 2085 ‚
1413 2033 1520 2078 nihil
1537 2051 1581 2080 se
1597 2037 1804 2087 adhibere

426 2072 508 2116 nisi
531 2073 726 2121 divinum
755 2082 1048 2132 testimonium
1069 2092 1362 2143 crediderunt.
1386 2103 1443 2146 Et
1470 2115 1584 2151 certe
1605 2108 1801 2157 beatissi-

426 2156 546 2187 mum
569 2146 837 2206 Cyprianum
859 2152 1094 2215 disputasse
1115 2175 1309 2224 constat,
1342 2180 1389 2215 ut
1416 2174 1629 2224 celerioris
1651 2185 1799 2230 mortis
1843 2214 1846 2215 ν

425 2213 685 2263 beneficium
718 2226 1069 2287 commendaret,
1101 2249 1124 2278 a
1151 2249 1425 2295 peccatorum
1457 2248 1657 2305 periculis
1689 2255 1797 2315 eripi
1850 2311 1851 2314 Ἰ

420 2298 519 2341 eos,
560 2290 634 2347 qui
667 2290 778 2337 hanc
809 2296 938 2342 vitam
974 2301 1132 2350 finiunt
1160 2307 1206 2352 in
1235 2326 1321 2370 qua
1350 2318 1518 2372 peccari
1549 2331 1704 2379 potest.
1741 2329 1794 2372 In

420 2354 572 2400 eodem
591 2357 703 2405 libro
723 2363 782 2407 ait
803 2364 914 2411 inter
935 2380 1088 2419 caetera
1112 2395 1121 2420 :
1150 2395 1170 2419 «
1190 2380 1279 2424 Cur
1299 2398 1388 2429 non
1409 2401 1508 2433 cum
1531 2391 1703 2440 Christo
1717 2395 1789 2441 fu·

419 2441 439 2465 »
467 2434 614 2484 turus,
646 2440 688 2476 et
720 2433 775 2477 de
802 2438 974 2483 Domini
1001 2443 1310 2502 pollicitatione
1339 2469 1513 2504 securus
1531 2495 1543 2516 ‚
1581 2465 1700 2523 quod
1735 2467 1790 2513 ad

418 2512 439 2537 ν
464 2497 685 2546 Christum
703 2508 887 2565 voceris,
912 2513 1200 2578 amplecteris3
1221 2531 1270 2567 et·
1283 2526 1402 2584 quod
1424 2528 1598 2578 diabolo
1618 2551 1783 2594 careaS,
1837 2555 1839 2559 ⁴

462 2588 468 2603 ¹
492 2584 581 2616 Rom.
603 2597 646 2624 ix,
669 2588 715 2621 16.
733 2608 773 2615 -——
790 2600 801 2615 ²
821 2593 900 2627 lbid.
927 2597 976 2639 14.
991 2616 1032 2623 --
1048 2599 1061 2623 3
1080 2603 1153 2646 Sap.
1173 2615 1215 2646 lv,
1251 2619 1298 2640 11.

1645 1771 1665 1795 t(
1695 1757 1810 1815 Rap-

1573 1856 1585 1877 ,
1613 1841 1632 1866 »
1666 1828 1808 1873 omni-
