1821 3264
0 170 5 275 Ι
250 248 395 274 omnus
427 246 602 272 IMPERF.
637 245 801 271 CONTRA
833 246 1001 273 JULIAN·
1037 246 1119 272 Lis.
1152 247 1182 271 1.
1320 234 1404 271 209

32 325 161 373 quem
188 311 372 370 Alypius
399 308 582 363 detulit,
613 308 788 353 obviare
806 344 816 364 ,
859 325 913 354 ne
955 309 1298 354 confunderetur
1340 322 1407 352 re-

31 381 177 440 scripti
196 382 323 425 series
339 415 350 435 ,
384 378 530 439 paucis
552 377 695 422 adhuc
709 413 720 432 ‚
746 394 884 439 usque
905 378 1011 423 dum
1033 379 1088 423 ad
1114 378 1409 423 testimonium

34 452 249 511 Apostoli,
269 467 357 511 quo
377 450 611 510 plurimum
630 449 707 492 tibi
723 449 876 493 videris
892 450 1081 505 muniri,
1099 465 1239 494 sermo
1257 463 1411 509 perve-

35 523 149 577 niat,
181 519 533 580 respondendum
566 527 642 563 est.
676 518 764 562 Illis
790 534 890 576 ergo
909 554 919 574 ,
955 536 1055 578 quae
1089 535 1218 578 supra
1257 520 1409 579 posui,

0 601 4 668 Ι
35 592 175 638 verbis
198 592 281 636 tuis
304 592 397 635 haec
420 605 519 650 quae
544 597 787 648 sequuntur
813 589 1011 649 adjungis
1032 608 1041 633 ;
1063 607 1083 630 υ
1111 592 1163 633 In
1179 590 1244 633 his
1267 589 1414 649 itaque

0 669 5 730 Ι
36 677 134 722 quae
151 661 444 721 praetermisit,
468 661 551 704 hoc
578 659 724 703 timuit
742 661 778 714 ¹,
805 660 906 719 quia
931 668 1089 703 cuncta
1111 658 1315 704 Ecclesiae
1340 674 1412 703 ca-

0 734 5 792 Ι
37 732 210 778 tholicae
230 741 404 792 pectora
420 729 649 785 convenit,
674 728 895 789 fidemque
916 731 1052 789 ipsam
1072 730 1310 790 antiquitus
1328 739 1417 774 tra-

38 804 171 850 ditam
200 813 330 864 atque
362 801 617 856 fundatam,
652 799 767 845 clara
798 802 989 860 quodam
1013 801 1144 846 modo
1166 816 1273 846 voce
1295 816 1417 846 com-

0 889 4 922 ι
38 873 191 935 pellat,
227 884 270 918 et
302 873 508 918 adversus
541 886 612 916 eos
638 872 1012 916 vehementissime
1043 882 1267 930 permovet
1299 871 1421 931 quod

0 924 4 992 Ι
37 943 241 1000 diximus,
262 945 365 1004 quia
385 941 495 987 nihil
513 942 678 1001 peccati
704 956 792 986 esse
818 942 863 984 in
885 940 1074 999 parvulis
1099 942 1274 996 dicunt,
1300 940 1423 1000 quod

0 994 5 1061 l
36 1014 207 1060 lavacro
240 1012 575 1072 regenerationis
606 1011 825 1056 abluatur.
859 1012 1020 1055 Omnes
1046 1012 1162 1055 enim
1188 1011 1244 1056 ad
1267 1010 1423 1055 Eccle-

38 1091 142 1135 siam
169 1105 259 1134 non
279 1098 456 1148 propter
485 1086 605 1131 aliud
637 1102 736 1132 cum
760 1086 951 1146 parvulis
973 1097 1176 1143 currunt,
1203 1088 1282 1131 nisi
1309 1087 1424 1130 utin

0 1161 3 1193 ί
39 1163 96 1204 eis
125 1159 334 1219 originale
357 1167 585 1218 peccatum
613 1159 892 1216 generatione
920 1159 1071 1217 primae
1097 1158 1333 1203 nativitatis
1358 1164 1425 1200 at-

0 1277 3 1294 [
39 1240 227 1275 tractum
254 1265 264 1285 ,
308 1230 634 1289 regeneratione
680 1227 882 1273 secundae
926 1229 1161 1273 nativitatis
1211 1229 1422 1288 expietur.

0 1300 5 1364 Ι
41 1300 206 1345 Deinde
227 1300 282 1344 ad
304 1309 450 1344 nostra
472 1300 692 1358 superiora
721 1299 853 1344 verba
876 1299 1107 1344 revertitur
1121 1334 1131 1353 ,
1162 1315 1261 1358 quae
1283 1298 1428 1342 nescio

0 1367 5 1447 Ι
42 1386 119 1416 eur
140 1380 320 1430 repetat.
346 1373 432 1414 Eos
464 1378 609 1412 autern
632 1370 708 1429 qui
735 1369 789 1412 de
812 1368 887 1412 tali
909 1370 1217 1413 commixtione
1240 1383 1430 1412 naseun-

0 1451 5 1504 Ι
43 1450 113 1485 tur
129 1477 140 1497 ,
168 1441 352 1486 dicimus
384 1440 554 1485 trahere
577 1438 785 1497 originale
808 1448 1036 1498 peceatum
1059 1461 1069 1496 3
1095 1455 1256 1498 eosque
1282 1439 1337 1482 de
1359 1454 1432 1496 pa-

0 1506 5 1559 l
43 1513 238 1558 rentibus
255 1512 652 1573 qualibuscumque
669 1519 927 1565 nascantur,
953 1525 1042 1554 non
1060 1525 1269 1568 negamus
1287 1508 1432 1553 adhuc

42 1599 131 1629 esse
157 1584 239 1627 sub
264 1582 462 1638 diabolo,
484 1582 564 1625 nisi
587 1590 869 1625 renascantur
891 1581 939 1624 in
960 1581 1149 1626 Christo.
1174 1583 1277 1624 Haec
1300 1580 1432 1624 verba

43 1662 188 1698 nostra
219 1662 262 1697 et
290 1652 422 1712 paulo
450 1660 550 1696 ante
578 1650 761 1695 dixerat.
790 1651 957 1695 Deinde
985 1650 1208 1710 subjunxit
1236 1651 1357 1710 quod
1379 1649 1434 1693 de

44 1723 216 1769 Christo
245 1722 453 1777 diximus,
491 1721 577 1774 Qui
610 1720 665 1764 de
702 1719 853 1764 eadem
889 1735 1012 1764 sexus
1045 1720 1274 1779 utriusque
1311 1734 1435 1763 com-

1 1791 6 1852 Ι
46 1795 252 1839 mixtione
268 1793 386 1838 nasci
400 1791 556 1837 noluit.
578 1791 663 1836 Sed
686 1792 816 1835 etiam
833 1791 903 1835 hic
922 1791 1195 1849 praetermisit
1212 1791 1332 1850 quod
1354 1805 1435 1848 ego

46 1865 169 1924 posui
189 1883 198 1909 2
219 1866 276 1908 Ut
290 1879 367 1922 per
383 1863 472 1922 ejus
489 1861 673 1920 gratiam
695 1861 808 1905 eruti
826 1860 881 1904 de
900 1870 1114 1920 potestate
1137 1860 1432 1913 tenebrarum,

0 1857 6 1997 Ι
46 1936 91 1979 in
122 1949 305 1994 regnum
334 1932 473 1988 illius,
513 1933 588 1992 qui
620 1931 675 1975 de
712 1930 864 1975 eadem
899 1947 1022 1976 sexus
1057 1932 1283 1991 utriusque
1321 1945 1439 1975 com-

48 2007 254 2051 mixtione
285 2005 402 2049 nasci
436 2003 579 2048 noluit
616 2003 947 2047 transferantur.
986 2002 1121 2057 Vide,
1154 2003 1334 2047 obsecro
1366 2010 1436 2055 te,

48 2093 147 2137 quae
169 2087 315 2122 nostra
332 2075 464 2120 verba
492 2075 666 2130 vitavit,
696 2083 907 2134 tanquam
927 2074 1127 2118 inimicus
1149 2074 1328 2118 omnino
1346 2087 1439 2130 gra-

48 2149 121 2193 tiae
134 2149 227 2203 Dei,
245 2163 344 2207 quae
356 2147 476 2191 venit
490 2161 566 2206 per
581 2148 605 2189 J
609 2160 730 2189 esum
744 2145 966 2190 Christum
979 2145 1212 2189 Dominum
1221 2153 1436 2189 nostrum.

52 2219 141 2264 Scit
160 2219 276 2262 enim
298 2218 353 2262 ab
377 2216 451 2261 illa
472 2216 670 2275 Apostoli
686 2216 922 2270 sententia,
949 2231 1036 2275 qua
1059 2215 1146 2259 dixi
1168 2215 1222 2259 de
1243 2218 1334 2259 Deo
1356 2217 1439 2258 Pa-

0 2278 1 2283 *
51 2297 116 2334 tre
143 2308 151 2333 :
185 2307 206 2330 «
232 2288 316 2341 Qui
349 2302 428 2331 nos
455 2287 568 2330 eruit
597 2285 652 2329 de
676 2294 888 2344 potestate
919 2285 1200 2330 tenebrarum
1219 2320 1229 2340 ,
1256 2295 1299 2329 et
1325 2295 1441 2329 tran-

56 2378 75 2401 »
99 2359 222 2404 stulit
248 2360 294 2402 in
317 2372 500 2416 regnum
523 2355 621 2401 Filii
649 2357 869 2401 eharitatis
896 2359 1042 2415 suae²3
1071 2376 1090 2398 n
1123 2356 1440 2415 improbissime

2 2371 9 2529 Ι
55 2440 98 2475 et
113 2430 362 2489 impiissime
376 2427 579 2488 parvulos
600 2428 788 2487 separari
810 2447 819 2473 2
844 2427 943 2472 ideo
965 2428 1118 2486 procul
1142 2427 1279 2471 dubio
1307 2426 1441 2470 verba

0 2503 9 2563 ἰ,
56 2500 136 2545 ista
161 2499 490 2560 praetermittere
523 2513 655 2558 quam
692 2513 853 2557 ponere
888 2498 1058 2542 maluit.
1100 2517 1120 2541 «
1151 2500 1318 2556 Ego-ne
1348 2510 1445 2541 sum

3 2566 9 2599 1
1485 2560 1492 2565 .

5 2666 9 2743 Ι

5 2750 9 2843 Ι

6 3055 12 3178 ἰ

106 2591 115 2609 ¹
135 2584 214 2618 Vide
231 2583 287 2617 lib.
312 2596 322 2617 1
346 2584 387 2617 de
402 2582 538 2627 NuptiiS,
561 2592 633 2625 cap.
663 2591 694 2614 2.
711 2598 752 2606 «-
768 2580 782 2606 3
803 2581 918 2616 Coloss
945 2593 968 2624 1,
992 2581 1041 2614 13.

245 2647 392 2679 cxmn.
1183 2636 1230 2674 14
