1884 3285
422 234 499 271 1255
849 244 882 266 s.
919 237 1024 266 Acci
1039 241 1147 266 sum
1183 239 1360 265 Emscom

416 306 565 364 gabilis
583 305 752 357 veritas,
775 319 861 362 qua
884 316 1014 360 quem
1033 301 1128 345 vult
1149 301 1353 355 obdurat,
1375 302 1465 360 ejus
1487 300 1662 359 quidem
1688 315 1797 359 prae-

414 374 668 418 cedentibus
688 373 847 416 meritis
867 407 877 427 ,
902 372 974 415 sed
1003 387 1102 415 cum
1128 387 1178 415 eo
1202 373 1326 430 cujus
1354 371 1579 414 miseretur
1607 369 1798 428 plerum-

413 459 498 503 que
511 442 829 487 communibus.
846 442 964 486 Sicut
976 441 1164 485 duorum
1181 441 1468 499 geminorum,
1485 453 1671 498 quorum
1684 455 1797 482 unus

396 514 669 566 assumitur,
703 529 816 556 unus
848 511 1128 571 relinquitur,
1167 511 1310 569 dispar
1347 520 1409 554 est
1442 510 1603 563 exitus,
1645 510 1798 553 merita

412 582 659 626 communia
689 601 697 626 :
723 582 767 624 in
787 582 946 642 quibus
967 591 1113 625 tamen
1132 581 1189 624 sic
1208 580 1314 624 alter
1334 594 1488 638 magna
1508 579 1584 622 Dei
1607 578 1798 622 bonitate

412 652 619 696 liberatur
636 687 646 706 ,
679 661 727 695 ut
750 651 857 695 alter
881 650 1001 695 nulla
1023 652 1113 710 ejus
1139 651 1363 710 iniquitate
1384 650 1631 693 damnetur.
1658 651 1795 694 Num-

411 722 518 782 quid
541 723 656 765 enim
679 723 882 781 iniquitas
900 732 958 765 cst
977 721 1095 780 apud
1116 722 1281 764 Deum?
1305 720 1450 763 Absit:
1468 718 1543 762 sed
1566 718 1797 776 investiga·
1854 751 1858 774 r
1878 748 1882 763 ‚

411 792 518 836 biles
535 801 636 836 sunt
654 793 735 836 viae
753 792 899 851 ipsius.
925 795 1077 850 ltaque
1100 790 1437 835 misericordiam
1457 790 1549 848 ejus
1570 788 1613 831 in
1634 788 1700 831 his
1722 789 1798 848 qui
1854 790 1879 816 ·'

409 861 664 917 liberantur,
696 872 739 907 et
762 863 988 907 veritatem
1012 863 1054 906 in
1080 862 1145 905 his
1169 862 1241 921 qui
1268 861 1535 919 puniuntur,
1562 859 1652 902 sine
1673 858 1797 902 dubi·

410 932 572 976 tatione
602 932 829 977 credamus
861 952 869 976 ;
897 948 1039 991 neque
1068 930 1362 975 inscrutabilia
1390 929 1594 982 scrutari,
1627 936 1701 972 aut
1728 929 1796 971 in·
1856 928 1884 988 ,f

408 1001 674 1060 vestigabilia
702 1003 910 1060 vestigare
935 1016 1157 1046 conemur.
1187 1004 1250 1044 Ex
1279 1016 1351 1044 ore
1375 1000 1537 1059 quippe
1564 998 1796 1042 infantium
1857 1033 1859 1047 ⁴

409 1081 452 1117 et
473 1072 727 1117 lactentium
750 1088 871 1116 suam
895 1072 1062 1130 perficit
1084 1070 1257 1114 laudem
1285 1073 1296 1095 ¹
1322 1089 1330 1114 ;
1358 1079 1408 1113 ut
1429 1070 1549 1129 quod
1572 1069 1615 1111 in
1643 1069 1706 1111 his
1734 1069 1797 1111 vi-

408 1142 562 1187 demus
593 1159 782 1202 quorum
817 1143 1117 1186 liberationem
1159 1142 1272 1185 bona
1305 1155 1455 1184 corum
1488 1140 1639 1182 merita
1676 1138 1797 1182 nulla
1857 1135 1884 1183 ἷι

408 1213 664 1272 praecedunt
681 1247 691 1267 ,
714 1222 756 1256 et
774 1214 817 1256 in
835 1213 901 1256 his
919 1227 1107 1272 quorum
1130 1211 1452 1254 damnationem
1474 1210 1666 1268 utrisque
1681 1223 1796 1252 com-

407 1284 556 1326 munia
593 1282 815 1340 originalia
847 1281 937 1326 sola
971 1280 1259 1341 praecedunt,
1296 1280 1379 1324 hoc
1413 1288 1455 1323 et
1485 1279 1529 1322 in
1560 1278 1795 1338 maioribus

407 1354 496 1397 fieri
523 1368 799 1413 nequaquam
825 1354 1002 1397 omnino
1031 1360 1302 1405 cunctemur,
1335 1350 1379 1393 id
1409 1359 1487 1405 cst,
1523 1366 1612 1394 non
1636 1358 1796 1408 putan-

407 1432 470 1467 tes
488 1458 498 1477 ,
523 1422 592 1468 Vel
613 1423 851 1467 secundum
878 1439 953 1466 sua
977 1423 1129 1466 merita
1153 1422 1334 1479 gratiam
1359 1421 1562 1479 cuiquam
1586 1419 1699 1474 dari,
1725 1418 1795 1463 vel

407 1494 487 1537 nisi
503 1493 587 1536 suis
601 1493 761 1537 meritis
774 1507 1040 1553 quemquam
1058 1491 1202 1551 puniri
1220 1491 1307 1534 sive
1323 1505 1444 1549 pares
1462 1490 1537 1549 qui
1551 1490 1794 1533 liberantur

408 1572 540 1621 atque
565 1563 834 1621 puniuntur,
859 1563 946 1606 sive
969 1561 1157 1620 dispares
1179 1561 1369 1604 habeant
1391 1574 1538 1603 causas
1563 1559 1722 1615 malas,
1747 1567 1796 1602 ut

407 1633 481 1691 qui
503 1631 676 1676 videtur
693 1642 803 1676 stare
824 1666 834 1686 ,
855 1631 1000 1675 videat
1019 1646 1072 1674 ne
1089 1629 1216 1674 cadat
1230 1633 1247 1655 ‘²
1265 1650 1275 1684 ς
1296 1638 1339 1673 et
1360 1631 1434 1688 qui
1458 1628 1681 1688 gloriatur,
1704 1643 1794 1672 non

406 1703 451 1745 in
473 1718 517 1746 se
539 1704 647 1760 ipso,
672 1702 748 1746 sed
770 1703 814 1746 in
835 1703 1019 1746 Domino
1042 1701 1249 1760 glorietur
1268 1702 1299 1743 3.

466 1774 626 1815 XXVI.
652 1791 671 1813 «
690 1774 779 1817 Cur
801 1780 946 1815 autem
971 1786 1142 1814 causam
1166 1770 1445 1829 parvulorum
1468 1770 1523 1813 ad
1544 1767 1792 1827 exemplum

405 1842 619 1900 majorum
642 1841 752 1884 sicut
774 1841 956 1885 scribitis
974 1875 985 1895 ,
1010 1856 1097 1884 non
1124 1840 1351 1898 patiuntur
1371 1838 1516 1882 afferri
1537 1838 1749 1892 homines,
1773 1858 1786 1876 »

404 1911 481 1970 qui
508 1920 658 1955 contra
684 1910 938 1969 Pelagianos
962 1926 1051 1955 non
1074 1910 1278 1953 dubitant
1300 1925 1388 1953 esse
1410 1917 1636 1968 peccatum
1659 1908 1792 1966 origi·

405 1980 518 2034 nale,
542 1981 661 2039 quod
684 1995 759 2038 per
778 1996 913 2024 unum
933 1981 1153 2024 hominem
1173 1979 1348 2023 intravit
1364 1979 1409 2022 in
1429 1978 1661 2035 mundum,
1681 1987 1724 2021 et
1741 1992 1793 2020 ex

405 2065 495 2094 uno
516 2065 664 2093 omnes
685 2050 764 2093 isse
785 2050 830 2093 in
855 2049 1262 2093 condemnationem
1283 2050 1297 2072 ⁴
1315 2051 1330 2089 ?
1352 2047 1480 2101 Quod
1503 2057 1544 2091 et
1561 2047 1792 2092 Manichaei

405 2134 494 2163 non
517 2120 764 2178 accipiunt,
789 2119 865 2177 qui
888 2134 974 2162 non
999 2118 1135 2162 solum
1161 2133 1311 2161 omncs
1337 2118 1488 2161 veteris
1512 2118 1790 2161 Instrumenti

408 2190 648 2248 Scripturas
677 2190 721 2232 in
748 2189 837 2232 ulla
867 2190 1122 2233 auctoritate
1150 2204 1236 2233 non
1266 2189 1453 2246 habent,
1484 2203 1634 2232 verum
1662 2188 1792 2232 etiam

406 2275 475 2304 eas
498 2276 597 2319 quae
614 2259 667 2303 ad
688 2262 856 2304 Novum
883 2259 1103 2318 pertinent
1129 2262 1453 2302 Testamentum
1477 2259 1534 2302 sic
1556 2258 1789 2316 accipiunt,

406 2340 456 2374 ut
488 2346 565 2374 suo
591 2330 784 2389 quodam
811 2329 1034 2388 privilegio
1052 2365 1062 2384 ,
1094 2330 1182 2373 imo
1204 2326 1450 2387 sacrilegio,
1482 2329 1601 2388 quod
1639 2327 1794 2372 volunt

405 2410 603 2454 sumant,
636 2400 757 2460 quod
783 2401 942 2444 nolunt
976 2400 1200 2459 rejiciant:
1221 2409 1372 2443 contra
1402 2414 1510 2458 quos
1538 2400 1719 2457 agebam
1746 2398 1792 2441 in

406 2468 526 2513 libris
555 2470 610 2514 de
633 2471 790 2514 Libero
812 2469 990 2514 arbitrio
1010 2504 1021 2523 ,
1048 2469 1164 2513 unde
1187 2470 1252 2513 isti
1276 2467 1402 2512 nobis
1426 2467 1791 2525 praescribendum

455 2554 562 2586 'Psal
590 2565 657 2595 vm,
680 2554 709 2587 3.
733 2560 790 2577 -2
814 2565 825 2586 1
859 2555 931 2587 Cor.
956 2565 987 2593 x,
1014 2563 1062 2586 ι’),
1083 2569 1122 2575 »-
1141 2551 1154 2575 3
1183 2553 1227 2585 ld.
1249 2564 1274 2594 1,
1299 2552 1349 2584 31.
1368 2550 1546 2584 -41z0m.
1571 2563 1604 2592 v,
1628 2560 1665 2584 12
1685 2555 1720 2584 et
1741 2551 1789 2583 16.
