1821 3264
263 260 406 287 ormus
438 259 614 286 rupuar.
650 258 812 286 CONTRA
845 258 1014 287 summ.
1051 260 1134 287 Lm.
1171 261 1201 287 1.
1341 246 1427 287 249

44 339 142 370 eum
165 324 240 384 qui
259 324 433 383 qualem
462 323 623 377 voluit,
657 332 700 366 et
733 324 803 367 cui
825 323 962 368 voluit
998 326 1264 383 Scripturam
1293 325 1424 379 misit,

43 411 173 457 quam
199 396 302 438 mihi
321 397 489 439 missam
508 394 696 439 refutare
719 410 1007 454 susceperam.
1034 395 1117 440 Sed
1136 399 1225 440 Deo
1253 396 1423 453 gratias,

42 465 160 527 quod
187 465 390 509 universo
412 465 493 525 ipsi
522 464 648 531 operi.
671 474 770 519 tuo,
803 465 922 508 unde
944 482 1043 524 quae
1064 465 1204 511 voluit
1225 501 1235 520 ,
1261 467 1372 510 sicut
1389 467 1426 511 ei

43 535 220 597 placuit,
246 535 326 579 iste
346 535 579 594 decerpsit,
600 535 658 578 ita
679 535 864 578 Domino
886 534 1116 594 adjuvante
1139 536 1357 594 respondi,
1376 545 1426 580 ut

44 607 188 652 omnia
233 615 308 650 tua
344 621 442 666 quae
493 613 642 649 contra
694 604 1036 664 antiquissimam
1077 605 1332 650 catholicam
1370 607 1425 649 fi-

43 677 142 721 dem
173 692 310 721 novus
344 676 571 720 haereticus
605 690 796 720 erexeras
821 710 832 730 ,
869 675 1213 720 machinamenta
1246 676 1426 720 subver-

42 756 193 793 terem.

99 818 298 861 LXXIV.
325 818 551 860 Jummns.
581 833 600 856 «
624 816 785 860 Contra
808 815 902 859 haec
925 829 1026 873 ergo
1043 815 1175 860 verba
1193 830 1303 869 mea,
1324 830 1424 875 quae

41 886 255 945 scripseris
269 885 494 929 audiamus
517 887 544 928 ¹.
561 887 690 930 »Non
709 895 773 928 est
789 884 848 928 ita
863 894 911 928 ut
932 884 1137 944 loqueris,
1157 886 1425 945 quicumque

39 958 118 1002 ista
141 957 282 1000 dixisti
309 975 318 1001 z
341 972 428 1001 non
446 966 509 1000 est
525 956 584 999 ita
609 977 620 1013 3
646 955 834 1000 multum
862 954 1044 1010 falleris,
1062 955 1132 1000 vel
1153 955 1304 1001 fallere
1330 971 1424 999 me-

39 1027 186 1071 ditaris
208 1046 216 1070 :
243 1041 332 1071 non
350 1025 534 1070 liberum
557 1041 766 1085 negamus
780 1026 1005 1070 arbitrium
1024 1024 1126 1084 3sed
1144 1026 1177 1069 si
1195 1041 1270 1070 vos
1295 1024 1427 1070 Filius

38 1097 305 1151 liberaverit,
319 1098 376 1141 ait
386 1099 570 1151 Veritas,
582 1106 688 1140 tunc
706 1112 806 1140 vere
822 1096 948 1141 liberi
960 1097 1076 1140 eritis
1086 1098 1117 1140 2.
1131 1099 1342 1141 Huncvos
1356 1097 1427 1141 in-

38 1168 190 1211 videtis
208 1168 520 1221 Liberatorem,
532 1168 691 1227 quibus
706 1167 883 1226 captivis
899 1182 1055 1210 vanam
1068 1167 1278 1211 tribuistis
1290 1166 1426 1210 liber-

38 1247 185 1282 tatem.
213 1242 249 1281 A
270 1254 358 1298 quo
379 1238 494 1281 enim
512 1238 608 1298 quis
620 1233 815 1282 devictus
833 1247 913 1292 est,
930 1238 1042 1281 sicut
1064 1236 1170 1282 dicit
1183 1239 1422 1296 Scriptura,

39 1307 142 1352 huic
166 1316 209 1350 et
232 1322 378 1350 servus
405 1307 603 1351 addictus
634 1316 696 1351 est
713 1309 728 1332 3
749 1323 853 1352 :nec
874 1308 1102 1367 quisquam
1126 1309 1206 1352 nisi
1226 1323 1302 1366 per
1326 1322 1425 1365 gra-

40 1378 140 1421 tiam
161 1377 426 1421 Liberatoris
447 1377 530 1421 isto
552 1376 733 1421 solvitur
755 1377 931 1421 vinculo
950 1377 1184 1431 servitutis,
1206 1394 1229 1422 a
1251 1393 1340 1437 quo
1362 1387 1427 1422 est

42 1447 269 1490 hominum
288 1446 434 1491 nullus
458 1448 677 1491 immunis.
715 1466 734 1488 «
757 1451 838 1490 Per
861 1463 998 1491 unum
1017 1448 1180 1508 quippe
1203 1449 1425 1492 hominem

40 1534 61 1558 »
87 1526 311 1576 peccatum
334 1518 511 1561 intravit
528 1518 573 1560 in
602 1517 818 1560 mundum
840 1551 850 1570 ‚
872 1526 915 1561 et
944 1532 1022 1576 per
1039 1527 1265 1576 peccatum
1291 1533 1422 1571 mors,

41 1607 59 1629 ·»
85 1596 128 1630 et
148 1588 207 1631 ita
229 1589 274 1631 in
297 1603 445 1632 omnes
472 1588 666 1632 homines
690 1588 959 1646 pertransiit,
979 1589 1025 1631 in
1048 1604 1137 1648 quo
1157 1603 1306 1633 omnes
1324 1603 1426 1647 pec-

39 1676 59 1700 »
76 1658 684 1717 caverunt⁴.»Amplissimam
709 1673 798 1702 esse
810 1659 944 1702 nostri
967 1660 1126 1717 negotii
1149 1658 1423 1718 dignitatem,

38 1729 190 1788 utipsa
209 1744 354 1772 rerum
376 1729 665 1773 consideratio
692 1739 734 1773 et
757 1730 960 1789 appensio
984 1731 1167 1785 indicat,
1193 1746 1300 1790 quas
1330 1740 1426 1774 tue·

36 1815 136 1843 mur
155 1835 166 1855 ,
192 1800 251 1844 ita
274 1801 402 1844 etiam
427 1809 566 1844 vester
589 1815 722 1859 pavor
744 1821 754 1857 3
780 1801 855 1860 qui
885 1810 1036 1845 contra
1059 1812 1305 1845 nostrorum
1324 1817 1424 1845 san-

36 1870 211 1928 guinem
232 1904 243 1924 ,
269 1870 552 1929 pecuniarum
582 1870 793 1915 effusione
814 1905 824 1924 ,
850 1871 1157 1915 haereditatum
1191 1871 1390 1930 largitate
1409 1907 1421 1927 ,

35 1955 249 2000 equorum
262 1941 601 1995 transmissione,
622 1940 887 2001 populorum
906 1941 1131 1997 seditione,
1161 1952 1422 2001 potestatum

37 2013 316 2071 corruptione
347 2023 617 2070 pugnantes,
655 2022 697 2056 et
733 2012 863 2056 fidem
895 2023 1077 2057 vestram
1114 2029 1213 2073 quae
1247 2029 1269 2057 a
1297 2014 1424 2058 nobis

35 2083 334 2141 impugnatur,
356 2083 607 2126 erubescitis
631 2084 840 2142 profiteri,
866 2093 909 2128 et
931 2083 986 2128 ad
1005 2094 1162 2128 nostrae
1178 2085 1420 2140 sententiae,

35 2169 145 2213 aqua
162 2154 376 2207 deviastis,
399 2155 529 2198 verba
545 2155 794 2213 confugitis.
821 2173 840 2194 »

94 2228 325 2268 Ans-rmus.
362 2229 448 2268 Aut
482 2226 618 2268 sciens
639 2225 934 2279 calumniaris,
960 2226 992 2269 si
1026 2236 1070 2270 tu
1095 2227 1175 2270 ista
1198 2226 1420 2285 mentiri33

35 2305 108 2340 aut
125 2296 318 2340 nesciens
340 2296 447 2355 quid
470 2296 675 2356 loquaris,
704 2312 802 2340 cum
827 2297 1138 2341 mentientibus
1159 2298 1296 2341 credis
1318 2317 1327 2342 :
1349 2299 1423 2341 sed

31 2367 117 2425 jam
141 2365 240 2408 satis
258 2366 312 2409 sit
329 2365 447 2425 quod
463 2367 658 2425 superius
674 2375 759 2411 tuae
778 2367 972 2420 vanitati,
989 2367 1058 2410 vel
1075 2368 1201 2411 etiam
1220 2367 1423 2425 maligni-

36 2437 112 2480 tati
135 2436 187 2479 ad
210 2438 288 2480 ista
311 2436 529 2496 respondi.

84 2543 92 2559 ¹
113 2537 193 2569 Vide
210 2537 264 2569 lit».
284 2549 307 2570 ιι
324 2538 364 2571 de
390 2538 526 2581 Nuptiis,
548 2549 620 2581 cap.
645 2538 674 2571 3.
694 2556 734 2561 —
751 2545 764 2562 ²
792 2541 884 2572 Joan.
915 2549 984 2579 vui,
1003 2539 1055 2572 36.
1069 2556 1110 2562 —
1128 2537 1140 2562 3
1161 2547 1179 2571 2
1199 2541 1283 2572 Petr.
1312 2550 1349 2577 Π,
1371 2550 1441 2580 19·,

38 2591 106 2623 -4
124 2594 216 2625 Rom.
237 2602 271 2634 v,
294 2601 345 2626 12.
