1884 3285
431 243 514 281 216
870 247 903 276 s.
938 250 1166 278 Arausa-nu
1201 250 1378 278 ariscom

431 316 720 369 voluntatem,
743 314 965 374 quomodo
988 314 1046 358 eis
1069 316 1243 373 prodest
1253 315 1418 375 justitia
1434 316 1592 361 Christi
1606 317 1824 361 nondum*
1880 338 1881 341 ¹

429 384 638 429 caedendi
662 385 921 428 habentibus
939 385 1239 430 voluntatem?
1263 387 1304 431 Si
1325 395 1469 430 autem
1495 387 1704 442 dixeritis,
1723 391 1804 431 Per

429 454 534 499 alios
558 454 742 499 credunt
772 474 779 498 :
806 456 866 499 sic
884 455 1013 499 etiam
1034 471 1110 516 per
1129 456 1258 501 aliurn
1284 466 1586 516 peccaverunt.
1611 460 1669 501 Et
1690 472 1804 517 quo·

428 525 544 569 niam
563 540 713 569 verum
729 535 793 570 est
807 526 926 585 quod
941 542 1017 585 per
1030 527 1133 572 alios
1149 528 1332 572 credunt
1344 563 1354 583 ,
1375 531 1392 586 (
1398 537 1576 587 propter
1589 529 1672 572 hoc
1688 528 1804 571 enim

428 604 471 639 et
499 595 647 640 fideles
675 611 754 655 per
781 605 915 640 totam
945 597 1180 642 Ecclesiam
1205 607 1516 658 nuncupantur
1542 600 1586 656 ι)
1609 597 1806 657 protecto

428 669 649 725 pertinent
670 667 725 711 ad
751 666 861 711 illud
884 668 1005 727 quod
1026 669 1084 713 ait
1115 670 1321 714 Dominus
1347 689 1355 714 :
1391 689 1410 711 «
1437 669 1521 722 Qui
1544 677 1688 713 autem
1717 682 1806 712 non

430 754 450 778 n
482 737 738 792 crediderit,
770 737 1174 785 condemnabitur1.
1205 759 1224 782 n
1256 740 1678 786 Condemnabuntur
1704 753 1808 797 ergo

426 807 458 849 si
486 822 563 865 per
595 806 701 851 alios
733 823 822 852 non
846 808 1047 865 credant,
1084 826 1183 855 cum
1219 827 1294 871 per
1323 826 1365 855 se
1397 811 1510 870 ipsos
1542 825 1630 854 non
1661 808 1808 853 valent

425 877 602 921 credere
622 897 630 921 :
652 877 932 922 condemnari
962 889 1105 924 autem
1127 883 1243 941 juste
1265 879 1388 926 nullo
1409 879 1540 926 modo
1563 887 1748 939 possent,
1775 878 1809 922 si
1862 879 1864 882 ’

427 962 515 990 non
539 948 620 991 sub
640 957 840 1006 peccato,
865 965 914 993 ac
937 964 1012 1008 per
1033 951 1116 994 hoc
1134 961 1177 995 et
1199 953 1279 996 sub
1297 953 1462 1011 peccati
1481 951 1677 1010 principe
1708 963 1809 993 nas-

425 1026 641 1062 cerentur.
659 1022 839 1077 Propter
852 1019 935 1064 hoc
951 1034 1052 1078 ergo
1067 1030 1109 1065 et
1119 1022 1416 1066 exsufflantur.
1436 1024 1672 1064 Removete
1685 1019 1739 1062 ab
1751 1018 1810 1062 eis

425 1087 718 1147 deceptoriam
736 1090 970 1133 vanitatem
992 1100 1178 1135 vestram
1199 1111 1207 1135 :
1229 1092 1354 1135 sinite
1370 1090 1572 1150 parvulos
1589 1090 1735 1134 venire
1755 1087 1809 1133 ad

426 1162 574 1203 Jesum
608 1161 683 1218 qui
705 1159 869 1203 salvum
897 1160 999 1204 facit
1015 1162 1227 1220 populum
1251 1177 1377 1206 suum
1400 1164 1466 1219 (in
1487 1177 1576 1222 quo
1592 1162 1745 1220 utique
1767 1168 1810 1203 et

425 1228 504 1286 ipsi
537 1233 661 1287 sunt)
694 1246 716 1273 a
748 1231 932 1288 peccatis
962 1245 1113 1274 eorum
1129 1234 1161 1275 2.

485 1302 622 1343 LVII.
655 1302 679 1343 J
685 1316 882 1344 tumus.
913 1318 931 1339 «
968 1303 1227 1360 Quanquam
1251 1302 1357 1345 mihi
1372 1336 1383 1357 ,
1399 1311 1449 1346 ut
1464 1301 1519 1346 de
1541 1309 1655 1346 statu
1672 1299 1810 1359 expli-

426 1385 506 1414 can
513 1385 567 1429 po
584 1371 789 1414 immorer
809 1371 1108 1429 parvulorum,
1125 1373 1433 1432 consequentia
1450 1373 1627 1417 rationis
1641 1371 1808 1425 indicit,

424 1456 526 1499 quae
559 1455 624 1483 res
653 1456 728 1484 sua
751 1441 847 1499 lege
873 1442 1126 1500 conjunctas
1148 1443 1286 1487 dividi
1312 1459 1400 1488 non
1439 1443 1554 1488 sinit.
1592 1444 1810 1488 Caeterum

427 1510 595 1555 facilior
619 1520 728 1554 esset
743 1512 911 1570 jactura
933 1514 1226 1569 nascentium,
1253 1515 1286 1558 si
1308 1530 1397 1558 non
1421 1515 1479 1558 eis
1498 1512 1813 1572 compericlita-

424 1590 547 1625 retur
577 1581 669 1640 ipsa
694 1583 905 1641 majestas.
932 1586 1098 1627 Excusa
1115 1584 1247 1643 igitur
1274 1588 1411 1629 Deum
1435 1620 1446 1640 ,
1471 1594 1514 1629 et
1537 1599 1690 1629 accusa
1712 1598 1813 1642 par-

427 1650 580 1695 vulum
602 1669 610 1694 z
626 1651 792 1710 justum
825 1651 1034 1697 doceatur
1055 1653 1128 1697 ille
1147 1654 1267 1713 quod
1287 1654 1414 1711 facit,
1436 1656 1512 1714 qui
1539 1656 1631 1698 sine
1648 1653 1812 1713 justitia

428 1723 542 1765 Deus
564 1736 654 1764 esse
676 1737 765 1766 non
787 1732 950 1781 potest3
975 1733 1017 1767 et
1041 1727 1204 1783 quaevis
1223 1726 1427 1785 suscipiat
1447 1741 1632 1786 persona
1648 1724 1815 1784 suppli-

427 1791 561 1834 cium.
594 1793 812 1836 Caeterum
846 1809 964 1838 nunc
994 1803 1111 1838 extra
1143 1795 1414 1855 sacrilegium
1444 1811 1510 1840 res
1547 1810 1654 1855 quas
1686 1803 1813 1854 putas

430 1875 519 1905 esse
543 1871 761 1907 consertas
785 1898 796 1919 ,
822 1873 976 1909 mutuo
999 1866 1080 1909 sibi
1113 1867 1391 1911 vehementer
1418 1874 1677 1926 repugnant.
1702 1865 1813 1910 Dicis

430 1932 545 1975 enim
559 1933 766 1992 quoniam
788 1938 885 1978 unis
909 1936 1140 1992 mysteriis,
1162 1945 1211 1980 ut
1230 1936 1472 1981 idololatrae
1493 1952 1542 1981 ac
1567 1934 1810 1995 parricidae,

431 2002 692 2046 imbuuntur
713 2013 755 2048 et
778 2005 964 2063 parvuli,
989 2020 1139 2050 omnes
1153 2006 1352 2051 scelestos
1379 2022 1501 2067 posse
1523 2006 1746 2051 convinci.-
1771 2015 1815 2049 et

430 2070 554 2116 addis
577 2089 667 2117 rem
689 2075 830 2119 multo
847 2075 1162 2131 absurdiorem,
1182 2093 1203 2120 a
1226 2078 1481 2121 sacramenti
1496 2077 1626 2136 hujus
1648 2091 1737 2135 quo
1760 2076 1815 2119 de

431 2146 597 2203 agimus
615 2155 792 2190 auctore
813 2145 950 2190 aliena
964 2156 1140 2205 peccata
1158 2147 1464 2192 innocentibus
1485 2146 1705 2206 imputari.
1722 2148 1815 2190 Hoc

432 2226 493 2260 est
505 2218 625 2276 quod
634 2232 829 2276 pugnare
847 2216 950 2271 dixi,
963 2218 1063 2276 quia
1082 2233 1172 2262 non
1188 2220 1303 2278 capit
1317 2233 1462 2262 rerum
1477 2227 1649 2272 natura,
1661 2226 1711 2261 ut
1725 2232 1816 2261 uno

432 2296 627 2346 tempore
644 2296 687 2330 et
705 2286 813 2330 adeo
830 2287 884 2330 sit
905 2287 1143 2331 misericors
1166 2291 1294 2342 Deus,
1319 2298 1369 2333 ut
1387 2289 1561 2348 propria
1578 2288 1815 2347 unicuique

432 2358 658 2402 confitenti
676 2366 853 2416 peccata
869 2358 1090 2402 condonet
1108 2379 1118 2415 3
1137 2367 1179 2402 et
1191 2358 1299 2402 adeo
1311 2358 1514 2413 crudelis,
1525 2368 1576 2402 ut
1592 2358 1815 2402 innocenti

432 2429 644 2487 impingat
680 2428 833 2472 aliena.
860 2431 1028 2473 Horum
1056 2444 1230 2487 prorsus
1261 2444 1360 2473 cum
1394 2429 1575 2473 alterum
1614 2428 1811 2483 dederis,

433 2498 616 2542 alterum
644 2498 778 2542 tulisti
806 2517 814 2542 :
849 2499 883 2542 si
910 2500 1045 2544 donat
1072 2499 1244 2543 veniam
1268 2500 1348 2542 reis
1369 2534 1378 2548 ,
1404 2515 1492 2543 non
1523 2499 1814 2544 calumniatur

480 2589 489 2603 ¹
511 2584 606 2613 Marc.
628 2582 765 2621 xv1,16.
784 2599 821 2605 —-
838 2589 849 2604 ⁷
866 2583 911 2614 ld,
934 2593 964 2612 x.
992 2582 1042 2622 14,
1064 2587 1095 2613 et
1110 2582 1222 2614 Matth.
1243 2594 1267 2622 1,
1294 2590 1346 2615 21.

1875 1947 1884 2068 ...w—-.-
1874 1917 1880 1939 .-
