1821 3264
277 228 420 255 OPERIS
454 228 628 254 IMPERF.
664 228 823 253 CONTRA
858 230 1026 256 JULlAh'.
1063 231 1144 256 LIB.
1183 233 1211 256 l.
1353 222 1431 259 193

57 312 76 336 «
102 292 277 337 Vanitas
299 292 556 347 vanitatum,
582 301 624 336 et
647 292 791 336 omnia
813 295 978 339 vanitas
1005 314 1013 339 ε
1037 312 1136 355 quae
1166 297 1434 341 abundantia

9 382 13 406 ι’
58 383 77 406 »
111 364 297 407 hominis
322 365 365 407 in
398 364 515 408 omni
549 361 697 406 labore
730 378 829 417 suo,
864 380 997 423 quem
1028 367 1118 425 ipse
1146 366 1316 411 laborat
1353 367 1435 412 sul)

8 409 13 466 l
57 452 76 475 n
101 432 190 477 sole
206 437 236 488 ¹,
266 452 285 474 »
311 443 393 478 etc.
420 437 474 477 Et
491 432 560 477 dic
582 433 687 475 mihi
711 449 844 491 quare
866 435 996 478 homo
1020 437 1148 479 etiam
1175 437 1355 480 vanitati
1377 439 1437 481 si-

0 499 12 557 :l
53 503 163 548 milis
184 502 324 547 factus
343 507 446 558 est'2,
468 504 543 563 qui
562 502 698 547 factus
717 502 857 547 fuerat
874 504 1023 549 similis
1045 506 1228 550 veritati.
1250 510 1315 550 An
1336 508 1437 551 hinc

8 603 11 621 l

7 646 11 668 l

7 695 11 712 l

0 571 11 605 ,¹-
53 574 211 633 excipis
234 573 459 633 parvulos‚
486 588 596 632 quos
619 572 815 617 videmus
831 574 1079 628 crescendo,
1097 584 1139 618 et
1158 576 1191 619 si
1208 576 1319 620 bene
1342 593 1438 621 eru-

8 673 11 686 ι
52 644 240 699 diamur,
257 643 542 702 proficiendo,
566 653 650 687 tam
674 658 873 701 magnam
889 646 1102 700 minuere,
1123 661 1221 690 eum
1240 663 1326 706 qua
1345 649 1437 691 nati

6 724 11 755 i
50 723 166 769 sunt,
191 714 450 772 vanitatem3
474 729 554 758 nec
576 729 624 758 ea
656 722 746 758 tota
770 730 912 758 carere
931 750 941 769 ‚
969 716 1048 759 nisi
1072 731 1222 760 omnes
1248 717 1338 762 dies
1361 733 1436 762 va-

5 783 9 832 ὲ
50 785 194 829 nitatis
215 784 337 829 velut
359 785 514 829 umbra
537 784 800 829 transierint.

4 908 7 923 Ι
107 856 336 900 XXXVII.
372 857 597 899 thmmus.
629 873 649 896 «
676 857 778 898 Haec
806 854 938 911 igitur
969 865 1152 914 augusta
1174 858 1331 912 virtus,
1360 873 1434 902 ex-

4 941 8 991 1
49 925 252 985 punctrix
273 927 617 985 uniuscujusque
639 925 893 969 meritorum
916 959 925 978 ‚
951 926 995 969 in
1031 927 1232 984 operibus
1261 927 1440 986 quidem

3 1011 8 1061 1
47 996 244 1054 imaginis
266 996 366 1050 Dei,
392 996 437 1039 id
458 1005 548 1050 est,
574 996 779 1039 humanae
803 995 958 1039 animae
976 1011 1054 1054 pro
1072 1007 1282 1041 creaturae
1305 998 1438 1056 ipsius

46 1065 177 1110 modo
205 1075 248 1109 et
277 1065 440 1110 viribus
466 1066 713 1110 intermicat
746 1086 753 1110 :
783 1066 828 1110 in
851 1066 944 1125 ipso
967 1082 1070 1111 vero
1094 1071 1185 1112 Deo
1204 1103 1214 1122 ,
1241 1069 1437 1112 omnium

3 1123 6 1169 l
47 1152 144 1196 quae
163 1146 264 1180 sunt
288 1151 339 1180 ex
355 1136 492 1181 nihilo
514 1136 757 1190 conditore,
780 1137 991 1182 immenso
1014 1146 1057 1181 et
1079 1137 1196 1182 claro
1211 1154 1286 1197 per
1308 1148 1426 1183 aeter-

47 1222 150 1251 num
182 1208 288 1251 orbe
311 1207 571 1267 resplendet.
599 1208 731 1267 Origo
760 1209 850 1267 ejus
878 1209 1080 1252 divinitas
1104 1219 1189 1264 est,
1215 1219 1318 1254 aetas
1345 1212 1437 1270 ejus

47 1279 262 1323 aeternitas
278 1314 288 1332 ‚
314 1288 358 1323 et
375 1281 591 1324 aeternitas
616 1279 732 1324 ultro
756 1281 864 1324 citro
895 1281 1038 1325 nescia
1059 1280 1128 1324 vel
1151 1281 1346 1325 desinere
1367 1281 1436 1326 vel

46 1350 240 1408 coepisse.
260 1352 314 1394 Ut
329 1365 432 1408 ergo
447 1366 582 1408 genus
596 1352 711 1410 ejus(
724 1367 812 1410 quo
835 1352 1012 1395 nomine
1030 1352 1139 1395 nihil
1161 1352 1279 1396 aliud
1302 1367 1434 1412 quam

46 1421 254 1479 originem
274 1420 459 1480 intelligi
487 1421 587 1466 volo
610 1426 626 1478 )
656 1424 769 1465 Deus
789 1431 852 1465 est
881 1441 889 1465 z
916 1423 974 1466 ita
997 1424 1158 1481 species
1181 1424 1271 1482 ejus
1300 1423 1344 1466 in
1368 1423 1434 1466 le-

46 1506 149 1550 gum
172 1490 521 1549 promulgatione
546 1490 904 1551 judiciorumque
931 1502 1109 1551 apparet
1133 1493 1379 1537 effectibus.
1407 1511 1427 1533 »

102 1564 394 1605 Aucustrmts.
416 1561 457 1606 Si
481 1561 601 1620 origo
620 1562 800 1622 justitiae
822 1565 936 1606 Deus
958 1571 1036 1616 est,
1071 1571 1120 1606 ut
1143 1563 1288 1606 fateris
1304 1597 1314 1614 ‚
1354 1578 1432 1607 cur

43 1632 209 1676 homini
231 1632 286 1675 ab
318 1632 411 1691 ipso
439 1631 531 1677 dari
557 1633 770 1693 justitiam
793 1648 881 1677 non
904 1633 1051 1677 fateris
1073 1669 1082 1687 ,
1109 1643 1151 1677 et
1179 1634 1320 1692 potius
1344 1634 1431 1676 hu-

0 1704 2 1746 l
43 1717 181 1746 manae
202 1702 438 1747 voluntatis
460 1703 683 1746 arbitrium
708 1739 717 1757 7
739 1719 871 1762 quam
910 1704 986 1747 Dei
1019 1703 1214 1758 donum,
1248 1705 1311 1748 vis
1340 1719 1429 1748 esse

0 1756 2 1839 i
36 1773 246 1832 justitiam
273 1794 284 1830 3
308 1782 358 1817 ut
375 1773 428 1817 sis
452 1773 496 1816 in
511 1773 570 1817 eis
583 1773 637 1816 de
653 1774 813 1832 quibus
835 1773 1000 1817 dictum
1023 1783 1085 1817 est
1106 1793 1114 1818 :
1138 1793 1156 1814 «
1175 1777 1428 1832 Ignorantes

0 1844 1 1880 l
44 1861 64 1886 »
90 1844 166 1888 Dei
177 1845 407 1904 justitiam,
434 1855 476 1889 et
498 1860 617 1889 suam
639 1844 834 1889 volentes
850 1845 1128 1900 constituere,
1150 1847 1329 1905 justitiae
1351 1846 1428 1889 Dei

0 1939 1 1945 =
45 1932 65 1955 »
92 1930 180 1959 non
204 1925 307 1960 sunt
323 1916 506 1976 subjecti
531 1918 545 1942 3
567 1918 586 1960 Ρ
617 1934 636 1957 n
662 1915 917 1960 Erubescite
940 1917 1134 1970 tandem,
1161 1917 1355 1970 obsecro,
1386 1925 1429 1960 et

42 1984 96 2029 ab
117 1984 193 2030 illo
211 1987 420 2046 justitiam
448 1987 626 2046 poscite,
653 1987 727 2046 qui
747 1995 825 2041 est,
852 1995 901 2030 ut
923 1985 1048 2030 fateri
1077 1987 1288 2045 compulsi
1311 1987 1426 2042 estis,

45 2055 163 2113 origo
182 2057 373 2116 justitiae.

107 2128 361 2171 XXXVIII.
397 2129 420 2170 J
428 2144 623 2171 emimus.
674 2146 693 2168 «
733 2127 1029 2170 Differentiam
1078 2142 1179 2171 vero
1213 2128 1302 2186 ejus
1340 2143 1430 2172 non

46 2196 234 2240 absurde
265 2196 507 2255 intelligere
529 2211 756 2256 possumus
776 2231 785 2249 ,
819 2197 978 2240 variam
1003 2212 1082 2256 pro
1103 2198 1431 2257 opportunitate

48 2275 291 2326 temporum
305 2266 685 2325 dispensationem.
706 2267 838 2309 Verbi
857 2267 1007 2325 gratia,
1023 2268 1174 2312 hostiae
1196 2268 1250 2311 de
1268 2267 1436 2327 peeori-

48 2336 128 2381 bus
154 2337 200 2381 in
222 2339 378 2380 Vetere
403 2339 677 2381 Testamento
697 2335 871 2380 fuerant
894 2336 1131 2395 imperatae.
1154 2337 1204 2381 Id
1223 2347 1328 2382 tunc
1355 2338 1436 2380 im-

49 2407 167 2466 plere
201 2407 449 2466 pertinebat
481 2407 536 2452 ad
564 2407 850 2451 reverentiam
876 2408 1079 2467 jussionis
1126 2428 1135 2452 :
1176 2424 1294 2452 nunc
1335 2424 1437 2452 vero

52 2477 213 2522 indicta
236 2493 387 2522 eorum
411 2477 697 2523 dissimulatio
719 2478 776 2522 ita
799 2478 927 2521 servit
951 2478 1130 2537 justitiae
1150 2479 1435 2537 praecipienti,

100 2570 107 2586 ¹
128 2563 235 2596 Eccle.
256 2575 278 2603 1,
296 2572 315 2595 2
335 2567 369 2596 et
391 2564 420 2596 3.
440 2580 477 2587 —
495 2570 507 2586 ²
529 2563 606 2596 Psal.
632 2574 737 2601 CXI-111,
758 2563 788 2604 ,ξ
806 2562 988 2594 --3I'101n.
1009 2573 1039 2603 x,
1063 2563 1091 2595 3.

268 2627 417 2658 CXLIII.
1211 2618 1258 2655 13]

2 1204 6 1273 i

1 1306 5 1411 ξ

0 1418 4 1472 i

0 1507 2 1529 ἱ

0 1583 3 1602 l

0 1608 2 1630 l
