1884 3285
398 262 479 300 498
914 265 1182 294 ANNOTATmn
1190 267 1249 293 Es.

395 340 471 380 hac
501 334 599 378 illac
621 333 872 386 erratione8‚
895 331 953 375 ob
981 345 1089 391 quas
1110 346 1215 375 eum
1236 328 1522 391 Fulgentius
1538 365 1553 384 ,
1577 338 1627 374 ut
1647 329 1768 384 dicit,

394 404 600 450 alterum
622 402 763 457 Cain,
788 399 878 446 lzoc
900 409 992 456 est,
1012 399 1274 462 profugum
1289 408 1335 444 et
1352 401 1482 444 omni
1499 398 1600 444 loeo
1613 407 1774 443 extor-

395 491 493 519 rem
529 472 748 533 appellat
768 507 783 527 ,
832 471 971 516 ultimi
1002 471 1178 515 demum
1224 471 1407 530 perfugii
1447 470 1544 515 loco
1579 469 1773 514 viculum

393 543 628 604 quemdam
660 543 705 585 in
740 541 880 587 Sicilia
916 540 1148 585 incoluisse
1167 574 1178 595 ,
1203 540 1279 585 ubi
1309 555 1397 584 suae
1425 549 1552 584 sectae
1577 539 1775 584 homines

392 614 577 659 docebat
603 612 767 657 litteras
792 646 803 666 ,
834 611 975 656 factus
1005 626 1056 654 ex
1087 610 1288 670 episcopo
1314 610 1627 669 ludimagister.
1653 611 1776 654 Hanc

390 684 452 728 illi
474 684 821 742 occupationem,
840 682 962 741 quasi
977 681 1172 726 omnium
1190 681 1374 725 maxime
1395 688 1709 739 congruentem
1731 687 1776 722 et

391 755 481 814 ejus
498 754 544 796 in
562 754 688 797 hasce
716 751 963 810 disciplinas
991 749 1137 796 studio
1153 785 1165 805 ‚
1190 759 1234 795 et
1249 766 1371 796 vanae
1392 751 1540 809 gloriae
1565 763 1699 809 quam
1726 763 1777 792 ex

390 837 539 868 earum
554 821 803 880 cognitione
818 821 1039 880 captabat,
1051 829 1152 866 ante
1166 820 1326 866 multos
1340 835 1475 866 annos
1485 820 1781 865 destinaverat

394 893 676 951 Augustinus.

451 965 548 1007 Huc
579 962 723 1021 adjicit
742 961 971 1019 Vignerius
992 996 1004 1018 ‚
1025 965 1253 1020 postquam
1282 962 1316 1005 is
1349 959 1513 1004 ibidem
1534 960 1679 1004 vivere
1700 957 1780 1002 de-

393 1033 528 1076 siisset
548 1066 559 1086 ‚
586 1031 837 1089 Pelagianos
870 1030 1043 1074 tumulo
1073 1031 1164 1088 ejus
1198 1031 1281 1073 hoc
1313 1019 1501 1087 elogium
1531 1029 1775 1088 scripsisse:

394 1101 453 1146 H
450 1101 493 1145 ic
525 1102 573 1145 in
591 1116 716 1160 paee
737 1101 937 1157 quiescit
962 1097 1189 1144 Julianus
1221 1100 1471 1158 episeopus
1494 1098 1776 1145 catholicus.

393 1173 523 1224 Quod
541 1171 809 1230 epitaphium
833 1185 933 1214 cum
955 1185 1075 1216 nono
1097 1171 1256 1215 saeculo
1279 1172 1409 1215 etiam
1432 1181 1526 1216 tum
1544 1171 1779 1230 legeretur,

393 1240 570 1301 quidam
597 1240 1042 1299 Semipelagianorum
1070 1240 1323 1299 dogmatum
1346 1240 1537 1286 fautores
1558 1240 1675 1285 illius
1691 1255 1783 1284 me-

395 1311 576 1356 moriam
599 1310 826 1354 restituere
857 1310 1002 1355 conati
1025 1319 1141 1354 sunt.
1168 1313 1224 1355 At
1245 1312 1598 1356 demonstrarunt
1619 1309 1779 1355 eruditi

396 1381 605 1425 antistites
638 1380 967 1426 Catholicorum
995 1396 1156 1425 nomen
1188 1396 1416 1441 nunquam
1435 1397 1527 1427 non
1554 1395 1782 1440 usurpasse

394 1451 645 1510 Pelagianos
658 1470 669 1508 3
689 1467 738 1496 ac
752 1450 936 1510 proinde
946 1451 1056 1495 nihil
1072 1451 1302 1510 prohibere
1316 1451 1565 1511 hujusmodi
1578 1450 1775 1505 titulum,

390 1522 626 1580 quominus
650 1520 723 1565 ille
746 1521 792 1565 in
812 1521 967 1565 haeresi
987 1537 1064 1565 sua
1085 1530 1284 1566 mortuus
1305 1522 1534 1567 habeatur.
1559 1521 1708 1577 Obiit,
1730 1529 1781 1565 ut

396 1592 542 1636 scribit
567 1590 817 1635 Gennadius
833 1625 845 1647 ,
866 1592 1106 1650 imperante
1132 1592 1439 1637 Valentiniano
1463 1593 1593 1638 tertio
1607 1627 1618 1649 ,
1639 1593 1778 1638 Cons-

394 1662 517 1707 tantii
542 1661 649 1716 filio,
671 1670 714 1705 et
730 1662 791 1705 sic
812 1670 914 1705 ante
935 1676 1101 1705 annum
1118 1663 1278 1706 Christi
1302 1663 1784 1722 quadringentesimum

396 1731 807 1792 quinquagesimum
819 1731 1038 1790 quintum.
1055 1734 1258 1776 Attamen
1274 1747 1413 1793 usque
1426 1733 1482 1778 ad
1494 1742 1667 1778 aetatem
1680 1732 1782 1778 Ful-

399 1803 547 1861 genui,
573 1803 718 1862 (juxta
740 1806 917 1847 Petrum
934 1805 1089 1848 Franc.
1116 1804 1384 1849 Chiffletium
1407 1820 1524 1850 anno
1540 1808 1642 1849 467.
1668 1804 1782 1859 nati,

400 1883 444 1918 et
469 1888 585 1918 anno
614 1879 714 1918 507.
735 1874 782 1918 in
799 1874 1050 1934 episcopum
1068 1875 1322 1931 consecrati,
1348 1875 1514 1933 >vitam
1536 1875 1788 1935 produxisse

401 1943 627 1989 contendit
642 1943 887 2002 Vignerius.

462 2015 631 2060 Gelasio
651 2015 797 2060 sedem
819 2015 1098 2075 apostolicam
1120 2025 1296 2066 tenente
1318 2019 1506 2062 ,Ioannes
1527 2015 1786 2062 Alexandri-

404 2101 484 2130 nus
500 2088 744 2146 patriarcha
761 2122 773 2143 ‚
792 2096 842 2132 ut
866 2103 890 2132 a
913 2088 1069 2132 Photio
1091 2096 1269 2132 notatur
1288 2123 1299 2144 ‚
1324 2089 1554 2133 anathema
1578 2087 1787 2134 Coelestio

406 2172 455 2201 ac
476 2156 648 2203 Juliano
663 2159 983 2218 pronuntiavit:
1007 2158 1211 2219 idemque
1232 2159 1337 2204 fecit
1353 2160 1398 2204 in
1416 2175 1492 2204 sua
1514 2158 1569 2204 ad
1591 2159 1787 2218 Fulgen-

406 2228 517 2271 tium
537 2236 581 2271 et
609 2228 713 2274 alios
734 2244 785 2273 ex
817 2228 962 2274 Africa
999 2229 1223 2290 episcopos
1259 2229 1405 2276 exules
1427 2230 1608 2291 epistola
1638 2233 1789 2274 Petrus

407 2298 631 2343 diaconus.

467 2369 598 2422 Quod
618 2369 674 2413 ad
700 2371 724 2413 J
729 2369 862 2413 uliani
882 2371 1039 2429 scripta
1060 2381 1247 2430 spectat,
1271 2387 1525 2433 quanquam
1548 2386 1648 2416 eum
1673 2371 1790 2417 dicat

408 2438 674 2494 Gennadius,
689 2440 974 2498 priusquam
995 2441 1287 2499 impietatem
1310 2441 1509 2504 Pelagii
1527 2443 1576 2486 in
1596 2457 1647 2487 se
1669 2447 1788 2502 ape-

409 2508 538 2564 riret,
563 2508 750 2553 claram
766 2511 816 2554 in
835 2509 1106 2555 doctoribus
1127 2510 1364 2557 Ecclesiae
1383 2513 1539 2574 fuisse
1562 2529 1574 2557 .·
1599 2522 1789 2558 attamen

408 2578 529 2637 quod
562 2595 638 2638 per
670 2580 714 2624 id
736 2581 942 2639 temporis
963 2581 1008 2625 in
1035 2580 1175 2626 lucem
1209 2582 1423 2639 ediderit,
1448 2583 1557 2627 nihil
1579 2583 1787 2628 hactenus
