1884 3285
412 219 493 257 164
852 231 885 256 s.
922 227 1151 255 Aucus-rim
1185 229 1366 256 muscosi

407 293 592 338 obeditis
614 327 624 347 ,
658 293 692 335 si
724 292 1019 351 praedestinati
1050 292 1148 336 estis
1176 293 1425 353 rejiciendi:
1450 309 1470 333 »
1502 292 1577 336 sed
1598 328 1608 347 ,
1645 295 1688 338 Si
1715 295 1791 354 qui

407 361 643 418 obediunt,
668 371 711 404 et
732 370 886 405 caetera
909 376 985 421 per
1000 361 1122 406 verbi
1144 377 1372 421 personam
1394 362 1580 417 tertiam,
1606 377 1693 407 non
1715 378 1791 422 per

406 430 672 475 secundam?
694 434 779 475 Res
799 432 912 475 enim
938 447 1027 476 non
1053 431 1253 492 optabilis
1271 467 1281 487 ,
1310 432 1384 476 sed
1410 431 1710 476 abominabilis
1725 433 1793 477 di-

403 502 537 555 citur,
564 510 606 545 et
628 499 856 545 durissime
878 510 1009 561 atque
1034 502 1299 546 odiosissime
1317 502 1439 561 quasi
1456 502 1501 545 in
1518 501 1789 547 audientium

404 571 593 615 frontem
615 569 920 630 compellando
939 570 1176 626 colliditur,
1193 571 1372 631 quando
1395 571 1471 631 qui
1494 572 1553 615 eis
1575 571 1787 632 loquitur,

403 641 507 685 dicit
534 660 542 684 :
569 659 587 682 «
615 643 671 684 Et
694 641 728 684 si
757 640 833 699 qui
863 640 961 684 estis
990 641 1063 700 qui
1094 640 1300 695 obeditis,
1329 641 1363 684 si
1400 640 1694 699 praedestinati
1722 657 1789 686 es-

401 712 453 755 tis
481 711 718 770 rejiciendi,
750 711 1064 754 subtrahentur
1093 710 1327 755 obediendi
1357 713 1483 765 vires,
1522 721 1571 755 ut
1612 712 1789 756 obedire

399 782 583 825 cessetis.
615 800 634 822 »
660 781 776 834 Quid
807 781 921 825 enim
955 782 1180 825 sententiae
1209 781 1400 841 deperit,
1436 782 1469 825 si
1497 781 1557 826 ita
1586 782 1784 828 dicatur:
1847 778 1850 783 ⁴

401 853 444 897 Si
474 853 550 912 qui
578 861 722 896 autem
750 852 989 908 obediunt,
1023 852 1098 897 sed
1132 854 1177 896 in
1211 868 1391 912 regnum
1420 853 1512 913 ejus
1539 862 1581 897 et
1608 853 1788 912 gloriam

398 923 692 982 praedestinati
714 939 803 967 non
825 932 947 977 sunt,
972 923 1231 983 temporales
1254 934 1378 978 sunt,
1405 939 1484 968 nec
1506 939 1644 984 usquc
1668 925 1713 968 in
1735 925 1789 968 fi-

396 1008 496 1037 nem
522 994 567 1036 in
590 993 742 1037 eadem
766 993 1010 1037 obedientia
1038 994 1385 1053 permanebunt?
1409 996 1562 1038 Nonne
1584 1003 1628 1037 et
1645 994 1788 1039 verius
1850 1042 1853 1049 ,

397 1063 546 1107 eadem
583 1079 647 1107 res
675 1073 718 1106 ct
747 1064 1056 1121 congruentius
1081 1064 1267 1118 dicitur,
1298 1074 1347 1108 ut
1373 1080 1463 1108 non
1490 1065 1590 1122 ipsis
1616 1073 1787 1108 tantum
1850 1056 1856 1071 ⁵

397 1133 562 1176 malum
591 1142 799 1192 tanquam
830 1142 979 1192 optare
1009 1133 1250 1187 videamur,
1283 1133 1358 1177 sed
1395 1133 1449 1176 de
1487 1132 1578 1177 aliis
1608 1133 1784 1189 referre,

395 1203 516 1261 quod
540 1203 712 1247 oderint
731 1237 740 1253 ,
769 1217 847 1245 nec
868 1202 920 1245 ad
947 1218 990 1245 se
1013 1202 1258 1246 existiment
1291 1204 1504 1261 pertinere
1522 1238 1532 1258 ,
1573 1203 1787 1263 sperando

395 1273 649 1332 orandoque
674 1272 883 1316 meliora?
914 1272 995 1316 Illo
1023 1282 1167 1316 autem
1194 1273 1341 1328 modo,
1366 1289 1455 1334 quo
1481 1274 1525 1317 id
1550 1274 1787 1318 dicendum
1852 1278 1856 1299 ²

395 1354 578 1404 putant,
616 1343 765 1387 eadem
801 1344 1013 1388 sententia
1051 1343 1209 1388 eisdem
1246 1361 1356 1404 pene
1388 1345 1530 1390 verbis
1568 1346 1698 1390 etiam
1731 1345 1786 1390 de

396 1416 662 1472 praescientia
693 1415 798 1469 Dei,
831 1430 963 1475 quam
993 1424 1109 1458 certe
1139 1432 1297 1475 negare
1327 1432 1415 1461 non
1445 1426 1658 1476 possunt,
1685 1432 1786 1476 pro-

398 1486 589 1530 nuntiari
614 1494 771 1545 potest,
799 1495 848 1529 ut
869 1485 1039 1529 dicatur
1058 1505 1065 1530 ε
1096 1507 1113 1527 «
1142 1490 1196 1530 Et
1218 1488 1250 1531 si
1273 1489 1349 1547 qui
1372 1488 1573 1542 obeditis,
1594 1488 1627 1531 si
1652 1504 1785 1548 praes-

399 1558 471 1602 citi
493 1557 589 1600 estis
607 1556 841 1616 rejiciendi,
863 1556 1040 1600 obedire
1057 1558 1290 1602 cessabitis.
1319 1577 1336 1599 υ
1361 1561 1526 1618 Nempe
1549 1559 1632 1603 hoc
1655 1559 1786 1603 veris-

396 1628 553 1671 simum
581 1636 644 1670 est
669 1646 677 1670 :
703 1628 762 1670 ita
785 1642 886 1670 sane
906 1662 917 1681 ,
943 1628 1018 1671 sed
1040 1628 1406 1687 improbissimum
1430 1664 1440 1683 ,
1466 1629 1784 1688 importunissi-

395 1713 515 1741 mum
538 1733 548 1751 ,
579 1697 1084 1754 incongruentissimum,
1120 1713 1209 1741 non
1234 1697 1342 1742 falso
1367 1698 1557 1758 eloquio,
1592 1699 1667 1743 sed
1695 1715 1784 1745 non

394 1767 622 1812 salubriter
638 1767 879 1810 valetudini
898 1768 1102 1811 humanae
1120 1768 1383 1813 infirmitatis
1402 1770 1614 1828 apposito.

451 1840 590 1881 LXII.
620 1836 749 1880 Illum
768 1837 895 1880 etiam
918 1837 1094 1882 modum
1110 1874 1120 1893 ‚
1147 1855 1236 1898 quo
1258 1840 1473 1885 utendum
1495 1856 1586 1885 esse
1601 1841 1648 1885 ‘m
1669 1856 1783 1901 prae-

393 1907 692 1952 destinationis
726 1907 1035 1967 praedicatione
1068 1924 1144 1952 nos
1179 1910 1387 1965 diximus,
1430 1910 1627 1971 loquenti
1664 1912 1783 1970 apud

392 1978 606 2036 populum
631 1993 716 2021 non
739 1978 935 2021 existimo
963 1978 1123 2022 debere
1144 1981 1344 2024 sufficere
1360 2016 1370 2035 ,
1392 1981 1471 2025 nisi
1493 1981 1577 2026 hoc
1598 1982 1668 2026 vel
1695 1984 1781 2027 hu-

389 2047 579 2108 jusmodi
606 2046 769 2106 aliquid
790 2047 935 2101 addat,
964 2057 1012 2091 ut
1032 2046 1174 2093 dicat:
1199 2069 1217 2091 «
1235 2052 1321 2094 Vos
1338 2051 1485 2111 itaque
1499 2052 1625 2095 etiam
1644 2053 1779 2112 ipsam

398 2137 416 2159 »
443 2117 676 2162 obediendi
696 2119 1055 2177 perseverantiam
1080 2135 1102 2162 a
1121 2123 1245 2164 Patre
1261 2120 1497 2177 luminum,
1524 2139 1545 2166 a
1570 2139 1659 2183 quo
1681 2123 1779 2168 des-

395 2207 414 2229 »
437 2187 583 2233 cendit
612 2203 741 2232 omne
762 2189 911 2232 datum
946 2188 1159 2248 optimum
1186 2200 1229 2235 et
1256 2207 1385 2236 omne
1414 2191 1578 2238 donum
1610 2193 1780 2253 perfec·-

393 2276 413 2299 »
433 2261 571 2313 tum¹,
597 2279 610 2298 ι)
633 2274 804 2317 sperare
826 2258 1017 2315 debetis,
1044 2268 1086 2303 et
1104 2261 1367 2320 quotidianis
1385 2264 1655 2308 orationibus
1677 2280 1778 2324 pos-

388 2344 507 2384 cere,
533 2338 663 2389 atque
686 2329 769 2373 hoc
788 2327 988 2373 faciendo
1011 2329 1253 2386 confidere,
1282 2347 1370 2376 non
1394 2348 1467 2377 vos
1492 2348 1582 2377 esse
1612 2351 1635 2379 a
1663 2350 1777 2394 prae-

388 2398 676 2444 destinatione
695 2399 844 2459 populi
856 2401 946 2459 ejus
967 2400 1152 2458 alienos,
1170 2402 1270 2462 quia
1285 2403 1414 2447 etiam
1426 2404 1509 2448 hoc
1526 2414 1573 2449 ut
1592 2405 1771 2462 faciatis,

386 2468 476 2528 ipse
487 2468 685 2528 largitur.
708 2469 829 2514 Absit
844 2479 990 2514 autem
1004 2486 1028 2515 a
1043 2471 1182 2527 vobiS,
1200 2471 1299 2517 ideo
1312 2471 1540 2533 desperare
1563 2475 1618 2520 de
1634 2477 1773 2532 vobis,

435 2560 442 2576 ¹
465 2555 579 2587 Jacob.
599 2565 621 2596 1,
647 2565 695 2594 ¹7·
