1821 3264
257 238 404 267 omnus
436 238 612 266 IMPERF.
647 236 812 266 CONTRA
844 239 1012 268 JULIAN.
1048 240 1131 268 Lm.
1164 241 1211 268 11.
1343 228 1426 267 377

52 304 153 364 quia
186 317 334 347 omnes
370 303 446 362 qui
470 318 546 361 per
573 303 793 347 Christum
822 304 1063 349 liberantur
1082 340 1093 360 ,
1133 304 1429 364 temporaliter

49 383 225 434 propter
243 373 380 417 Adam
404 374 670 428 moriuntur,
693 383 866 433 propter
884 375 1025 434 ipsum
1042 385 1186 420 autem
1204 376 1427 420 Christum

47 445 138 489 sine
160 443 246 487 fine
273 443 427 487 victuri
456 445 616 488 sunt¹P
652 463 670 485 «
698 447 794 497 Quo
821 460 1049 501 sermone,
1074 446 1107 488 si
1133 446 1239 505 quid
1274 461 1427 490 conse-

51 522 234 574 quenter
269 513 484 557 diceretur
512 512 776 569 attenderes,
817 530 990 559 omnem
1025 530 1166 559 arcem
1201 524 1318 559 tuam
1341 550 1352 569 ‚
1382 516 1427 560 id

50 593 114 628 est
129 619 139 638 ‚
167 583 390 627 traducem
413 583 615 628 cecidisse
637 582 834 628 faterere.
866 585 978 629 Dicis
999 585 1111 629 enim
1127 620 1137 640 ,
1168 584 1266 629 ideo
1288 584 1427 630 multo

47 655 182 713 magis
204 654 444 699 abundasse
467 655 624 700 Christi
645 656 825 712 gratiam
842 690 852 709 ‚
877 655 978 714 quia
1001 670 1078 714 per
1098 670 1191 699 eam
1213 655 1300 700 vita
1321 670 1428 700 con-

48 723 212 770 feratur
229 735 388 769 aeterna
407 760 418 780 ‚
443 740 540 769 cum
560 739 636 783 per
653 724 760 769 Adae
779 735 1005 784 peccatum
1021 725 1248 770 subeunda
1265 725 1317 770 sit
1331 740 1427 770 cor-

46 795 191 854 ruptio
224 795 484 855 temporalis.
519 795 560 840 Si
583 809 683 852 ergo
706 795 814 838 nihil
835 795 954 839 aliud
975 795 1122 840 intulit
1148 796 1287 840 Adam
1315 811 1426 856 prae-

45 874 111 909 ter
144 865 334 924 corporis
373 876 577 919 mortem,
616 875 765 910 contra
796 881 926 925 quem
955 867 1152 910 Christus
1190 867 1427 925 copiosiore

46 937 257 981 beneficio
279 937 409 981 vitam
433 936 619 981 contulit
640 937 730 981 sine
753 938 839 981 fine
859 936 1113 995 durantem3
1139 947 1316 996 apparet
1338 953 1427 983 non

44 1019 271 1068 peccatum
290 1008 396 1053 Adae
414 1009 465 1053 ad
488 1018 680 1068 posteros
700 1009 898 1053 transisse
914 1044 924 1063 ‚
951 1008 1024 1053 sed
1048 1018 1246 1052 mortem.
1274 1027 1294 1050 »

102 1083 394 1124 AUGUSTINUS.
430 1083 621 1138 Apparet
644 1088 685 1123 te
713 1088 937 1138 propterea
966 1079 1142 1123 irrisisse
1168 1080 1288 1138 quod
1310 1078 1422 1133 dixi,

42 1150 112 1195 vel
139 1150 283 1209 potius
315 1159 358 1194 te
379 1151 558 1194 irridere
584 1151 752 1195 finxisse
768 1186 777 1204 ‚
804 1160 853 1195 ut
878 1151 945 1194 his
968 1151 1044 1210 qui
1076 1160 1117 1195 te
1139 1166 1228 1195 non
1261 1151 1425 1195 intelli-

45 1230 177 1280 gunt,
197 1221 400 1264 videreris
418 1221 561 1265 dicere
576 1221 738 1280 aliquid
751 1256 761 1276 ,
782 1236 882 1265 cum
900 1221 1062 1266 diceres
1078 1221 1186 1265 nihil
1208 1240 1216 1266 ;
1237 1222 1425 1281 primum

43 1291 144 1350 quia
161 1292 219 1335 eis
235 1291 321 1335 dixi
339 1291 477 1336 Adam
498 1292 723 1351 temporali
742 1301 881 1336 morte
900 1292 1095 1336 nocuisse
1109 1327 1119 1346 ,
1141 1307 1251 1351 quos
1268 1293 1428 1337 Christi

41 1360 198 1406 liberat
215 1362 348 1420 gratia
371 1382 378 1406 :
403 1377 512 1421 quos
532 1362 646 1405 enim
670 1362 828 1406 occulti
851 1361 1027 1421 quidem
1045 1396 1055 1415 ‚
1074 1362 1310 1420 sedjudicii
1323 1363 1428 1422 justi

40 1433 219 1477 veritate
252 1448 341 1476 non
369 1432 554 1486 liberat,
586 1432 751 1475 etiamsi
774 1431 944 1490 parvuli
973 1433 1239 1486 moriantur,
1267 1443 1428 1477 aeterna

39 1511 178 1546 morte
195 1501 461 1561 plectuntur.
489 1502 721 1556 Quomodo
743 1518 846 1561 ergo
868 1503 970 1547 hinc
988 1512 1193 1562 apparet,
1220 1519 1309 1547 non
1332 1519 1428 1562 pec-

39 1583 182 1618 catum
208 1572 313 1617 Adae
340 1572 395 1617 ad
421 1583 610 1631 posteros
633 1575 829 1617 transisse
845 1608 855 1627 ‚
887 1572 961 1617 sed
983 1582 1195 1631 mortem3
1222 1575 1302 1617 nisi
1326 1575 1428 1634 quia

39 1644 123 1688 hoc
150 1644 211 1687 vis
244 1644 409 1703 putari,
441 1644 559 1704 quod
594 1653 871 1703 perstrepunt
895 1644 1027 1688 verba
1060 1653 1159 1698 tua,
1185 1660 1274 1687 non
1307 1644 1428 1703 quod

39 1714 234 1774 sequitur
247 1713 376 1757 verba
392 1715 513 1757 mea?
527 1715 612 1758 Nos
623 1714 738 1757 enim
755 1713 940 1758 dicimus
955 1723 1194 1773 utrumque
1208 1715 1423 1769 transisse,

39 1793 82 1828 et
103 1800 126 1828 a
148 1785 320 1829 Christo
339 1793 577 1844 utrumque
599 1784 836 1828 clamamus
860 1783 1047 1839 auferri,
1072 1794 1240 1828 reatum
1264 1785 1428 1829 scilicet

39 1855 203 1915 peccati
235 1854 752 1914 plenissima'remissione
774 1865 1077 1914 peccatorum,
1109 1865 1293 1900 mortem
1324 1872 1426 1900 vero

39 1926 281 1970 beatissima
309 1927 624 1971 resurrectione
648 1935 924 1984 sanctorum3
957 1942 1056 1987 quae
1083 1935 1309 1986 propterea
1337 1942 1428 1971 non

39 1998 179 2041 statim
199 1997 456 2054 regeneratis
473 1996 602 2041 datur
616 2032 626 2052 ‚
647 2006 696 2041 ut
715 2007 964 2042 exerceatur
981 1996 1088 2041 fides
1104 2032 1114 2051 ‚
1141 2014 1226 2057 qua
1245 1998 1289 2041 id
1307 1996 1428 2057 quod

39 2084 128 2113 non
152 2069 322 2113 videtur
353 2078 576 2127 speratur.-
601 2070 686 2113 hoc
716 2069 831 2112 enim
854 2078 897 2112 et
918 2069 962 2111 in
991 2084 1035 2111 se
1063 2068 1164 2127 ipsis
1187 2077 1230 2111 et
1254 2069 1298 2112 in
1323 2084 1426 2127 par-

39 2139 150 2184 vulis
172 2139 258 2183 suis
281 2154 380 2183 cum
410 2149 584 2197 sperant
615 2138 764 2182 fideles
782 2174 792 2192 ‚
825 2140 977 2197 utique
997 2147 1098 2182 sunt
1121 2138 1282 2182 fideles.
1314 2140 1427 2183 Ecce

40 2210 159 2269 quod
186 2208 390 2262 dicimus,
423 2223 522 2252 ecce
554 2208 624 2252 cui
646 2208 870 2252 catholicae
897 2208 1068 2252 veritati
1095 2207 1388 2253 contradicitis
1415 2228 1423 2254 :

40 2280 114 2323 sed
135 2280 271 2337 magis
286 2289 435 2323 contra
458 2295 556 2333 vos,
576 2295 707 2340 quam
727 2290 876 2324 contra
894 2279 1014 2324 illam
1030 2279 1192 2334 dicitis,
1212 2279 1428 2340 quidquid

41 2350 253 2393 haereticis
270 2350 636 2409 disputationibus
652 2350 809 2395 dicitis.

51 2418 61 2422 ’
99 2421 258 2465 XCIX.
288 2422 309 2463 J
319 2437 515 2465 numus.
547 2440 566 2462 «
589 2421 817 2466 Constabit
835 2430 980 2465 autem
1000 2420 1427 2480 consequentissime,

42 2500 225 2535 mortem
251 2500 505 2549 perpetuam
521 2525 531 2545 ,
557 2489 603 2534 id
630 2500 714 2547 est,
740 2506 916 2550 poenam
939 2491 1243 2549 sempiternam
1268 2489 1322 2534 ad
1351 2505 1429 2535 nos

90 2581 98 2596 ¹
121 2574 199 2607 Vide
216 2573 269 2606 lib.
297 2585 317 2606 n
335 2574 377 2608 de
393 2574 527 2616 Nuptiis,
548 2585 619 2616 cap.
642 2584 695 2615 '27-
1457 2561 1464 2566 .
