1884 3285
413 308 497 347 396
827 318 859 345 s.
897 317 1130 346 AUGUSTINI
1162 320 1348 347 El‘lsCOPI

411 386 588 445 quippe,
614 385 690 443 qui
712 393 837 428 motu
857 384 1043 443 propriae
1065 385 1302 429 voluntatis
1325 394 1526 439 utuntur,
1550 385 1741 444 suppetit
1763 385 1802 429 ei

411 455 587 498 materia
612 454 855 512 gloriandi3
879 455 981 514 quia
1004 470 1056 498 ex
1078 455 1225 499 multis
1249 455 1504 499 criminibus
1522 455 1567 498 in
1589 455 1802 515 justifica-

412 526 574 568 tionem
591 559 602 579 ,
632 540 741 584 quos
763 524 1005 584 adoptarit,
1037 523 1184 570 educit
1212 545 1220 570 :
1247 527 1289 569 in
1313 525 1501 584 parvulis
1534 534 1678 569 autem
1696 561 1707 580 ,
1739 540 1804 569 se·

1868 532 1871 569 i

412 595 608 639 cundum
646 604 720 651 te,
753 596 967 656 jejunius,
1006 596 1230 654 angustius
1256 631 1266 650 ‚
1312 594 1488 650 exilius,
1532 611 1612 640 nec
1645 596 1806 640 virtute
1869 582 1872 632 ἶ

416 681 598 724 magna,
624 682 704 710 nec
737 667 951 710 medicina
986 665 1142 711 idonea
1159 701 1169 720 ,
1198 682 1278 711 nec
1305 667 1530 711 honestate
1559 665 1674 711 salva
1690 701 1700 720 ‚
1726 682 1807 711 nec
1870 656 1873 702 ³<

415 738 583 796 pudore
605 753 773 792 securo,
796 753 936 781 unum
952 737 1060 782 illud
1081 748 1307 798 peccatum
1321 754 1366 782 se
1382 738 1597 798 promittit
1617 738 1808 794 auterre,
1872 746 1873 749 ’

413 807 532 868 quod
553 823 631 851 nec
661 808 813 852 debuit
835 809 1073 868 imputare3
1098 818 1141 852 et
1164 825 1214 853 ex
1242 810 1324 854 hoc
1347 825 1459 864 uno,
1493 824 1602 870 quos
1624 807 1804 862 liberat,

414 878 458 921 in
481 878 834 938 justificationem
856 888 1039 924 conatur
1062 881 1274 925 emittere.
1305 899 1324 921 »

473 954 769 996 AthSTmus.
798 954 894 996 Jam
911 968 1164 1011 responsum
1183 962 1245 997 est
1268 972 1276 997 ;
1297 951 1448 996 eadem
1471 950 1659 995 multum
1683 949 1806 1005 dicis,

415 1036 503 1066 non
527 1022 791 1066 inveniendo
809 1022 918 1082 quid
936 1023 1066 1067 dicas.
1091 1025 1204 1067 Cum
1228 1022 1369 1066 dicitis
1387 1022 1560 1066 nullum
1583 1031 1809 1080 peccatum

416 1093 607 1152 parvulis
639 1093 970 1153 imputandum,
1014 1095 1225 1153 injustum
1262 1092 1402 1137 facitis
1445 1096 1604 1147 Deum,
1639 1092 1715 1152 qui
1752 1092 1812 1135 eis

417 1180 545 1222 grave
568 1166 726 1223 jugum
758 1180 781 1207 a
813 1164 883 1207 die
912 1164 1051 1207 exitus
1088 1164 1142 1207 de
1181 1173 1332 1208 ventre
1372 1163 1520 1208 matris
1556 1162 1808 1222 imposuit¹.

417 1235 547 1286 Quod
577 1234 652 1278 etsi
694 1235 914 1294 Scriptura
955 1250 1041 1278 non
1083 1235 1272 1289 diceret,
1316 1235 1413 1294 quis
1454 1244 1543 1278 tam
1580 1249 1719 1278 caecus
1751 1242 1814 1278 est

416 1315 576 1359 mente,
602 1307 677 1364 qui
701 1321 789 1350 non
810 1306 956 1349 videat
974 1306 1187 1349 miseriam
1204 1306 1371 1364 generis
1390 1305 1572 1349 humani
1591 1321 1614 1349 a
1637 1304 1814 1348 fletibus

415 1377 607 1436 incipere
640 1378 950 1437 parvulorum?
976 1379 1184 1437 injustam
1219 1377 1360 1422 facitis
1391 1378 1519 1421 etiam
1546 1377 1620 1421 Dei
1646 1376 1811 1435 legem,

416 1464 515 1508 quae
542 1458 695 1493 octavo
718 1448 788 1493 die
801 1464 890 1493 non
909 1448 1153 1493 circumcisi
1172 1449 1358 1492 animam
1383 1447 1562 1492 damnat
1583 1446 1810 1492 infantis²z

419 1535 578 1563 vanum
607 1535 785 1579 quoque
805 1519 1009 1579 judicatis
1030 1534 1121 1562 esse
1144 1529 1411 1579 praeceptum
1430 1555 1440 1574 ‚
1463 1519 1537 1563 uhi
1555 1519 1814 1563 sacrificium

421 1605 499 1648 pro
518 1599 713 1648 peccato⁷
741 1590 906 1633 infante
923 1598 1048 1644 nato,
1071 1589 1252 1649 jubetur
1274 1590 1462 1634 offerri3.
1489 1590 1531 1634 Si
1547 1599 1693 1633 autem
1715 1604 1812 1633 rea-

420 1671 487 1705 tus
509 1660 590 1704 iste
619 1661 820 1719 originis,
842 1670 884 1704 et
904 1661 1124 1721 Scriptura
1150 1670 1297 1706 sancta
1322 1661 1543 1721 proditur,
1574 1670 1617 1705 et
1645 1661 1736 1720 ipse
1768 1676 1811 1704 se

417 1732 585 1792 prodit3
612 1733 742 1775 etiam
768 1733 849 1775 hoc
872 1742 1099 1792 peccatum
1130 1734 1242 1777 inter
1264 1732 1337 1777 illa
1363 1742 1425 1777 est
1449 1733 1585 1777 multa
1607 1741 1807 1792 peccata,

416 1819 466 1847 ex
487 1804 648 1864 quibus
665 1804 876 1863 justificat
904 1804 1063 1863 gratia,
1090 1820 1189 1865 quae
1213 1805 1417 1861 parvulos
1444 1819 1622 1864 quoque
1650 1819 1701 1847 ex
1732 1803 1812 1847 hac

418 1875 586 1919 miseria
620 1875 852 1919 beatificat.
892 1879 947 1920 Et
974 1876 1056 1920 hoc
1078 1892 1168 1920 non
1190 1877 1234 1919 in
1256 1876 1338 1920 isto
1367 1875 1550 1929 saeculo,
1572 1875 1692 1935 quod
1713 1874 1812 1918 uni-

416 1960 588 1990 versum
613 1948 727 2006 Deus
754 1946 1007 1990 hominibus
1029 1946 1168 1991 voluit
1190 1962 1280 1990 esse
1304 1947 1477 2006 poenale
1493 1982 1503 2001 ‚
1529 1962 1580 1990 ex
1607 1961 1696 2006 quo
1718 1946 1809 2005 pri-

418 2032 509 2060 mos
526 2017 722 2061 homines
740 2016 854 2061 foras
875 2017 930 2061 de
954 2016 1138 2076 paradisi
1157 2017 1362 2062 felicitate
1378 2017 1563 2073 dimisit·⁷
1587 2015 1661 2060 sed
1678 2017 1724 2059 in
1738 2014 1810 2060 fu-

421 2096 516 2132 turo
534 2097 714 2143 (eterno,
742 2087 859 2132 unde
882 2104 1000 2133 nunc
1014 2089 1210 2133 Christus
1229 2089 1433 2133 membris
1455 2091 1541 2133 suis
1558 2089 1694 2133 sancti
1718 2088 1810 2148 Spi-

420 2159 525 2202 ritus
542 2160 698 2217 pignus
714 2160 922 2219 impertit.

477 2232 613 2275 CXX.
642 2234 870 2275 JirLiANus.
908 2251 923 2271 «
949 2232 1183 2277 Confessus
1205 2247 1249 2275 es
1261 2248 1364 2290 ergo
1388 2231 1512 2277 aliter
1533 2232 1701 2291 operari
1724 2246 1814 2290 gra-

419 2302 521 2345 tiam
542 2303 585 2345 in
604 2303 855 2362 majoribus,
875 2303 998 2346 aliter
1020 2305 1064 2346 in
1086 2304 1341 2347 minoribus.
1369 2306 1457 2349 Nec
1473 2303 1712 2363 quidquam
1729 2318 1814 2362 pu—

419 2382 480 2416 tes
515 2373 784 2432 responsioni
818 2382 903 2416 tuae
948 2373 1146 2417 relictum
1183 2373 1288 2428 loci,
1326 2374 1359 2418 si
1391 2373 1577 2427 inferas,
1614 2389 1815 2432 magnam

418 2442 613 2503 quidem,
638 2444 712 2487 sed
731 2444 775 2487 in
795 2443 1046 2487 remissione
1066 2453 1341 2502 peccatorum
1367 2460 1457 2488 esse
1472 2444 1742 2502 distantiam3
1766 2453 1816 2488 ut

421 2523 464 2556 et
500 2515 532 2557 si
568 2530 704 2558 unum
735 2523 993 2574 peccatum,
1038 2523 1182 2557 tamen
1216 2515 1405 2558 inveniat
1445 2515 1564 2575 quod
1609 2516 1812 2564 remittat,

422 2586 585 2628 Verum
611 2585 720 2629 nihil
745 2587 824 2630 hac
847 2585 1225 2644 argumentatione
1250 2601 1478 2645 promoves
1504 2606 1512 2632 ε
1537 2601 1680 2646 neque
1702 2587 1814 2630 enim

472 2674 476 2687 ³
502 2670 598 2703 Eccli.
620 2683 670 2711 n,
694 2683 776 2702 1.—
796 2679 807 2693 ²
828 2674 905 2705 Gen.
930 2683 1008 2708 xvn,
1034 2671 1084 2713 14.
1106 2690 1145 2695 —-
1165 2671 1177 2695 3
1199 2672 1299 2705 Levit.
1321 2684 1376 2711 xn,
1394 2673 1415 2704 6
1434 2678 1465 2705 et
1485 2684 1514 2715 7.
