1821 3264
261 298 405 325 OPERIS
437 299 612 326 IMPERF.
648 298 811 328 CONTRA
843 302 1011 329 JULIAN.
1050 304 1130 331 LIB.
1167 305 1214 332 11.
1345 293 1430 333 405

0 373 4 398 ’-
37 361 40 417 l
52 362 399 427 justificationem
422 364 628 419 veniunt,
653 366 684 408 si
705 368 970 424 perrexerint.
986 382 1134 412 omnes
1154 368 1208 412 ad
1230 369 1433 414 condem-

0 442 3 468 ἱ
35 452 39 495 3
56 435 301 480 nationem?
317 433 477 493 autqui
489 448 638 478 omnes
651 434 706 478 ad
721 451 913 494 poenam,
930 438 962 481 si
975 453 1124 482 omnes
1138 439 1366 498 rapiuntur
1379 441 1434 485 ad

0 524 3 530 ·
56 503 259 565 gloriam?
271 503 535 548 Generalitas
546 505 672 549 unius
685 507 830 564 partis,
843 507 990 551 locum
1002 507 1192 552 excludit
1203 509 1392 554 alterius.
1411 528 1432 552 »

34 572 36 637 j
111 579 400 620 Aucus-rmus.
436 578 550 633 Ergo
574 585 617 620 et
638 576 712 620 ubi
735 577 900 622 dictum
925 587 988 622 cst
1013 597 1021 622 :
1056 598 1076 621 «
1101 582 1152 623 In
1175 596 1263 639 quo
1287 596 1436 626 omnes

0 666 14 693 ¹,
33 651 37 665 ⁴
56 665 77 690 »
103 648 418 706 peccaverunt1
438 681 449 701 ‚
483 666 502 688 n
528 646 656 690 multi
677 657 778 692 sunt
802 649 1100 708 intelligendi,
1133 666 1223 694 non
1247 666 1395 695 omnes
1422 671 1432 697 ε

0 718 170 779 ==3qu0d
204 719 246 767 si,
266 719 323 762 ita
345 727 436 773 est,
467 719 632 777 cogeris
669 720 839 773 dicere,
876 736 966 764 non
1003 736 1153 765 omnes
1190 731 1436 780 peccatores

0 797 15 823 &⁴
32 775 34 826 f
52 789 179 834 unius
195 788 311 833 illius
326 789 512 833 hominis
529 789 771 833 imitatione
788 805 999 849 peccasse,
1020 791 1095 835 sed
1113 791 1287 836 multos.
1308 792 1436 845 Quod

30 860 83 924 {si
114 858 298 913 dixeris,
333 859 432 903 ideo
456 874 546 903 non
579 874 728 904 omnes
747 895 757 913 ,
794 860 867 904 sed
892 860 1052 905 multos
1085 863 1173 921 ejus
1196 863 1437 907 imitatione

0 962 1 965 ,
30 926 33 932 ’
30 940 271 991 peccasse,
296 930 397 989 quia
418 929 569 984 multi,
593 946 680 975 non
697 946 847 975 omnes
869 940 1153 990 peccaverunt
1171 953 1181 989 3
1201 932 1349 977 volens
1364 949 1435 978 eos

0 1022 2 1036 ι
29 967 123 1062 iqui
153 1016 241 1045 non
263 1010 577 1060 peccaverunt,
608 1001 794 1079 intelligi
826 1000 1030 1060 parvulos
1058 1021 1066 1046 :
1101 1004 1435 1061 iespondebitui

28 1073 153 1127 {tibi,
178 1073 281 1132 quia
305 1087 384 1116 nec
402 1073 563 1116 mortui
584 1081 686 1116 sunt
705 1072 751 1116 in
771 1071 846 1117 illo
868 1073 1061 1150 parvuli,
1083 1088 1131 1117 ac
1150 1088 1223 1132 per
1246 1075 1329 1118 hoc
1347 1090 1437 1119 non

27 1158 124 1203 [pro
143 1107 229 1186 illis
249 1143 446 1188 Christus
469 1151 668 1187 mortuus
691 1152 784 1198 est,
810 1143 910 1202 quia
939 1159 1028 1187 non
1051 1144 1131 1187 nisi
1156 1159 1234 1203 pro
1256 1145 1437 1189 mortuis

26 1206 117 1274 §ille
149 1223 347 1258 mortuus
381 1223 472 1269 est,
507 1214 618 1258 sicut
650 1214 883 1273 Apostolus
909 1213 1069 1259 clamat
1096 1234 1104 1259 :
1130 1223 1261 1274 atque
1283 1215 1364 1270 ita,
1393 1224 1436 1259 et

26 1279 194 1329 ‘contra
224 1294 267 1328 te
295 1286 438 1344 ipsum
460 1286 630 1339 venies,
663 1294 706 1329 et
737 1301 759 1329 a
786 1285 920 1343 gratia
943 1284 1101 1330 Christi
1132 1286 1306 1344 penitus
1335 1301 1435 1344 par-

25 1354 168 1405 ivulos
187 1355 433 1414 separabis,
461 1371 538 1414 pro
555 1320 714 1415 quibus
735 1356 959 1400 Christum
984 1365 1206 1399 mortuum
1234 1371 1324 1399 non
1347 1371 1436 1399 esse

8 1414 239 1485 -fdicturus
267 1441 325 1470 es.
362 1429 691 1487 Consequenter
717 1428 848 1471 etiam
878 1426 1160 1485 baptizandos
1191 1426 1399 1484 negabis
1390 1442 1435 1470 111

11 1495 229 1595 IIChiisto.
267 1516 287 1539 «
315 1497 591 1557 Quicumque
615 1497 730 1540 enim
762 1497 967 1555 baptizati
990 1513 1139 1540 sumus
1164 1498 1207 1540 in
1230 1498 1402 1541 Christo
1419 1531 1431 1551 ,

22 1586 64 1660 1»
89 1568 215 1612 sicuti
237 1568 295 1611 ait
319 1568 433 1611 idem
454 1567 710 1626 ApostolUS,
736 1568 782 1611 in
805 1576 943 1611 morte
964 1568 1098 1626 ipsius
1123 1568 1329 1626 baptizati
1355 1582 1431 1611 su-

21 1661 25 1705 Ι
44 1658 63 1681 »
91 1655 186 1683 mus
205 1658 213 1684 ε
231 1638 294 1682 illi
310 1648 456 1683 autem
474 1640 749 1698 baptizantur
764 1640 808 1682 in
825 1648 964 1683 morte
980 1639 1156 1693 Christi,
1179 1654 1256 1698 pro
1274 1639 1434 1698 quibus

21 1712 63 1751 Ι»
91 1719 288 1754 mortuus
310 1719 373 1752 est
391 1710 628 1753 Christus2.
654 1729 673 1751 »
702 1709 833 1754 Nullo
855 1709 985 1753 modo
1004 1710 1135 1766 igitur
1157 1710 1212 1752 ab
1236 1707 1434 1767 originali

3 1751 25 1840 ‚l
42 1789 216 1840 peccato
238 1779 444 1823 alienabis
463 1780 684 1839 parvulos,
712 1780 791 1823 nisi
820 1794 891 1823 eos
912 1779 1039 1823 simul
1062 1795 1083 1822 a
1103 1778 1238 1837 gratia
1262 1779 1427 1837 baptis-

3 1845 23 1915 αἰ
41 1852 164 1895 matis
181 1851 341 1896 Christi
365 1850 518 1896 feceris
541 1851 717 1895 alienos.

19 1918 22 1977 ξ
100 1924 152 1965 In
171 1937 223 1966 eo
243 1937 346 1966 vero
369 1922 489 1981 quod
509 1923 587 1966 tibi
604 1922 799 1976 videtur,
824 1921 914 1966 duo
932 1922 1011 1965 ista
1026 1922 1139 1965 iuter
1158 1936 1202 1965 se
1219 1936 1308 1965 esse
1329 1937 1429 1966 con-

2 1983 195 2063 fflraria,
221 2002 271 2036 ut
293 2008 442 2037 omnes
463 2003 564 2037 eant
586 1994 631 2036 in
658 1993 1069 2037 condemnationem
1095 2008 1170 2052 per
1197 1993 1362 2047 Adam,
1389 2001 1431 2037 et

2 2069 22 2106 ³⁸
41 2079 188 2108 omnes
221 2079 368 2108 rursus
399 2066 443 2108 in
471 2065 825 2124 justificationem
859 2079 935 2140 per
966 2064 1215 2118 Christum,
1249 2065 1429 2108 omnino

2 2077 192 2178 derrasss.
220 2134 375 2179 Nullus
400 2137 514 2178 enim
543 2135 773 2178 hominum
800 2134 879 2177 nisi
903 2150 977 2192 per
1002 2133 1140 2178 Adam
1165 2135 1352 2178 trahitur
1375 2133 1430 2178 ad

0 2218 13 2253 ιζ
39 2203 389 2260 damnationem,
421 2204 476 2248 de
510 2221 595 2265 qua
628 2221 703 2264 per
731 2205 951 2249 lavacrum
980 2205 1315 2263 regenerationis
1343 2205 1424 2248 ho·

4 2278 8 2283 '
40 2276 175 2318 mines
205 2275 475 2333 liberantur,
500 2285 543 2320 et
568 2275 712 2320 nullus
740 2276 968 2320 hominum
991 2276 1071 2318 nisi
1100 2291 1175 2335 per
1205 2276 1425 2320 Christum

0 2329 20 2418 ‘li
40 2346 93 2389 ab
115 2347 196 2390 hac
214 2346 495 2391 damnatione
511 2346 721 2391 liberatur
743 2366 751 2391 :
783 2347 880 2391 ideo
906 2363 956 2390 ex
978 2356 1161 2406 utraque
1180 2356 1301 2405 parte
1323 2346 1426 2390 dicti

39 2425 140 2460 sunt
172 2432 347 2471 omnes,
385 2418 487 2475 quia
525 2433 655 2462 nemo
690 2417 744 2461 ad
779 2416 1101 2460 damnationem
1134 2417 1427 2493 generationis

12 2490 19 2528 l
41 2486 117 2529 nisi
138 2501 214 2545 pei
225 2486 372 2540 istum,
391 2503 519 2532 nemo
537 2487 591 2531 ad
606 2489 737 2532 vitam
754 2486 1089 2546 regenerationis
1101 2502 1181 2529 nisl
1194 2486 1423 2545 perillum,

0 2561 18 2616 ’μ’
40 2562 102 2604 Ac
118 2572 195 2615 per
214 2558 295 2601 hoc
312 2573 401 2610 non
424 2558 679 2616 generalitas
700 2558 827 2601 unius
842 2558 972 2616 partis
993 2556 1139 2600 locum
1155 2556 1344 2602 excludit
1362 2557 1425 2601 al-

0 2642 6 2678 l

0 2679 3 2699 l

88 2644 209 2674 ¹.Roni
228 2653 273 2683 vt,
294 2643 326 2674 6.
344 2659 385 2663 —-
400 2643 479 2675 ²Id
501 2653 558 2682 vn,
578 2649 630 2683 24.
645 2641 716 2665 ——3
735 2642 819 2674 Beda
842 2645 875 2673 et
888 2641 1009 2683 Florus,
1029 2641 1067 2673 ad
1082 2643 1173 2673 Rom.
1197 2653 1229 2674 v

13 2606 17 2625 a

13 2629 17 2665 1

13 2676 17 2699 Ι

12 2708 16 2772 l

11 2777 16 2799 ς

11 2810 15 2834 .³

0 2842 15 3036 ῐῑ

0 3035 14 3264 w
