1821 3264
257 264 400 293 opmns
432 265 610 294 mrznr.
641 262 805 295 CONTRA
835 268 1005 297 scum.
1039 270 1123 297 Lm.
1159 272 1188 297 1.
1329 262 1410 299 211

39 343 139 374 cum
159 328 214 374 de
233 329 448 389 baptismo
468 329 737 390 loqueretur,
761 334 999 390 Venerare,
1024 335 1188 395 inquit,
1214 337 1416 381 nativita-

41 408 155 454 tem,
183 415 260 458 per
284 415 419 459 quam
451 408 631 444 terrenae
660 402 890 447 nativitatis
917 404 1099 449 vinculis
1121 405 1330 451 liberatus
1356 422 1415 451 es.

39 471 164 515 Meus
185 478 251 515 est
270 470 450 515 Basilius
472 475 503 527 ²,
528 471 604 531 qui
623 487 723 516 cum
745 483 889 531 ageret
907 473 963 518 de
981 476 1146 535 jejunio
1167 496 1175 521 :
1194 478 1305 530 Quia
1327 492 1420 522 non

35 539 342 599 jejunavimus,
363 542 521 602 inquit,
540 541 778 588 decidimus
795 543 850 588 de
867 545 1088 604 paradiso,
1103 548 1350 607 jejunemus
1371 558 1422 594 ut

42 609 96 655 ad
119 626 219 656 eum
248 612 488 658 redeamus.
521 616 646 659 Meus
673 625 738 660 est
760 619 950 662 Joannes
972 620 1422 680 Constantinopolita-

42 696 124 726 nus
159 681 328 738 dicens,
369 684 507 729 Adam
539 687 734 744 peccavit
766 687 875 732 illud
906 689 1067 747 grande
1097 701 1351 751 peccatum,
1382 702 1426 737 et

43 766 172 796 omne
193 753 422 798 hominum
441 770 574 813 genus
591 756 636 799 in
652 772 885 802 commune
901 760 1165 806 damnavit2.
1182 763 1237 806 Hi
1257 777 1423 818 omnes,

44 829 88 864 et
112 819 182 865 alii
210 823 313 868 socii
339 839 491 868 eorum
514 824 664 870 eadem
684 829 931 884 sententieS,
956 846 1066 890 quos
1089 846 1427 878 commemorare

43 889 226 949 longum
255 901 334 949 est,
364 894 451 938 mei
478 905 580 940 sunt
606 915 615 941 :
639 898 674 941 si
698 900 904 956 agnoscis,
931 909 975 944 et
1000 901 1065 944 tui
1093 912 1222 960 sunt3
1248 903 1323 947 sed
1345 903 1430 947 mei

44 959 244 1007 doctores
263 997 275 1018 ,
314 963 628 1023 improbatores
659 968 739 1012 tui.
775 969 1007 1022 Quomodo
1037 972 1168 1029 igitur
1201 988 1247 1018 os
1283 987 1431 1017 meum

43 1046 329 1093 meorumque
350 1033 600 1080 damnasti?
623 1053 725 1082 cum
749 1039 947 1096 istorum,
973 1057 1084 1101 quos
1108 1058 1198 1087 esse
1220 1044 1432 1103 conspicis

45 1116 188 1158 meos,
212 1104 549 1151 concordissimo
571 1116 615 1151 et
635 1110 908 1156 veracissimo
930 1112 1074 1170 potius
1094 1128 1168 1157 ore
1190 1114 1280 1173 ipse
1304 1114 1430 1158 dam-

47 1172 191 1216 neris?
212 1174 389 1219 Istis-ne
411 1185 460 1220 tu
480 1175 720 1223 luminibus
740 1180 922 1225 civitatis
944 1183 1037 1238 Dei,
1063 1193 1209 1228 mente
1231 1185 1434 1229 tenebro-

50 1241 214 1287 sissima
229 1278 240 1297 ,
263 1243 407 1289 fronte
435 1246 835 1306 impudentissima,
861 1251 1011 1310 lingua
1032 1255 1330 1312 procacissima
1353 1271 1431 1298 au-

50 1309 126 1355 des
147 1313 313 1361 crimen
335 1314 519 1373 objicere
539 1318 799 1363 Manichaei?
818 1321 861 1365 Si
883 1331 1027 1366 autem
1051 1339 1140 1368 non
1166 1324 1297 1368 audes
1317 1359 1327 1380 ,
1359 1339 1437 1368 cur

47 1381 156 1426 mihi
179 1398 267 1427 non
288 1384 346 1428 ob
365 1383 484 1428 aliud
505 1386 636 1431 audes
654 1423 665 1444 ,
690 1390 771 1433 nisi
788 1391 889 1450 quia
907 1392 991 1436 hoc
1008 1392 1130 1450 dico,
1149 1395 1271 1454 quod
1285 1395 1439 1439 dicunt

49 1453 210 1511 quibus
226 1469 316 1499 non
333 1455 499 1500 audes?

107 1526 228 1568 LIII.
267 1526 292 1568 J
300 1541 493 1570 [naurs.
535 1545 555 1568 «
583 1527 651 1571 Ibi
678 1543 868 1588 namque
901 1530 971 1575 hic
1002 1542 1066 1576 est
1098 1550 1122 1577 a
1151 1548 1220 1578 me
1255 1534 1439 1579 collatus

49 1593 158 1638 ordo
191 1595 439 1651 verborum,
474 1611 576 1641 cum
612 1597 814 1643 dixissem
845 1611 1068 1646 auctorem
1099 1606 1238 1649 Deum
1269 1604 1368 1650 coeli
1397 1614 1441 1649 et

51 1673 192 1720 terrae,
218 1666 502 1727 omniumque
527 1684 627 1727 quae
652 1670 698 1713 in
725 1671 784 1714 eis
809 1681 925 1728 sunt,
952 1690 1001 1718 ac
1023 1690 1100 1734 per
1121 1676 1204 1720 hoc
1227 1685 1270 1720 et
1292 1676 1439 1721 homi-

51 1751 159 1779 num
182 1746 360 1796 propter
381 1754 491 1798 quos
512 1749 670 1785 cuncta
694 1740 808 1786 facta
831 1753 946 1788 sunt.
977 1748 1075 1790 Non
1100 1756 1245 1791 autem
1272 1764 1342 1791 me
1366 1747 1439 1792 fu-

53 1806 114 1864 git
131 1841 142 1861 ,
178 1807 330 1867 inquio
347 1843 358 1863 ,
389 1824 490 1854 cum
520 1810 614 1855 haec
643 1811 842 1869 dicimus,
878 1814 988 1859 illud
1017 1815 1071 1860 de
1099 1817 1225 1861 nobis
1245 1818 1442 1862 dissemi-

52 1878 247 1921 nandum
278 1894 385 1935 esse,
419 1881 521 1939 quia
555 1882 736 1940 gratiam
766 1885 926 1930 Christi
947 1889 1226 1932 necessariam
1250 1888 1441 1948 parvulis

55 1963 144 1992 non
170 1958 391 2008 putemus.
424 1951 555 2004 Quod
586 1954 851 2000 Christianos
880 1958 1064 2016 populos
1093 1959 1372 2004 laudabiliter
1400 1968 1443 2004 et

55 2019 336 2065 vehementer
366 2022 552 2067 offendit
577 2042 587 2068 ε
612 2024 647 2067 si
676 2033 824 2071 tamen
853 2027 959 2072 dicti
989 2044 1066 2088 per
1095 2045 1139 2073 se
1168 2030 1322 2074 nefarii
1353 2045 1444 2074 non

57 2104 135 2133 nos
164 2090 479 2135 arbitrarentur
502 2102 700 2139 auctores
725 2115 734 2141 ε
760 2112 811 2141 eo
833 2099 948 2141 enim
967 2099 1100 2145 modo
1118 2116 1199 2145 nec
1221 2101 1276 2144 de
1296 2100 1446 2145 fratri-

58 2158 140 2203 bus
168 2160 254 2205 suis
281 2160 388 2205 falsa
410 2163 630 2208 credendo
658 2166 822 2211 crimen
850 2167 1137 2226 incurrerent,
1165 2181 1208 2215 et
1231 2171 1446 2216 studiosos

6 2244 16 2257 ⁴
59 2246 102 2274 se
123 2231 236 2275 circa
257 2246 450 2277 amorem
467 2234 571 2278 fidei
592 2239 942 2297 comprobarent.
967 2242 1207 2287 Munienda
1228 2244 1359 2301 igitur
1371 2258 1448 2288 no-

60 2300 127 2345 bis
154 2300 234 2346 ista
260 2317 357 2360 pars
381 2313 444 2348 est
468 2314 618 2351 contra
638 2307 852 2367 impetum
874 2312 1092 2368 vanitatis,
1112 2323 1154 2358 et
1177 2314 1448 2359 confessione

60 2370 182 2416 brevi
197 2387 245 2416 os
262 2371 596 2433 obloquentium
614 2372 931 2426 consuendum.
952 2385 1038 2429 Nos
1057 2384 1189 2442 igitur
1209 2385 1256 2429 in
1278 2393 1449 2428 tantum

65 2441 245 2500 gratiam
281 2442 551 2502 baptismatis
589 2450 792 2495 omnibus
829 2452 983 2497 utilem
1021 2455 1223 2499 aetatibus
1263 2456 1449 2500 confite-

113 2549 123 2565 ¹
141 2543 236 2576 Basil.
257 2554 362 2578 sermo
380 2557 393 2579 1
409 2546 449 2579 de
470 2547 610 2589 Jejuuio.
627 2567 668 2574 -
686 2558 698 2574 ²
718 2554 810 2585 Joan.
829 2554 988 2596 chrysost.
1010 2556 1123 2588 Homil.
1144 2557 1184 2589 de
1200 2559 1318 2590 Lazaro
1337 2569 1446 2590 resus-
1470 2569 1478 2576 ·

69 2597 183 2632 citato.

1202 2669 1265 2706 14.
