1821 3264
253 270 395 297 OPERIS
430 271 602 298 lMPssnF.
637 271 797 299 CONTRA
832 272 999 302 JL‘LIAN.
1037 275 1117 302 Lm.
1154 277 1201 302 Π.
1339 264 1414 303 471

48 349 67 372 »
93 331 214 393 quit,
237 334 456 393 Scriptura
476 334 618 378 omnia
636 334 718 378 sub
738 345 939 394 peccato,
964 346 1011 382 ut
1032 338 1255 398 promissio
1272 353 1321 384 ex
1337 340 1422 384 fide

47 419 66 442 >›
93 404 195 445 ,lesu
227 403 384 446 Christi
417 403 593 448 daretur
626 405 950 452 credentibus1.
993 426 1012 450 η
1052 410 1165 453 Ecce
1203 410 1321 469 quod
1361 419 1424 454 est

43 471 277 517 consilium
300 473 413 519 datae
436 473 556 534 legis.

97 543 202 595 Quis
226 552 370 588 autem
398 545 558 600 nescit,
579 559 669 590 non
690 544 796 605 legis
814 580 825 602 ,
850 546 926 591 sed
949 547 1178 593 hominum
1204 549 1310 595 vitio
1330 549 1425 609 lege

45 612 318 659 subintrante
352 616 594 661 abundasse
627 619 886 676 peccatum?
919 618 1002 663 Sed
1022 619 1106 664 hoc
1134 620 1286 665 vitium
1304 655 1315 677 ,
1337 637 1427 682 quo

47 683 266 742 prohibita
299 686 395 746 plus
425 686 671 743 delectant,
699 697 740 733 et
774 689 822 734 fit
852 688 988 734 virtus
1015 691 1177 750 peccati
1210 691 1306 747 lex,
1337 708 1427 736 non

45 765 167 801 sanat
188 757 269 802 nisi
290 758 510 803 vivificans
535 759 732 819 spiritus,
757 775 847 805 non
867 760 1009 806 littera
1036 762 1268 807 occidens²
1294 782 1301 807 :
1327 779 1427 824 quae

43 836 189 872 tamen
207 828 260 873 ad
274 830 356 874 hoc
374 829 491 874 utilis
507 828 606 885 fuit,
629 831 733 891 quia
746 846 847 875 cum
864 832 955 891 ipsa
972 833 1202 888 occideret,
1226 849 1303 894 per
1314 850 1427 894 prae-

43 897 366 954 varicationem,
389 908 610 944 crescente
624 915 702 959 per
718 901 1054 960 prohibitionem
1071 902 1309 962 cupiditate
1323 919 1425 964 pec-

39 967 192 1024 candi,
227 970 518 1015 vivificantem
549 970 756 1030 Spiritum
789 971 890 1017 fecit
917 973 1100 1033 inquiri,
1131 982 1174 1017 et
1204 974 1427 1018 hominem

39 1037 95 1082 de
114 1054 192 1083 sua
213 1040 374 1085 virtute
395 1040 613 1085 lethaliter
636 1041 930 1087 confidentem
947 1077 958 1099 ,
992 1043 1255 1103 adjutorium
1279 1045 1426 1103 gratiae

40 1110 119 1153 Dei
141 1111 356 1171 compulit
386 1127 587 1171 poscere,
612 1112 694 1157 sub
721 1111 816 1171 lege
832 1148 842 1168 ,
870 1114 1068 1173 quamvis
1089 1122 1235 1158 sancta
1258 1123 1301 1159 et
1316 1116 1431 1174 justa

41 1189 84 1223 et
118 1181 232 1226 bona
251 1218 261 1237 ,
299 1192 445 1228 tamen
480 1183 781 1239 deficientem,
822 1193 953 1245 atque
991 1183 1045 1229 ad
1080 1183 1298 1244 operanda
1331 1200 1431 1245 quae

39 1259 186 1296 sancta
202 1287 213 1307 ,
241 1269 340 1313 quae
353 1256 470 1314 justa
484 1288 494 1305 ,
514 1269 613 1314 quae
628 1254 743 1300 bona
761 1264 887 1311 sunt,
905 1254 986 1300 sibi
1002 1255 1234 1301 subvenire
1247 1255 1431 1315 propriis

41 1323 206 1368 viribus
228 1339 319 1369 non
341 1325 575 1370 valentem.

98 1396 294 1441 CCXXI.
331 1399 558 1442 ermts.
600 1415 620 1439 α
655 1398 761 1441 Jure
797 1397 930 1457 igitur
960 1397 1047 1442 hoc
1082 1411 1238 1457 genere
1270 1397 1429 1442 dicitur

41 1467 283 1511 abundasse
307 1466 514 1512 delictum
534 1503 544 1523 ,
571 1468 693 1529 quod
714 1477 758 1513 et
775 1477 875 1513 ante
895 1468 1035 1528 legem
1053 1503 1064 1524 ,
1085 1477 1128 1513 et
1150 1476 1247 1528 post
1263 1467 1426 1527 legem,

41 1538 383 1599 uniuscujusque
401 1539 707 1584 committebat
721 1539 945 1597 voluntas3
965 1539 1041 1583 sed
1058 1548 1158 1583 ante
1173 1539 1312 1596 legem
1329 1553 1432 1598 pec-

40 1610 175 1654 catrix
196 1644 206 1663 ,
230 1618 325 1668 post
351 1610 490 1669 legem
509 1619 655 1655 autem
677 1610 809 1654 etiam
824 1608 1158 1670 praevaricatrix.
1187 1611 1309 1653 Tunc
1330 1622 1432 1667 ergo

40 1681 191 1724 crescit
213 1689 255 1724 et
279 1680 474 1724 abundat
497 1679 664 1739 aliquid
679 1715 689 1735 ,
715 1695 815 1724 cum
838 1680 883 1723 in
907 1694 1064 1738 genere
1086 1695 1165 1723 suo
1187 1678 1354 1738 colligit
1370 1679 1431 1722 in-

38 1759 261 1795 crementa
294 1770 302 1795 z
334 1751 444 1795 sicut
477 1759 655 1809 peccato
687 1749 836 1794 liberae
864 1749 1104 1794 voluntatis
1126 1757 1223 1808 post
1248 1751 1431 1805 Moysen

41 1822 244 1867 cumulus
267 1822 614 1884 transgressionis
638 1822 814 1866 accessit
840 1839 850 1866 ε
875 1820 930 1865 de
958 1819 1112 1866 eodem
1137 1819 1252 1865 enim
1277 1833 1432 1878 genere

43 1892 127 1937 fuit
142 1929 152 1947 ,
175 1893 277 1937 licet
298 1894 342 1936 in
368 1903 560 1952 tempore
579 1894 748 1939 diverso
764 1929 775 1948 ,
801 1892 845 1936 id
866 1902 950 1948 est,
976 1892 1031 1936 de
1049 1891 1162 1936 mala
1182 1890 1427 1945 voluntate,

42 1980 142 2025 quae
165 1974 208 2008 et
229 1973 329 2008 ante
348 1963 485 2022 legem
505 1998 516 2019 ,
544 1973 587 2008 et
608 1973 706 2024 post
727 1964 864 2021 legem
882 1997 893 2017 ,
917 1978 1006 2007 non
1027 1970 1181 2006 coactu
1202 1961 1430 2021 insupera-

44 2035 119 2080 bili
137 2071 148 2091 ,
179 2036 253 2080 sed
275 2035 420 2080 studio
445 2034 724 2095 vituperabili
752 2033 953 2094 deliquit.
980 2036 1089 2087 Quae
1117 2047 1219 2078 cum
1239 2033 1299 2077 ita
1320 2032 1428 2087 sint,

43 2107 123 2150 tibi
155 2107 265 2151 nihil
297 2115 439 2166 potest
467 2106 523 2151 de
553 2105 799 2166 apostolicis
825 2105 1059 2150 convenire
1089 2104 1245 2149 verbis.
1279 2105 1432 2163 Neque

44 2177 160 2222 enim
182 2178 516 2222 subintroeunte
543 2177 638 2235 lege
659 2186 889 2236 peccatum
909 2175 1100 2220 traducis
1121 2184 1196 2220 aut
1218 2174 1431 2233 copiosius

43 2248 208 2292 sactum
231 2249 436 2304 docetur,
462 2258 537 2293 aut
557 2247 762 2307 grandius
785 2267 794 2293 :
815 2263 896 2292 nec
913 2246 1100 2307 peccatis
1121 2245 1356 2290 voluntatis
1376 2244 1431 2288 il-

42 2318 119 2362 lud
136 2318 358 2363 abundare
371 2320 470 2379 jure
483 2319 658 2373 dicitur,
677 2318 798 2379 quod
811 2317 867 2363 ad
878 2317 1147 2362 nascentium
1160 2314 1430 2360 voluntatem

42 2405 319 2450 nequaquam
343 2391 526 2435 attinere
543 2399 823 2436 monstratur.
844 2391 942 2435 Non
958 2403 1060 2447 ergo
1079 2385 1318 2431 abundavit
1332 2394 1429 2444 post

43 2460 180 2519 legem
195 2496 206 2516 ,
232 2461 352 2521 quod
374 2460 442 2505 lex
464 2476 545 2506 nec
566 2462 800 2521 prohibere
822 2459 987 2520 potuit,
1010 2472 1090 2502 nec
1112 2456 1281 2516 punire.
1305 2475 1326 2498 «
1346 2455 1430 2500 Ubi

47 2550 66 2573 »
93 2540 239 2576 autem
263 2532 501 2576 abundavit
524 2541 751 2590 peccatum
771 2567 782 2586 ,
811 2527 1177 2590 superabundavit
1198 2527 1331 2586 gratia
1351 2545 1360 2572 :
1381 2535 1431 2571 ut

98 2624 103 2639 ¹
127 2616 194 2649 Gal.
217 2629 267 2659 111,
286 2625 340 2650 22.
354 2633 395 2640 --—
414 2624 425 2639 ²
452 2628 463 2648 1
489 2618 562 2650 Cor.
581 2626 635 2658 xv,
654 2615 709 2649 56.
