1884 3285
420 291 504 330 484
858 302 890 325 s,
927 295 1155 324 AtGUsTINI
1188 297 1367 324 Eriscom

418 367 550 419 tium,
583 373 626 407 et
654 361 885 406 reddamus
915 362 955 405 ei
986 361 1280 406 testimonium
1313 361 1504 406 veritatis
1544 377 1647 405 suae.
1686 365 1793 406 Vere

417 435 554 490 enim,
579 435 689 478 sicut
721 433 848 488 dixit,
879 433 1121 476 humanum
1147 431 1350 492 estquod
1379 433 1610 492 praecepit,
1645 441 1694 477 ut
1715 448 1793 477 vo-

415 506 592 552 luntatis
612 505 821 550 correctio
838 502 1088 547 emendaret
1103 503 1205 548 vitia
1226 503 1478 547 voluntatis.
1508 522 1526 544 υ

475 580 767 621 Atecsrmts.
806 573 891 619 Sed
924 574 1133 619 eorrectio
1163 574 1257 618 haec
1287 574 1477 618 humana
1506 589 1592 618 non
1630 574 1680 617 fit
1717 574 1794 618 nisi

416 645 702 706 opitulatione
719 645 879 690 divina.
911 662 931 686 «
954 644 1060 697 Quis
1078 643 1193 687 enim
1220 644 1406 688 hominis
1436 644 1613 704 corrigit
1636 644 1794 688 volun-

417 737 437 760 »
467 727 622 772 tatem,
658 717 740 761 nisi
774 716 847 760 ille
881 716 952 760 cui
989 715 1174 769 dicitur,
1207 719 1319 760 Deus
1350 716 1562 760 virtutum
1595 725 1796 761 converte

418 807 438 831 »
464 792 568 833 nos¹
594 807 602 833 ε
623 806 642 829 »
659 797 717 843 et,
740 806 761 831 «
781 791 893 832 Deus
909 796 957 833 tu
972 796 1228 832 convertens
1241 787 1478 832 vivificabis
1492 789 1624 832 nos²i³
1647 790 1683 830 A
1711 790 1796 831 Do-

417 877 438 901 »
465 859 582 903 mino
617 858 731 902 enim
762 872 928 917 gressus
962 858 1149 903 hominis
1183 857 1449 915 diriguntur,
1489 866 1532 902 et
1566 858 1674 901 viam
1709 858 1798 916 ejus

419 946 438 970 »
462 930 620 973 volet3.
650 946 669 970 »
699 929 742 973 Si
767 937 911 973 autem
934 944 1023 972 non
1054 928 1108 972 ab
1132 928 1206 972 illo
1234 928 1497 987 dirigantur,
1530 929 1661 972 homo
1686 928 1797 972 viam

416 1001 492 1043 Dei
516 1015 604 1044 non
623 999 762 1055 volet,
788 1000 867 1044 etsi
883 1000 1034 1059 jubeat
1053 998 1121 1042 lex
1138 1009 1187 1042 ut
1206 999 1323 1043 velit.

473 1072 728 1115 CCXXXV.
765 1073 991 1114 «Iunius.
1032 1087 1050 1110 «
1079 1068 1164 1113 Sed
1192 1078 1242 1113 ut
1262 1069 1345 1112 hoc
1366 1069 1634 1124 humanum,
1665 1069 1723 1113 sic
1745 1069 1798 1112 il-

415 1141 493 1185 lud
515 1141 634 1185 aliud
655 1141 689 1184 si
706 1150 897 1200 putasset
914 1175 924 1194 ,
952 1155 1039 1184 non
1055 1138 1194 1183 solum
1216 1139 1504 1183 inhumanum
1518 1175 1528 1195 ,
1554 1155 1640 1184 non
1661 1140 1799 1184 solum

414 1211 573 1266 ferum,
592 1227 742 1256 verum
758 1212 885 1255 etiam
899 1212 1109 1268 injustum
1123 1231 1133 1268 3
1146 1227 1234 1255 non
1252 1210 1391 1255 solum
1407 1211 1634 1270 injustum,
1650 1227 1799 1255 verum

414 1283 543 1326 etiam
559 1282 757 1325 insanum
776 1302 786 1339 3
802 1291 851 1326 ut
869 1291 1095 1341 peccatum
1111 1281 1145 1326 si
1162 1290 1304 1326 nosset
1322 1281 1501 1337 innasci,
1523 1281 1802 1341 exprobraret

413 1369 501 1397 suae
524 1354 661 1396 aetatis
684 1353 933 1396 hominibus
952 1353 1055 1397 vitia
1078 1362 1225 1411 partus
1246 1353 1436 1412 antiqui,
1462 1362 1504 1396 et
1524 1353 1577 1396 ab
1601 1353 1665 1397 his
1687 1369 1799 1412 prae-

413 1425 571 1482 ciperet
604 1422 911 1467 abstinendum
930 1458 940 1477 ,
977 1437 1076 1482 quac
1110 1424 1257 1467 innata
1284 1423 1516 1481 credebat,
1547 1433 1678 1482 atquc
1700 1439 1798 1467 cum

413 1494 766 1538 interminatione
796 1493 1120 1552 praescriberet,
1160 1493 1321 1537 debere
1356 1509 1426 1536 me
1460 1509 1508 1537 ea
1552 1493 1796 1552 deponere,

413 1581 512 1624 quae
528 1573 628 1608 ante
645 1565 806 1608 habere
823 1579 1064 1623 coeperam,
1084 1580 1213 1624 quam
1238 1566 1382 1608 anima
1399 1565 1442 1608 in
1462 1579 1617 1624 corpus
1636 1580 1796 1618 meum,

414 1636 460 1678 in
482 1636 600 1679 hunc
617 1650 719 1679 vero
735 1635 950 1680 mundum
974 1651 1131 1695 corpus
1152 1637 1348 1680 intraret.
1376 1655 1396 1677 »

474 1709 765 1750 Areus'rmts.
801 1709 917 1764 Ergo
935 1706 1073 1750 carnis
1088 1706 1436 1765 concupiscentia
1449 1721 1539 1750 non
1553 1715 1616 1750 est
1629 1707 1798 1763 innata,

415 1785 489 1819 aut
507 1791 597 1819 non
614 1776 669 1819 ab
689 1792 737 1820 ea
757 1777 956 1835 praecipit
973 1776 1281 1821 abstinendum
1295 1812 1305 1831 ,
1327 1778 1402 1836 qui
1417 1777 1523 1821 dicit
1543 1796 1552 1820 :
1577 1798 1596 1818 «
1615 1777 1799 1821 Contine

417 1864 436 1886 »
464 1855 505 1889 te
526 1846 693 1905 ipsum⁴¹
717 1865 726 1891 :
749 1864 769 1887 »
795 1856 864 1900 et,
894 1865 911 1886 «
933 1846 1151 1890 Desideria
1165 1847 1375 1906 juvenilia
1399 1846 1515 1905 fuge.
1551 1865 1570 1887 »
1597 1849 1686 1891 Cur
1713 1862 1799 1890 non

415 1914 524 1960 dixit
552 1935 562 1961 ε
599 1935 617 1958 «
649 1916 907 1961 Voluntaria
935 1916 1145 1960 desideria
1175 1916 1333 1976 fug-ew
1359 1935 1379 1958 »
1407 1919 1619 1961 Juventus
1651 1918 1801 1977 utique

414 2002 575 2032 nomen
609 1989 748 2031 aetatis
775 1997 838 2031 est
869 2007 877 2032 :
912 1997 1060 2032 aetates
1093 1997 1240 2032 autem
1269 1998 1446 2043 natura,
1484 2004 1572 2033 non
1601 1988 1800 2032 voluntas

414 2057 547 2100 habet
563 2092 574 2112 ,
599 2066 642 2101 et
664 2073 712 2102 ea
735 2058 1083 2118 concupiscentia
1107 2058 1160 2102 de
1177 2058 1362 2118 juvenili
1382 2068 1509 2103 aetate
1531 2060 1714 2103 maxime
1734 2075 1801 2103 ac-

415 2128 642 2186 cenditur,
671 2130 792 2189 cujus
815 2130 967 2189 utique
989 2129 1051 2174 vis
1073 2130 1118 2173 in
1139 2130 1306 2174 infante
1327 2131 1465 2190 sopita
1493 2140 1556 2175 est
1571 2166 1580 2183 ,
1606 2132 1715 2175 sicut
1739 2146 1800 2174 ra-

415 2196 542 2241 tionis
557 2232 568 2252 ,
594 2199 705 2243 sicut
727 2200 859 2257 ipsius
880 2199 1132 2244 voluntatis.
1158 2201 1241 2244 Sed
1259 2199 1465 2245 discernit
1484 2201 1636 2245 oculus
1653 2201 1799 2246 Chris-

412 2267 578 2322 tianus,
613 2283 701 2312 non
732 2267 1015 2326 Pelagianus,
1045 2269 1152 2329 quid
1181 2269 1234 2313 de
1257 2272 1470 2315 Creatoris
1501 2271 1795 2324 institutione,

412 2338 520 2396 quid
543 2339 597 2382 de
611 2339 703 2383 vitii
723 2341 1089 2384 contaminatione
1106 2341 1174 2385 vel
1191 2351 1332 2386 sumat
1348 2351 1525 2398 natura,
1546 2341 1614 2386 vel
1631 2351 1799 2386 contra-

413 2409 508 2462 hat,
533 2409 815 2454 Conditorem
838 2425 916 2454 suo
935 2411 1053 2454 bono
1070 2410 1310 2468 praedicans
1325 2447 1335 2465 ,
1362 2411 1602 2471 eodemque
1624 2422 1799 2470 propter

412 2478 602 2533 malum,
641 2495 729 2539 quo
764 2480 914 2525 vitiata
935 2489 1023 2535 est,
1065 2479 1262 2539 indigens
1295 2481 1548 2526 Salvatore:
1587 2482 1642 2525 dc
1677 2491 1796 2526 reatu

461 2586 465 2600 ¹
496 2581 575 2612 usal.
596 2585 812 2619 txx1v,8.-
829 2582 906 2614 21d.
935 2591 1065 2622 Lxxxiv,
1089 2591 1119 2623 7.
1141 2599 1173 2605 -
1193 2580 1206 2604 3
1239 2583 1283 2615 Id.
1307 2582 1573 2621 xxxv1‚23.-s·
1599 2582 1693 2615 [ccli.
1722 2594 1794 2622 xxx,

414 2640 465 2673 24.
482 2635 549 2658 --5
572 2645 589 2667 2
608 2637 686 2667 Tim.
714 2649 746 2674 n,
767 2646 819 2669 Ὦ.
