1884 3285
415 281 498 319 326
848 289 882 317 s.
918 290 1146 318 AUGUSTINI
1182 290 1361 316 amscori

413 355 531 414 quod
550 356 656 398 ratio
673 355 829 413 arguit,
851 370 938 399 non
955 363 1096 414 potest
1118 355 1353 399 auctoritas
1372 354 1604 400 vindicare.
1630 356 1796 401 Deinde

413 426 646 485 probatum
670 435 753 479 est,
785 429 917 469 Deum
943 426 1064 469 nobis
1087 436 1237 472 notum
1263 439 1352 468 esse
1379 425 1614 470 virtutibus
1635 445 1644 470 ε
1669 427 1799 485 hujus

413 512 514 554 ergo
538 496 750 555 justitiam
783 506 832 540 ut
862 497 1222 555 omnipotentiam
1257 495 1573 540 confitendam:
1603 498 1728 557 cujus
1764 497 1799 542 si

412 566 666 611 admittatur
688 565 921 622 excidium,
946 568 1144 626 majestas
1164 566 1343 626 incipiet
1363 575 1455 611 tota
1479 575 1634 611 nutare
1655 587 1666 625 3
1696 567 1798 627 quia

413 638 472 680 ita
494 639 608 681 Deus
624 638 768 697 justus
791 646 876 692 est,
900 645 951 681 ut
968 637 1000 681 si
1024 637 1281 696 probaretur
1292 637 1434 696 justus
1454 652 1543 681 non
1560 651 1667 692 esse,
1690 652 1799 682 con-

411 707 656 751 vinceretur
680 711 793 752 Deus
818 723 907 752 non
929 722 1018 751 esse
1043 727 1051 752 2
1083 706 1426 766 conclusumque
1450 716 1538 762 est,
1559 723 1638 752 nos
1660 710 1800 752 Deum

408 778 701 837 aequissimum
727 779 772 822 in
803 778 1009 823 Trinitate
1041 778 1258 835 venerari3
1297 786 1339 821 et
1372 776 1698 822 irrefutabiliter
1719 793 1800 837 ap-

407 848 578 908 paruit,
612 864 702 893 nou
732 864 855 908 posse
884 850 939 894 ab
964 864 1015 895 eo
1035 858 1264 909 peccatum
1291 849 1485 894 alienum
1507 849 1700 909 parvulis
1715 849 1800 894 im-

413 921 574 979 putari.
602 939 623 962 ))

466 994 759 1036 Amusmnvcs.
782 993 926 1044 Quare
949 1006 1040 1035 non
1072 990 1220 1035 fateris
1256 991 1311 1035 ab
1348 991 1650 1050 omnipotente
1684 992 1804 1051 justo

413 1076 541 1120 grave
552 1062 709 1121 jugum
727 1077 856 1121 super
871 1062 981 1106 filios
1001 1063 1140 1106 Adam
1155 1077 1177 1106 a
1197 1062 1267 1105 die
1280 1062 1417 1106 exitus
1433 1062 1486 1105 de
1495 1071 1646 1106 ventre
1654 1063 1802 1108 matris

408 1147 583 1186 eorum,
601 1133 692 1177 sine
715 1132 807 1176 ullo
831 1134 994 1191 peccati
1017 1133 1173 1176 merito
1196 1147 1285 1176 non
1306 1132 1495 1190 potuisse
1517 1133 1738 1177 constitui.

465 1204 610 1247 XVII.
637 1206 866 1247 Jcmmrs.
897 1202 981 1248 Sed
1023 1212 1072 1247 ut
1111 1203 1166 1246 de
1203 1203 1458 1247 definitione
1499 1203 1700 1262 justitiae,
1742 1203 1802 1249 ita

407 1273 537 1317 etiam
568 1273 622 1317 de
649 1274 815 1332 peccati
847 1273 1098 1318 conditione
1133 1273 1361 1318 dissertum
1385 1283 1470 1329 est,
1501 1273 1624 1334 quod
1647 1289 1803 1334 pecca-

408 1353 504 1388 tum
528 1344 730 1403 apparuit
759 1344 866 1387 nihil
899 1359 989 1388 esse
1019 1344 1138 1388 aliud
1164 1360 1297 1404 quam
1324 1344 1481 1389 malam
1503 1343 1799 1401 voluntatem,

408 1415 481 1460 cui
512 1424 622 1460 esset
650 1415 837 1460 liberum
870 1417 925 1460 ab
959 1431 1010 1460 eo
1042 1414 1163 1475 quod
1202 1431 1335 1475 prave
1367 1416 1636 1476 appetiverat
1672 1416 1804 1461 absti-

410 1502 531 1532 nere.
562 1505 582 1528 »

469 1561 764 1605 Accusmm‘s.
791 1560 885 1603 Hoc
917 1567 981 1602 est
1004 1558 1185 1604 omnino
1225 1567 1455 1618 peccatum
1489 1558 1619 1618 primi
1656 1559 1803 1605 homi·
1870 1579 1873 1595 τ

411 1630 475 1674 nis
494 1665 504 1685 ‚
540 1630 659 1673 unde
691 1629 735 1673 in
763 1631 960 1674 homines
989 1629 1093 1673 mali
1125 1630 1245 1688 origo
1277 1629 1516 1674 descendit.
1550 1630 1603 1674 Ei
1632 1630 1800 1690 quippe

410 1700 538 1745 valde
559 1700 747 1744 liberum
771 1698 878 1754 fuit,
913 1700 968 1744 ab
991 1715 1042 1744 eo
1071 1699 1192 1760 quod
1214 1715 1343 1759 prave
1371 1700 1643 1760 appetiverat
1665 1700 1803 1746 absti-

410 1785 513 1814 nere
540 1770 670 1829 :quia
697 1770 895 1814 nondum
915 1780 1006 1815 erat
1035 1771 1207 1826 vitium,
1235 1786 1323 1831 quo
1346 1785 1446 1816 caro
1472 1771 1805 1831 concupisceret
1873 1820 1875 1822 .

412 1841 617 1885 adversus
638 1840 837 1899 spiritum
859 1860 868 1886 z
892 1840 1090 1886 nondum
1113 1841 1303 1896 dicebat,
1318 1843 1417 1887 Non
1435 1841 1556 1901 quod
1577 1841 1678 1886 volo
1695 1856 1801 1900 ago:

412 1911 609 1955 nondum
633 1911 799 1969 positus
826 1911 873 1955 in
895 1927 1026 1956 carne
1053 1912 1220 1971 peccati
1247 1910 1388 1955 ullum
1410 1913 1700 1957 necessarium
1722 1912 1804 1957 ha-

413 1983 545 2027 bebat
569 1982 776 2027 auxilium
799 1982 854 2027 de
875 1983 1159 2028 similitudine
1181 1984 1321 2028 carnis
1343 1984 1523 2043 peccati.

471 2056 638 2098 XVIII.
666 2057 689 2097 J
698 2072 892 2099 cmm-s.
920 2057 982 2098 Ac
1008 2070 1084 2113 per
1117 2055 1202 2098 hoc
1237 2054 1524 2099 illustrissimo
1555 2053 1805 2099 testimonio

412 2124 671 2184 perdoctum
695 2134 784 2180 est,
804 2125 849 2169 in
873 2125 1152 2170 nascentibus
1174 2140 1264 2170 non
1290 2140 1380 2169 esse
1407 2133 1659 2185 peccatum,
1684 2125 1805 2186 quod

412 2197 457 2240 in
476 2196 540 2240 his
562 2211 664 2240 usus
685 2196 921 2242 voluntatis
941 2213 1030 2242 non
1053 2206 1224 2256 poterat
1240 2197 1440 2242 inveniri.

472 2270 765 2312 Amrsavnws.
792 2270 848 2311 Et
879 2268 997 2312 unde
1029 2282 1154 2326 grave
1176 2269 1351 2328 jugum,
1387 2268 1468 2312 nisi
1501 2267 1603 2328 quia
1631 2268 1691 2312 ita
1715 2283 1805 2313 non

415 2337 580 2382 habent
602 2337 838 2382 voluntatis
860 2353 985 2382 usum
1003 2374 1013 2393 ‚
1038 2347 1086 2382 ut
1113 2338 1316 2383 obnoxiae
1339 2347 1484 2383 tamen
1504 2337 1697 2383 habeant
1717 2338 1804 2383 ori-

417 2409 526 2467 ginis
543 2408 787 2453 vinculum.

475 2481 598 2523 XIX.
627 2481 853 2524 JIJLIANUS.
882 2479 1088 2523 Liberum
1119 2488 1266 2523 autem
1300 2479 1530 2524 arbitrium
1567 2479 1715 2538 negari
1749 2480 1804 2525 ab

416 2550 482 2593 his
502 2551 578 2609 qui
600 2548 754 2595 dicunt
784 2560 960 2610 peccata
991 2565 1081 2595 esse
1103 2550 1334 2606 naturalia,
1358 2549 1504 2595 lucida
1522 2559 1587 2595 est
1608 2551 1805 2610 disputa·
1833 2603 1837 2609 ,
1875 2574 1881 2583 «

416 2621 532 2664 tione
556 2630 860 2665 monstratum.
893 2620 1023 2674 Quod
1054 2620 1231 2680 quidem
1268 2624 1452 2676 Poenus,
1483 2635 1573 2666 non
1607 2635 1689 2666 suo
1716 2636 1805 2666 ser-
