1884 3285
467 238 550 278 146
910 248 942 271 s-
979 244 1206 272 mucosum
1240 244 1417 270 emsoori

461 312 733 371 praeparavit.
762 329 783 351 «
805 312 924 362 Quos
944 322 1045 365 ergo
1062 307 1386 367 praedestinavit
1400 308 1436 359 ¹,
1457 323 1477 347 ι)
1495 307 1606 364 ipsos
1619 316 1662 351 et
1672 308 1843 352 vocavit

460 381 684 426 vocatione
706 378 781 423 illa
797 414 808 433 ‚
834 394 965 438 quam
990 393 1059 422 me
1082 393 1195 437 saepe
1223 391 1563 422 commemorare
1588 392 1677 422 non
1699 376 1846 436 pigetJ

456 450 511 494 de
525 466 610 509 qua
627 450 797 494 dictum
814 458 905 494 est:
925 467 946 491 «
961 448 1063 494 Sine
1083 448 1342 507 poenitentia
1359 454 1461 490 sunt
1478 446 1594 491 dona
1611 455 1655 490 et
1675 447 1844 493 vocatio

460 538 479 561 >)
507 520 583 563 Dei
595 522 627 562 2.
650 537 671 560 »
698 521 892 578 Namque
913 519 959 562 in
984 533 1060 562 sua
1078 533 1177 578 quae
1196 517 1289 561 falli
1318 516 1566 575 mutarique
1590 531 1679 561 non
1701 525 1843 575 potest

458 589 750 647 praescientia,
774 603 904 647 opera
925 601 1002 632 sua
1020 586 1165 632 futura
1187 586 1415 646 disponere
1430 620 1440 639 ‚
1468 585 1513 629 id
1534 586 1735 639 omnino,
1756 600 1838 630 nec

456 657 574 702 aliud
598 657 839 717 quidquam
860 666 924 700 est
946 656 1267 715 praedestinare.
1297 656 1418 700 Sicut
1441 663 1587 698 autem
1608 653 1682 698 ille
1703 669 1835 714 quem

453 738 618 771 castum
641 726 842 770 futurum
865 741 953 770 esse
982 726 1213 785 praescivit,
1238 722 1499 784 quamvis-id
1517 724 1732 768 incertum
1753 724 1836 768 ha-

453 796 568 848 beat,
589 797 676 852 agit
693 804 742 838 ut
757 804 898 840 castus
916 795 969 839 sit
989 814 997 839 :
1015 796 1074 839 ita
1092 795 1165 839 ille
1178 809 1310 854 quem
1328 802 1495 838 castum
1513 792 1713 837 futurum
1729 808 1838 851 vprae-

453 865 702 920 destinavit,
723 865 920 924 quamvis
937 865 983 908 id
1002 866 1216 909 incertum
1231 865 1402 915 habeat,
1421 878 1510 907 uon
1527 863 1626 908 ideo
1644 878 1734 907 non
1747 863 1834 921 agit

450 945 499 980 ut
515 945 656 980 castus
673 938 740 989 sit,
753 936 961 995 quoniam
978 936 1054 980 Dei
1068 935 1186 980 dono
1201 950 1244 979 se
1263 933 1383 979 audit
1397 932 1597 979 futurum
1606 948 1695 978 esse
1709 933 1830 992 quod

449 1006 552 1062 erit3
570 996 658 1049 imo
671 1006 800 1049 etiam
812 1005 972 1062 gaudet
988 1006 1078 1064 ejus
1092 1006 1277 1048 charitas
1294 1025 1304 1061 3
1322 1019 1401 1048 nec
1413 1004 1609 1056 inflatur,
1622 1011 1831 1062 tanquam

446 1074 492 1118 id
514 1090 602 1119 non
623 1075 835 1132 acceperit
851 1077 881 1117 ³.
903 1077 999 1120 Non
1020 1075 1161 1119 solum
1184 1089 1288 1132 ergo
1308 1072 1614 1132 praedicatione
1637 1071 1830 1130 praedes·
1854 1089 1857 1092 ⁴

451 1145 668 1188 tinationis
700 1145 753 1187 ab
777 1145 858 1188 hoc
881 1159 1013 1202 opere
1034 1159 1124 1188 non
1146 1143 1407 1201 impeditur,
1437 1156 1588 1186 verum
1609 1150 1653 1186 et
1676 1141 1732 1186 ad
1751 1142 1837 1186 hoc

447 1214 697 1272 adjuvatur,
725 1223 774 1256 ut
790 1229 891 1257 cum
911 1213 1140 1270 gloriatur,
1164 1214 1210 1256 in
1230 1214 1412 1257 Domino
1436 1211 1657 1270 glorietur.

506 1286 646 1326 XLII.
681 1282 813 1336 Quod
834 1291 980 1327 autem
1003 1283 1089 1326 dixi
1112 1283 1167 1326 de
1187 1283 1404 1336 castitate,
1431 1283 1514 1326 hoc
1540 1282 1594 1326 de
1621 1280 1729 1336 fide,
1754 1282 1836 1326 hoc

446 1354 500 1397 de
530 1354 715 1411 pietate,
746 1355 826 1397 hoc
860 1353 916 1397 de
945 1354 1179 1406 charitate,
1215 1352 1271 1396 de
1298 1352 1644 1411 perseverantia,
1685 1361 1749 1406 et,
1783 1366 1838 1395 ne

446 1438 620 1481 pergam
650 1438 726 1480 per
753 1422 922 1480 singula
939 1457 950 1475 ‚
976 1424 1059 1466 hoc
1081 1422 1135 1465 de
1158 1423 1278 1466 omni
1301 1421 1550 1466 obedientia
1571 1438 1659 1482 qua
1681 1421 1836 1466 obedi-

451 1500 518 1534 tur
538 1495 624 1535 Deo
640 1526 654 1545 ‚
679 1492 948 1535 veracissime
970 1491 1055 1535 dici
1072 1500 1228 1549 potest.
1257 1491 1341 1535 Sed
1363 1491 1392 1534 ii
1411 1492 1486 1550 qui
1500 1490 1643 1535 solum
1664 1490 1834 1535 initium

446 1560 546 1605 fidei
571 1570 613 1604 et
633 1576 770 1619 usque
791 1561 837 1604 in
858 1561 989 1604 finem
1009 1562 1374 1619 perseverantiam
1400 1561 1459 1604 sic
1482 1561 1530 1604 iu
1560 1569 1705 1604 nostra
1727 1575 1834 1604 con-

445 1630 632 1674 stituunt
655 1639 866 1688 potestate
888 1664 898 1683 ‚
937 1639 986 1674 ut
1012 1631 1088 1673 Dei
1110 1630 1225 1674 dona
1255 1645 1344 1673 esse
1367 1645 1455 1674 non
1478 1639 1634 1689 putent
1650 1664 1661 1684 ‚
1691 1644 1835 1689 neque

446 1700 501 1744 ad
516 1701 608 1744 haec
623 1700 825 1744 habenda
840 1710 972 1760 atque
991 1699 1216 1744 retinenda
1237 1704 1373 1744 Deum
1393 1702 1563 1759 operari
1578 1710 1745 1746 nostras
1761 1715 1835 1746 co-

448 1770 675 1828 gitationes
700 1779 741 1813 et
773 1770 1019 1814 voluntates
1035 1805 1046 1824 ‚
1074 1779 1228 1814 caetera
1250 1785 1352 1814 vero
1377 1772 1519 1830 ipsum
1543 1770 1646 1816 dare
1670 1785 1830 1816 conce-

446 1839 584 1892 dunt,
619 1854 719 1882 cum
753 1840 808 1882 ab
843 1839 918 1884 illo
948 1840 1236 1898 impetrantur
1267 1841 1482 1884 credentis
1519 1839 1634 1897 fide3
1657 1856 1745 1885 cur
1774 1840 1829 1884 ad

447 1910 535 1967 ipsa
553 1917 707 1952 caetera
729 1909 1074 1953 exhortationem
1092 1944 1102 1961 ‚
1129 1924 1370 1969 eorumque
1392 1919 1649 1954 caeterorum
1671 1908 1833 1968 praedi-

446 1978 657 2021 cationem
678 1977 932 2021 definitione
953 1977 1338 2035 praedestinationis
1360 1994 1447 2022 non
1470 1988 1674 2024 metuunt
1695 1980 1831 2038 impe-

447 2045 558 2090 diri?
591 2049 658 2089 An
685 2045 797 2089 forte
834 2062 913 2090 nec
946 2046 1037 2105 ipsa
1059 2047 1213 2091 dieunt
1237 2046 1574 2104 praedestinata?
1604 2051 1718 2106 Ergo
1751 2063 1833 2093 nec

447 2115 608 2158 dantur
625 2130 648 2158 a
671 2117 757 2158 Deo
773 2149 785 2168 ,
805 2124 880 2158 aut
899 2130 948 2158 ea
969 2131 1012 2159 se
1033 2116 1242 2160 daturum
1262 2131 1349 2159 esse
1371 2117 1569 2161 nescivit.
1591 2118 1720 2170 Quod
1738 2117 1836 2162 siet

447 2183 607 2227 dantur
622 2217 633 2237 ‚
668 2192 710 2226 et
744 2198 793 2226 ea
817 2199 860 2227 se
883 2184 1090 2228 daturum
1121 2199 1211 2229 esse
1233 2185 1472 2243 praescivit3
1503 2184 1700 2244 profecto
1724 2201 1835 2246 prae-

446 2252 694 2298 destinavit.
719 2254 839 2297 Sicut
854 2268 956 2311 ergo
971 2254 1051 2313 ipsi
1066 2269 1246 2314 quoque
1262 2255 1492 2299 hortantur
1505 2255 1560 2300 ad
1577 2257 1831 2310 castitatem,

447 2323 702 2368 charitatem
722 2358 732 2377 ,
760 2323 965 2381 pietatem
981 2357 991 2377 ‚
1016 2333 1060 2367 et
1081 2333 1234 2367 caetera
1257 2340 1357 2382 quae
1382 2324 1456 2368 Dei
1479 2324 1595 2369 dona
1617 2340 1706 2370 esse
1728 2340 1834 2370 con-

447 2394 625 2437 fitentur
642 2428 652 2447 ,
682 2408 818 2452 eaque
841 2394 896 2437 ab
917 2393 993 2438 illo
1017 2409 1104 2437 esse
1125 2395 1388 2452 praecognita
1404 2428 1415 2448 ‚
1441 2409 1490 2438 ac
1514 2410 1591 2454 per
1616 2396 1698 2440 hoc
1719 2410 1832 2454 prae-

445 2462 658 2507 destinata
684 2478 842 2521 negare
876 2479 964 2507 non
989 2473 1188 2521 possunt3
1219 2479 1306 2508 nec
1330 2462 1486 2509 dicunt
1513 2465 1833 2510 exhortationes

504 2553 513 2566 ¹
533 2548 621 2578 Rom.
645 2556 713 2585 vm,
732 2546 782 2577 30.
802 2562 842 2568 -
860 2552 872 2568 2
893 2547 939 2578 ld.
960 2557 1003 2585 xi,
1023 2549 1076 2579 28.
1096 2563 1133 2569 -—
1152 2546 1164 2569 ³
1190 2557 1201 2577 1
1223 2549 1295 2580 Cor.
1315 2558 1382 2588 xiii,
1401 2548 1434 2588 4.
