1884 3285
448 267 528 304 198
879 279 912 306 s.
951 282 1176 312 Accuswm
1216 287 1393 314 ssrlscom

444 359 465 382 »
492 341 642 384 edetis.
673 342 714 385 Si
736 342 961 388 nolueritis
981 381 992 400 ‚
1032 363 1111 392 nec
1142 352 1384 407 audieritis,
1405 352 1574 412 gladius
1589 372 1664 403 vos
1678 374 1827 413 come,

444 429 464 451 >›
491 410 565 453 det
587 414 613 454 ¹.
635 431 652 450 υ
693 415 746 456 Et
783 416 1016 473 Apostolus
1052 438 1061 463 :
1101 439 1120 461 u
1150 423 1402 480 Resipiseite
1428 425 1543 483 juste
1567 462 1579 482 ,
1612 438 1656 474 et
1689 432 1831 500 nolitq-

442 498 462 522 >›
490 496 668 539 peecare
687 485 717 525 ⁴².
749 502 767 524 »
799 488 943 545 Atque
974 488 1129 534 iterum
1159 511 1168 536 ι
1201 512 1219 534 «
1245 493 1387 539 Nolite
1409 510 1566 553 errare,
1601 502 1714 545 Deus
1735 519 1838 555 nom*

440 568 460 592 »
486 551 711 611 irridetur-3
730 570 829 614 quae
851 558 966 601 enim
989 561 1264 606 seminaverit
1286 564 1434 616 hom0,
1454 565 1526 611 illa
1551 575 1825 621 etdmetetss.»

491 625 785 670 Amisus-ts.
813 629 916 671 Haec
943 630 1188 677 testimonia
1211 644 1388 693 propter
1409 635 1530 681 illam
1552 638 1826 695 voluntatem

432 693 549 737 dicta
571 704 687 748 sunt,
718 696 764 739 in
792 713 878 756 qua
901 700 1087 760 quisque
1112 702 1157 748 id
1180 705 1298 764 quod
1320 706 1415 751 vult
1439 709 1527 767 agit
1563 729 1573 755 ι
1599 721 1648 756 ut
1676 714 1711 758 si
1733 731 1829 765 nom

429 764 633 820 habetur,
657 766 712 810 ab
735 782 786 811 eo
807 778 1009 826 poscatur
1032 775 1109 833 qui
1128 775 1174 819 in
1195 778 1319 821 nobis
1342 790 1548 838 operatur
1569 792 1614 827 et
1631 783 1744 829 velle
1768 787 1785 812 ‘²
1806 805 1822 847 ς,

427 834 462 877 si
490 844 635 879 autem
664 837 852 882 habetur
871 875 882 894 ,
907 842 1015 886 fiant
1042 859 1173 904 opera
1206 848 1408 908 justitiae,
1433 861 1476 896 et
1510 853 1550 896 ei
1583 855 1658 913 qui
1696 848 1836 902 illam?

427 914 630 963 operatus
649 916 713 952 est
734 919 918 967 agantur
941 915 1104 970 gratiae.

484 977 641 1021 XLVI.
667 980 894 1024 JL‘LIANts.
926 1001 946 1025 «
972 984 1186 1030 Voluntas
1222 988 1371 1048 itaque
1401 1001 1546 1037 motus
1576 1003 1642 1040 est
1660 996 1816 1054 animi,

421 1046 468 1089 in
486 1046 586 1105 jure
614 1063 693 1092 suo
721 1049 921 1096 habentis
950 1062 1100 1098 utrum
1124 1057 1335 1104 sinistrior
1359 1061 1415 1105 ad
1442 1077 1573 1121 prava
1596 1064 1839 1123 decurrat‚.'

423 1131 480 1160 an
501 1116 718 1163 dexterior
739 1120 795 1164 ad
821 1121 933 1166 celsa
956 1126 1210 1171 contendat.
1239 1146 1259 1168 n
1592 1149 1595 1151 ·

479 1190 773 1234 Atteusmvcs.
798 1192 915 1244 Quid
935 1203 999 1238 est
1021 1210 1124 1253 ergo
1145 1216 1154 1242 :
1183 1216 1203 1240 «
1226 1200 1290 1245 Ne
1307 1198 1501 1248 declines
1518 1203 1564 1249 in
1575 1203 1814 1266 dexteram,
1839 1202 1843 1209 Χ

421 1275 442 1298 »
461 1273 605 1317 neque
619 1260 666 1303 in
690 1262 904 1306 sinistram
925 1266 938 1289 ⁵
958 1265 975 1304 ‘3
1001 1283 1021 1306 n

477 1330 658 1373 XLVII.
685 1333 708 1373 J
717 1350 913 1378 tum-ts.
945 1353 964 1376 «
994 1338 1143 1381 Motus
1165 1348 1312 1384 autem
1334 1342 1468 1387 animi
1489 1346 1581 1405 ejus
1595 1380 1607 1402 ‚
1629 1348 1706 1408 qui
1724 1349 1815 1409 jam

417 1412 494 1457 per
527 1407 701 1444 aetatem
724 1402 893 1461 judicio
930 1406 1109 1452 rationis
1144 1409 1210 1453 uti
1235 1420 1380 1469 potest
1408 1434 1419 1471 3
1444 1415 1516 1459 cui
1550 1431 1652 1461 cum
1679 1434 1815 1478 poena

417 1478 686 1514 monstratur
701 1481 743 1516 et
758 1472 910 1531 gloria,
932 1486 1008 1520 aut
1026 1488 1178 1524 contra
1199 1484 1480 1529 commodum
1500 1486 1570 1531 vel
1591 1486 1810 1549 voluptas,

415 1538 681 1598 adjutorium
705 1551 747 1586 et
768 1543 888 1588 velut
915 1548 1082 1592 occasio
1110 1550 1294 1596 offertur
1315 1587 1326 1607 ‚
1352 1569 1441 1598 non
1470 1558 1700 1604 necessitas
1727 1560 1813 1606 im-

414 1611 594 1670 ponitur
616 1613 747 1671 partis
769 1614 1004 1662 alterutrae.
1032 1622 1136 1665 Haec
1153 1621 1286 1681 igitur
1302 1624 1504 1671 voluntas
1522 1663 1533 1683 ‚
1556 1645 1656 1690 quae
1677 1631 1810 1677 alter-
1832 1683 1839 1687 ‚

415 1691 546 1726 natur
567 1717 577 1738 ,
602 1683 811 1742 originem
833 1688 1128 1746 possibilitatis
1157 1694 1201 1736 in
1229 1694 1368 1740 libero
1399 1700 1566 1758 accepit
1594 1701 1773 1749 arbitrio
1797 1724 1807 1751 :

415 1752 547 1810 ipsius
561 1768 663 1798 vero
678 1757 821 1814 operis
842 1759 1112 1805 existentiam
1133 1779 1157 1807 a
1178 1779 1223 1808 se
1244 1767 1438 1826 suscipit,
1456 1785 1537 1814 nec
1555 1780 1618 1815 est
1636 1787 1811 1832 prorsus
1838 1792 1843 1800 ·

413 1823 615 1869 voluntas
639 1836 874 1887 antequam
902 1832 1007 1875 velit
1030 1867 1041 1888 ‚
1062 1849 1143 1879 nec
1173 1845 1316 1894 potest
1339 1838 1452 1884 velle
1472 1850 1708 1903 antequam
1730 1861 1810 1905 po·

413 1896 548 1940 tuerit
568 1906 610 1941 et
631 1897 750 1942 nolle
768 1920 780 1957 3
799 1915 880 1945 nec
908 1911 1145 1964 utrumque
1177 1906 1312 1953 habet
1341 1909 1386 1953 in
1409 1921 1531 1970 parte
1551 1917 1734 1973 peccati,
1762 1918 1809 1963 id

412 1975 492 2020 est,
517 1965 629 2010 velle
663 1977 706 2012 et
729 1969 877 2025 nolle,
907 1981 1142 2034 antequam
1166 1993 1294 2022 usum
1316 1980 1495 2026 rationis
1524 1984 1802 2045 adipiscatur.

413 2035 584 2089 Quibus
605 2037 813 2095 collectis,
830 2053 1010 2101 apparet
1032 2054 1074 2089 te
1092 2048 1310 2093 verissime
1327 2050 1527 2097 definisse
1546 2073 1554 2099 :
1572 2058 1806 2103 Peccatum

412 2116 476 2150 est
499 2107 701 2154 voluntas
730 2111 945 2157 retinendi
968 2114 1037 2159 vel
1059 2116 1318 2164 admittendi
1340 2122 1461 2182 quod
1479 2125 1646 2184 justitia
1668 2138 1801 2186 vetat,

414 2187 458 2222 et
479 2177 599 2223 unde.
622 2179 810 2226 liberum
830 2193 894 2228 est
919 2185 1150 2232 abstinere.
1178 2193 1272 2236 Hoc
1292 2208 1394 2252 ergo
1411 2205 1662 2254 peccatum,
1682 2199 1804 2260 quod

412 2247 569 2293 claruit
585 2251 696 2295 nihil
720 2268 809 2297 esse
824 2264 980 2313 praeter
993 2259 1282 2318 voluntatem,
1301 2274 1470 2310 constat
1483 2282 1636 2326 genus,
1659 2269 1799 2328 idest,
1834 2271 1835 2274 ’

410 2320 549 2378 ipsam
577 2322 790 2381 originem
828 2326 882 2370 ab
913 2330 1111 2388 appetitu
1148 2334 1325 2392 proprio
1363 2339 1612 2397 suscepisse.
1659 2343 1801 2402 Hujus

411 2391 574 2449 species
587 2393 678 2452 jam
702 2394 747 2438 in
771 2412 1055 2459 unoquoque,
1074 2402 1149 2461 qui
1167 2403 1375 2450 dicuntur
1397 2409 1547 2466 atomi,
1565 2412 1794 2471 reperitur.

410 2462 664 2510 Differentia
691 2481 795 2512 vero
831 2477 874 2513 et
907 2470 951 2513 in
989 2472 1195 2518 varietate
1227 2476 1483 2536 culparum,
1519 2489 1562 2526 et
1594 2482 1640 2526 in
1667 2484 1799 2530 ratio-

458 2569 470 2584 1
490 2565 559 2596 lsai.
589 2578 614 2605 1,
648 2576 785 2610 19.-²
810 2582 820 2602 1
843 2572 915 2604 Cor.
937 2585 991 2615 xv,
1017 2574 1068 2616 34.
1087 2574 1151 2600 -3
1170 2577 1237 2611 Gal.
1261 2591 1310 2621 vr,
1342 2591 1371 2622 7.
1390 2598 1427 2606 -
1445 2581 1462 2611 4
1489 2583 1603 2627 Philip.
1625 2596 1662 2628 ιι,
1689 2587 1795 2620 13.—

409 2615 424 2640 5
442 2620 534 2652 Prov.
557 2632 601 2660 iv,
619 2630 671 2663 27.
