1821 3264
253 249 396 276 orssnis
430 249 610 277 erEnF.
649 249 812 277 CONTRA
845 249 1012 279 stu-um.
1050 254 1131 280 ιιι.
1169 254 1214 279 ιι.
1347 243 1431 281 365

105 315 284 358 LXXII.
301 317 324 358 J
333 333 479 359 [Luni
494 336 526 361 s.
547 318 735 360 «Verum
762 316 984 362 videamus
1006 327 1049 362 et
1071 318 1250 379 reliqua.
1282 338 1300 360 «
1329 322 1435 364 Pec-

17 383 21 429 ἰ
50 394 225 429 »catum
245 395 389 430 autem
406 402 494 432 non
508 387 800 444 deputabatur
817 390 848 444 ¹,
870 389 930 433 ait
948 390 1202 449 Apostolus,
1232 406 1330 434 cum
1346 394 1432 435 Lex

17 475 20 513 g
47 471 172 500 »non
194 466 303 501 esset
328 476 336 501 :
373 475 391 497 »
419 467 517 518 post
538 458 659 518 quod
681 467 728 502 tu
753 459 902 504 subdis
926 479 934 505 :
961 463 1065 506 Erat
1087 477 1190 520 ergo
1209 496 1219 516 ,
1247 460 1322 506 sed
1345 476 1434 507 non

16 532 18 550 ⁹
45 527 355 585 deputabatur,
373 528 483 573 sieut
500 528 601 573 alibi
624 528 731 573 dicit
757 549 765 574 :
797 549 816 571 «
843 533 924 574 Per
938 534 1097 589 Legem
1120 532 1311 591 cognitio
1332 548 1436 591 pec·

15 622 18 638 ‹
50 617 68 641 »
87 599 171 643 cati
194 602 257 643 2.»
285 600 327 645 Si
350 615 454 659 ergo
475 615 552 659 per
574 602 730 658 Legem
751 601 916 660 peccati
939 601 1054 646 facta
1071 611 1134 646 est
1154 603 1367 661 cognitio,
1393 611 1436 646 et

15 668 18 725 ξ
45 678 270 729 peccatum
288 670 478 716 traducis
499 680 600 715 ante
619 674 779 730 Legem
789 687 884 725 ¹non
900 672 1202 732 imputabatur
1222 693 1232 729 3
1257 673 1436 717 ostende

15 758 17 801 j
43 740 126 785 hoe
154 740 417 801 imputatum
450 741 582 787 fuisse
605 741 686 786 sub
710 745 836 800 Lege.
864 745 970 788 Nam
1001 744 1034 787 si
1058 759 1134 802 per
1156 746 1315 802 Legem
1339 759 1435 803 pec-

14 829 15 856 :
43 810 126 856 cati
148 811 339 871 cognitio
357 847 367 866 ,
390 822 489 857 ante
513 815 673 872 Legem
695 813 908 870 ignoratio
930 815 1096 872 peccati
1125 830 1135 864 ;
1161 814 1323 872 ambigi
1347 830 1435 859 non

13 882 16 950 ᾗ
43 892 184 942 potest
201 883 314 928 hanc
338 882 467 928 fuisse
485 899 658 929 causam
688 884 918 928 maximam
938 884 1267 944 promulgandae
1286 886 1433 945 Legis,

12 955 16 1003 ἰ
43 962 91 998 ut
119 954 378 1013 proderetur
400 964 443 1000 et
459 964 699 1010 caveretur,
738 954 858 1015 quod
883 955 1002 1015 prius
1019 954 1226 999 latebat.»

12 1010 16 1083 (J
100 1028 391 1071 Atersrmtzs.
433 1029 487 1072 Ut
507 1026 802 1086 proderetur,
827 1042 978 1071 verum
1001 1026 1108 1071 dicis
1133 1061 1142 1080 ,
1172 1026 1256 1071 hoc
1287 1035 1330 1070 et
1360 1042 1438 1071 nos

42 1094 224 1140 dicimus
248 1115 256 1141 ε
282 1105 332 1141 ut
363 1105 509 1141 autem
536 1106 791 1152 caveretur,
811 1112 899 1141 non
921 1100 1032 1152 Lex,
1059 1096 1132 1141 sed
1152 1097 1287 1156 gratia
1315 1116 1326 1154 3
1348 1111 1438 1141 non

11 1177 15 1215 ἰ
41 1164 211 1221 littera,
234 1167 308 1211 sed
330 1168 513 1227 Spiritus
536 1166 654 1212 fecit.
691 1170 781 1211 Lex
809 1168 924 1211 enim
952 1167 1213 1212 subintravit
1236 1202 1246 1221 ,
1272 1182 1360 1211 non
1389 1175 1439 1210 ut

10 1225 13 1299 J
42 1247 282 1293 caveretur,
308 1240 384 1283 sed
406 1249 456 1283 ut
470 1238 714 1283 abundaret
732 1248 977 1299 peccatum,
996 1248 1040 1284 et
1061 1237 1438 1299 superabundaret

9 1302 14 1375 ᾗ
43 1309 176 1368 gratia
194 1344 205 1365 ,
231 1326 318 1370 qua
346 1320 574 1370 peccatum
611 1320 655 1355 et
692 1309 912 1355 deleretur
932 1310 1097 1355 factum
1118 1345 1129 1365 ,
1162 1318 1206 1355 et
1238 1325 1292 1354 ne
1317 1310 1440 1354 freret

10 1393 13 1409 ¹
42 1390 267 1426 caveretur
289 1384 320 1425 3.

10 1475 12 1502 i
100 1455 304 1497 LXXIII.
326 1455 554 1498 Jthms.
585 1472 604 1494 «
629 1453 710 1497 Hic
737 1453 792 1497 sit
814 1467 916 1511 ergo
950 1468 1118 1497 summa
1154 1452 1400 1496 certaminis
1426 1470 1436 1496 ι

8 1513 13 1579 ᾗ
41 1531 116 1567 aut
138 1522 318 1568 ostende
336 1524 600 1583 imputatum
622 1523 704 1567 sub
723 1526 838 1582 Lege
861 1522 992 1568 fuisse
1010 1523 1215 1583 cuiquam
1230 1522 1439 1582 originale

9 1582 12 1602 ¹
41 1603 293 1655 peccatum,
323 1594 503 1640 ostende
526 1593 658 1639 fuisse
681 1603 974 1640 monstratum
996 1616 1007 1652 3
1028 1603 1070 1639 et
1093 1593 1358 1639 consentiam
1385 1593 1440 1637 de

41 1665 124 1710 hoc
143 1676 321 1725 peccato
336 1665 599 1725 Apostolum
621 1665 820 1711 locutum
842 1664 1022 1710 fuisse.»

7 1765 11 1827 1
101 1740 392 1783 ΑωυετιΝυε.
429 1736 624 1782 Ostendo
641 1737 821 1797 quidem
840 1771 851 1792 ,
867 1735 988 1796 quod
1003 1751 1210 1795 provocas
1227 1745 1275 1780 ut
1291 1744 1439 1780 osten-

7 1832 12 1870 ρ
42 1806 142 1852 dam
165 1826 174 1853 :
197 1807 274 1853 sed
295 1809 329 1853 si
351 1807 500 1853 oculos
523 1807 722 1868 aperiatis
743 1806 799 1851 ad
816 1822 866 1851 ea
889 1823 990 1867 quae
1007 1807 1155 1851 videre
1177 1822 1267 1851 non
1290 1805 1437 1860 vultis,

7 1872 11 1910 ἶ
43 1887 86 1922 et
105 1894 160 1923 ne
180 1880 235 1924 ab
259 1879 351 1924 aliis
373 1880 605 1924 videantur
625 1914 635 1934 ,
661 1877 842 1923 nebulas
867 1877 1158 1923 contentionis
1192 1876 1436 1921 offunditis.

6 1911 11 2009 l
44 1949 325 1995 Circumcisio
341 1949 480 1994 carnis
509 1951 542 2004 4,
568 1952 684 2008 Lege
712 1957 932 2008 praecepta
955 1957 1018 1993 est
1042 1969 1052 2006 3
1075 1963 1162 2008 qua
1184 1963 1272 1992 non
1294 1955 1441 2006 posset

0 2011 11 2082 l
45 2019 200 2065 melius
221 2021 480 2081 significari,
507 2036 584 2081 per
605 2020 827 2066 Christum
848 2019 1188 2079 regenerationis
1219 2027 1440 2062 auctorem

4 2085 11 2140 l
44 2090 139 2134 tolli
172 2092 381 2149 originale
420 2100 664 2151 peccatum.
699 2093 813 2137 Cum
848 2090 1064 2150 praeputio
1105 2090 1268 2150 quippe
1301 2087 1440 2133 omnis

4 2141 10 2207 l
45 2161 178 2206 homo
197 2163 389 2207 nascitur
404 2197 415 2217 ,
438 2161 811 2223 quemadmodum
835 2176 935 2205 cum
960 2160 1157 2218 originali
1186 2167 1366 2218 peccato
1388 2160 1401 2184 ⁵
1430 2177 1438 2202 :

47 2243 90 2278 et
113 2243 266 2279 octavo
284 2233 354 2278 die
374 2233 443 2278 lex
467 2232 720 2278 circumcidi
741 2247 917 2278 carnem
932 2231 1156 2292 praecepit,
1176 2230 1279 2291 quia
1296 2229 1441 2275 Chris-

47 2312 117 2349 tus
138 2304 208 2348 die
238 2305 465 2350 Dominico
487 2304 718 2349 resurrexit
740 2339 750 2359 ,
783 2304 859 2364 qui
890 2313 988 2362 post
1016 2303 1246 2361 septimum
1270 2299 1441 2345 sabbati

4 2363 9 2430 l
48 2386 225 2421 octavus
246 2385 311 2420 est
329 2395 338 2421 2
358 2385 402 2421 et
417 2375 696 2420 circumcisus
717 2374 1030 2434 praeputiatum
1048 2372 1200 2431 gignit,
1224 2371 1440 2431 trajiciens

0 2434 9 2495 l
48 2446 93 2490 in
125 2446 250 2490 illum
280 2461 368 2506 quo
394 2447 483 2505 ipse
501 2447 592 2507 jam
611 2446 780 2503 caruit,
807 2445 919 2490 sicut
950 2443 1192 2503 baptizatus
1224 2442 1270 2485 in
1298 2439 1439 2484 filium

6 2509 9 2536 ι

8 1727 12 1761 Ι

55 2622 95 2629 ·-
120 2603 134 2629 ⁵
153 2608 220 2638 Gen
254 2615 331 2645 xvn,
353 2614 402 2636 12.

5 2691 9 2717 ,1

5 2726 8 2776 Ι

5 2833 7 2841 ι

101 2556 109 2572 ¹
129 2552 219 2582 Rom.
240 2561 274 2591 v,
295 2549 344 2581 13.
363 2567 402 2572 ·—
421 2557 431 2572 ²
453 2550 500 2582 ld.
520 2560 570 2588 111,
591 2557 646 2582 20·
662 2566 703 2572 -
718 2546 796 2582 31d.
818 2559 849 2589 v,
868 2556 921 2580 20.
937 2545 1007 2575 -4
1028 2548 1173 2589 Prosper.
1191 2547 1336 2578 Sentent.
1358 2543 1437 2586 '298-
1484 2545 1491 2550 ”
