1821 3264
250 257 393 286 omns
427 257 605 285 numur-
638 256 803 285 CONTRA
834 257 1003 287 suum.
1040 260 1123 286 Lis.
1161 260 1207 285 11.
1343 244 1427 285 335

42 331 192 367 utrum
213 336 239 366 a
268 325 360 367 Deo
381 342 393 380 3
416 336 545 381 negas
569 339 579 366 ε
604 330 766 381 apatre
787 343 798 381 3
824 324 1008 368 totidem
1027 337 1159 383 negas
1187 341 1196 368 ε
1222 337 1245 367 a
1263 330 1427 366 matre:

43 393 158 438 idem
176 406 304 451 negas
326 411 335 437 2
361 409 385 437 a
408 392 617 452 parvu103
642 407 771 451 negas
790 412 800 438 :
831 403 874 438 et
893 393 1037 439 adhuc
1053 409 1143 439 non
1162 402 1288 454 putas
1301 392 1433 438 fuisse

43 461 323 519 conclusum,
349 464 451 523 quia
469 479 559 509 non
572 463 706 522 possit
727 478 815 507 esse
837 465 951 508 inter
968 465 1047 509 hos
1068 474 1259 524 quatuor
1273 498 1284 520 ,
1313 462 1433 524 quod

44 534 100 579 ab
121 534 188 579 his
209 544 398 595 quatuor
418 534 566 579 nullus
590 533 783 579 admittit
804 537 823 579 P
848 552 869 576 »

103 608 381 652 Anat-smnus
417 605 658 666 ‚Quidquid
683 607 747 651 vis
781 605 897 651 dicas
927 622 937 648 :
979 606 1034 651 ad
1069 607 1202 651 verba
1234 606 1432 666 Apostoli

43 675 280 736 aliquando
303 686 516 722 venturus
536 692 579 721 es
605 695 614 721 :
648 686 692 721 et
713 678 909 737 quisquis
929 692 978 722 ea
1003 692 1080 737 per
1102 678 1282 721 istarum
1305 692 1433 734 argu-

45 749 363 793 mentationum
390 759 564 793 tuarum
585 748 681 792 loca
714 748 883 807 singula
915 749 1169 793 recordatur
1189 783 1199 803 ‚
1226 764 1326 808 quae
1355 762 1434 792 nos

45 818 212 864 assidue
231 829 410 880 propter
429 820 601 865 lectoris
621 819 845 864 fastidium
878 830 1072 880 repetere
1092 820 1320 875 nolumus,
1344 819 1434 879 ipsa

43 904 122 934 sua
142 890 224 934 tibi
241 891 541 937 recordatione
562 891 812 950 respondet.

102 962 245 1006 XXX.
274 964 504 1007 humus.
545 981 567 1004 «
601 962 669 1007 Ad
704 961 811 1022 quid
839 975 942 1021 ergo
971 960 1325 1021 persuadendum
1357 968 1434 1005 aut

47 1032 290 1093 Scripturas
325 1033 515 1093 releges,
552 1043 628 1078 aut
656 1033 850 1078 conscios
878 1032 1146 1088 nominabis,
1180 1033 1258 1092 qui
1292 1030 1436 1076 adhuc

43 1105 167 1165 quod
190 1105 321 1150 sentis
343 1120 434 1150 non
454 1114 574 1164 potes
604 1104 787 1149 definire
812 1107 830 1147 ‘?
856 1104 973 1158 Quid
993 1114 1036 1150 te
1052 1102 1178 1165 juvat
1196 1139 1206 1159 ,
1228 1113 1279 1148 ut
1295 1103 1437 1148 Adam

43 1175 200 1221 doceas
221 1175 469 1236 deliquisse,
494 1176 615 1237 quod
651 1191 730 1235 ego
760 1177 934 1236 penitus
962 1192 1051 1221 non
1088 1175 1241 1220 refello
1269 1178 1438 1228 ?Quae-

44 1247 194 1302 rimus,
220 1247 360 1292 Adam
383 1257 482 1292 ante
503 1257 569 1292 tot
591 1247 749 1292 saecula
779 1256 952 1292 mortuo
971 1282 981 1302 ‚
1007 1255 1235 1306 peccatum
1253 1281 1263 1299 ‚
1288 1246 1438 1305 quoin

45 1317 211 1363 diaboli
234 1319 306 1378 jus
330 1318 409 1362 Dei
430 1319 574 1377 imago
599 1318 903 1363 transcribitur
918 1351 929 1373 ‚
964 1332 1041 1377 per
1061 1317 1170 1378 quid
1190 1317 1439 1362 inveniatur

45 1389 94 1433 in
108 1389 292 1449 parvulo
314 1390 331 1431 ⁵?
351 1407 371 1431 »

104 1463 396 1506 Amos-nnus.
432 1461 524 1506 Cur
542 1475 624 1504 nec
644 1468 694 1504 tu
721 1460 912 1504 admittis
933 1459 979 1503 in
1002 1473 1186 1518 regnum
1208 1459 1308 1513 Dei,
1334 1457 1438 1502 nul-

45 1529 140 1575 lum
166 1531 399 1576 habentem
429 1531 673 1575 secundum
694 1539 738 1574 te
759 1531 963 1574 meritum
984 1530 1151 1588 peccati
1173 1563 1184 1584 ‚
1204 1528 1439 1588 imaginem

47 1602 126 1646 Dei
147 1603 165 1646 Ξ)
187 1604 278 1648 Cur
299 1602 570 1646 ministratur
590 1602 787 1660 sanguis,
817 1602 894 1662 qui
914 1600 970 1645 de
997 1600 1281 1646 similitudine
1302 1600 1440 1644 carnis

45 1673 212 1733 peccati
232 1673 280 1717 in
306 1673 604 1718 remissionem
625 1673 749 1716 fusus
773 1681 836 1716 est
854 1681 1150 1731 peccatorum,
1169 1685 1300 1731 quem
1320 1671 1442 1714 bibat

48 1744 281 1802 parvulus,
314 1754 365 1789 ut
393 1745 556 1788 habere
587 1744 721 1803 possit
751 1744 884 1788 vitam
901 1777 913 1799 9
938 1744 972 1787 si
995 1743 1051 1787 de
1082 1742 1245 1787 nullius
1274 1741 1442 1801 peccati

47 1815 214 1874 origine
227 1816 347 1860 venit
367 1816 412 1859 in
431 1824 617 1860 mortem
635 1816 653 1858 P
672 1814 714 1860 Si
732 1815 816 1859 hoc
832 1815 914 1858 tibi
931 1814 1144 1873 displicet,
1167 1822 1313 1873 aperte
1334 1826 1443 1870 nega

48 1885 281 1945 parvulum
312 1886 553 1941 Christum,
584 1895 732 1945 aperte
758 1901 868 1945 nega
890 1901 969 1945 pro
986 1884 1176 1945 parvulis
1198 1893 1439 1938 mortuum,

49 1958 127 2016 qui
146 1973 260 2002 unus
281 1973 361 2018 pro
383 1958 586 2003 omnibus
620 1966 818 2002 mortuus
848 1965 911 2001 est
942 1976 950 2001 :
982 1956 1101 2000 unde
1131 1955 1297 2014 colligit
1323 1953 1444 2015 quod

50 2026 158 2073 dicit
177 2027 412 2088 Apostolus
433 2048 443 2073 ι
473 2048 492 2071 «
518 2031 636 2087 Ergo
655 2043 804 2072 omnes
821 2028 982 2071 mortui
1000 2035 1101 2070 sunt
1116 2061 1126 2081 ‚
1152 2035 1195 2070 et
1216 2041 1296 2085 pro
1309 2025 1445 2069 omni-

52 2116 73 2140 »
85 2099 167 2144 bus
185 2109 384 2145 mortuus
405 2100 510 2144 est4.
526 2117 546 2141 n
564 2100 642 2144 Dic
660 2108 831 2158 aperte:
850 2098 1013 2144 Mortui
1025 2096 1195 2158 parvuli
1217 2112 1307 2141 non
1324 2105 1441 2151 sunt,

51 2171 129 2231 qui
157 2180 385 2231 peccatum
421 2171 594 2216 nullum
623 2172 822 2229 habent3
847 2179 988 2214 morte
1008 2185 1089 2229 pro
1121 2184 1165 2213 se
1185 2169 1374 2222 Christi,
1399 2168 1445 2211 in

51 2257 140 2301 qua
172 2242 450 2303 baptizentur
467 2277 478 2297 ,
515 2257 605 2286 non
638 2256 749 2301 opus
770 2240 954 2286 habent.
984 2243 1080 2285 Jam
1102 2239 1174 2284 dic
1199 2239 1442 2292 evidenter,

52 2313 173 2373 quod
187 2312 374 2358 latenter
384 2313 532 2368 sentis,
553 2313 763 2372 quoniam
778 2312 878 2356 satis
890 2312 1037 2371 prodis
1055 2320 1130 2355 tua
1151 2311 1446 2369 disputatione

54 2384 175 2443 quod
196 2385 326 2429 sentis
359 2404 367 2428 ι
394 2383 463 2428 dic
483 2419 493 2439 ,
525 2383 732 2442 inquam,
759 2381 962 2443 parvulos
993 2380 1151 2425 frustra
1173 2381 1267 2424 fieri
1304 2379 1447 2424 Chris-

56 2454 196 2499 tianos
227 2473 238 2500 :
263 2454 340 2499 sed
365 2453 488 2509 vide,
513 2463 663 2498 utrum
691 2462 734 2497 te
761 2453 904 2512 ipsum
937 2452 1096 2496 debeas
1126 2451 1270 2495 dicere
1299 2449 1447 2495 Chris-

57 2532 241 2569 tianum.

108 2615 118 2630 ²
145 2620 155 2640 1
179 2610 250 2641 Cor.
273 2619 306 2649 v,
330 2606 379 2647 14.
