1884 3285
455 262 535 300 168
885 278 915 304 s.
957 281 1182 310 Aue’uswnvi
1221 286 1395 313 eviscovi

450 355 470 378 »
495 339 663 383 catione
685 356 760 384 sua
781 355 943 400 sancta,
968 362 1053 391 non
1073 350 1311 395 secundum
1330 368 1458 411 opera
1483 364 1642 411 nostra,
1666 358 1741 402 sed
1758 375 1826 404 se-

444 424 465 448 »
491 408 685 453 cundum
717 426 844 458 Suum
873 419 1141 474 propositum
1173 431 1216 465 et
1246 423 1449 480 gratiam,
1504 442 1603 484 quae
1635 428 1736 473 data
1763 441 1825 476 est

407 532 412 535 ξ
448 494 467 516 »
494 478 617 522 nobis
642 480 687 523 in
714 483 886 529 Christo
914 489 1017 532 Jesu
1046 499 1145 534 ante
1181 501 1375 552 tempora
1407 503 1592 552 aeterna,
1624 500 1827 544 manifes-

447 565 467 587 »
491 557 577 592 tata
602 559 747 595 autem
781 569 898 600 nunc
932 573 1007 615 per
1042 560 1277 606 adventum
1310 564 1540 610 Salvatoris
1566 570 1701 613 nostri
1726 573 1828 616 Jesu

449 637 466 658 »
492 618 648 663 Christi
665 623 694 664 ¹.
729 641 747 663 ι)
771 623 849 667 1110
866 626 1012 686 itaque
1033 630 1147 675 dicat
1167 633 1398 677 Ecclesiam
1422 634 1658 696 aliquando
1679 640 1827 686 infide

442 701 517 730 sua
535 703 622 732 non
641 690 840 736 habuisse
858 696 1083 742 veritatem
1106 701 1493 758 praedestinationis
1512 706 1641 766 hujus
1662 718 1704 752 et
1727 725 1824 768 gra-

1877 599 1880 613 -
1876 504 1880 589 ..-„-
1877 482 1879 490 ,
1873 244 1879 470 ..-„-.„,....„.-.
1873 202 1877 235 ,ἡ
1872 151 1875 161 -
1870 0 1884 141 «ηρ-...ης

446 757 516 799 tiae
532 791 542 810 ‚
568 775 667 817 quae
690 776 807 806 nunc
836 775 985 810 contra
1011 784 1143 813 novos
1171 772 1394 818 haereticos
1427 790 1530 819 cura
1552 776 1827 836 diligentiore
1879 803 1884 841 '.

441 825 695 873 defenditur
720 850 729 875 ι
754 831 842 887 ille,
858 834 1055 895 inquam,
1080 840 1162 884 hoc
1179 842 1309 897 dicat,
1335 845 1408 903 qui
1431 844 1574 890 dicere
1595 848 1727 893 audet
1743 850 1825 895 ali·
1880 850 1884 903 ἦ

442 896 620 953 quando
642 914 736 943 eam
759 918 848 946 non
865 920 1026 962 orasse,
1056 909 1125 953 vel
1149 925 1237 955 non
1260 914 1470 958 veraciter
1489 931 1645 973 orasse,
1671 919 1760 964 sive
1776 930 1827 965 ut
1880 919 1884 973 ζ

440 967 668 1014 crederent
699 971 915 1030 infideles,
951 977 1039 1022 sive
1077 990 1126 1024 ut
1157 995 1478 1040 perseverarent
1512 987 1675 1033 fideles.
1717 993 1824 1044 Quae
1882 1006 1884 1037 ;

439 1035 554 1081 bona
575 1039 608 1081 si
622 1055 790 1100 semper
806 1050 958 1101 oravit,
979 1063 1147 1108 semper
1162 1067 1210 1095 ea
1230 1053 1305 1096 Dei
1326 1053 1440 1098 dona
1455 1071 1544 1100 esse
1560 1059 1713 1118 utique
1727 1075 1823 1105 cre·
1882 1065 1884 1101 ἑ

441 1105 574 1164 didit3
598 1124 678 1154 nec
700 1112 754 1155 ab
778 1113 854 1158 illo
882 1131 972 1160 esse
994 1121 1258 1178 praecognita
1285 1138 1480 1183 unquam
1511 1127 1550 1169 ei
1574 1142 1731 1186 negare
1757 1129 1822 1176 fas
1882 1126 1884 1172 ζ

436 1175 538 1221 fuit.
560 1181 622 1223 Αο
645 1196 721 1238 per
744 1183 827 1228 hoc
850 1188 1240 1243 praedestinationis
1267 1193 1395 1252 hujus
1417 1194 1571 1252 fidem,
1592 1213 1692 1257 quae
1712 1216 1820 1246 con·
1882 1199 1884 1229 ³

439 1254 501 1290 tra
525 1263 660 1293 novos
682 1252 905 1298 haereticos
939 1271 1050 1302 nova
1078 1259 1370 1306 sollicitudine
1397 1281 1516 1310 nunc
1544 1267 1816 1327 defenditur,

437 1330 662 1376 nunquam
684 1322 875 1368 Ecclesia
890 1326 1049 1371 Christi
1071 1344 1160 1374 non
1179 1331 1347 1377 habuit.

494 1389 647 1432 LXVI.
676 1392 759 1435 Sed
781 1395 888 1452 quid
912 1396 1063 1455 plura?
1087 1402 1194 1445 Satis
1210 1401 1410 1448 docuisse
1429 1421 1499 1449 me
1516 1408 1729 1465 existimo,
1750 1411 1818 1456 vel

435 1457 578 1513 potius
597 1459 692 1517 plus
708 1478 840 1520 quam
862 1468 983 1521 satis,
1005 1468 1116 1512 dona
1141 1472 1215 1514 Dei
1238 1487 1328 1516 esse
1343 1508 1353 1527 ‚
1384 1485 1426 1518 et
1450 1476 1639 1535 incipere
1660 1479 1704 1522 in
1727 1483 1817 1526 Do-

433 1526 600 1573 minum
624 1533 815 1588 credere,
838 1544 879 1578 et
897 1551 1035 1596 usque
1058 1540 1100 1582 in
1125 1540 1254 1584 finem
1273 1543 1317 1586 in
1342 1545 1525 1590 Domino
1544 1562 1811 1605 permanere.

433 1598 597 1641 Caetera
622 1615 724 1645 vero
742 1603 852 1648 bona
878 1606 932 1649 ad
955 1608 1086 1651 vitam
1122 1611 1234 1667 piam
1251 1646 1261 1665 ‚
1287 1628 1373 1672 qua
1393 1617 1505 1659 Deus
1528 1627 1643 1662 recte
1659 1620 1817 1665 colitur

430 1669 714 1725 pertinentia,
756 1675 883 1718 etiam
916 1676 996 1735 ipsi
1031 1689 1206 1738 propter
1245 1698 1353 1741 quos
1392 1686 1484 1729 haec
1510 1689 1674 1744 agimus
1690 1725 1701 1744 ‚
1740 1693 1814 1736 Dei

427 1738 543 1782 dona
560 1755 649 1784 esse
668 1744 930 1789 concedunt.
952 1748 1106 1792 Omnia
1131 1765 1260 1808 porro
1281 1753 1395 1797 dona
1411 1770 1508 1810 sua,
1529 1767 1571 1801 et
1588 1761 1747 1818 quibus
1763 1777 1813 1808 ea

424 1806 563 1853 fuerat
586 1810 840 1869 largiturus,
861 1818 996 1859 Deum
1019 1821 1236 1876 praescisse
1251 1837 1408 1881 negare
1425 1840 1514 1869 non
1535 1840 1730 1886 possunt.
1752 1833 1814 1877 Si-

425 1888 499 1921 cut
531 1895 635 1938 ergo
665 1892 819 1927 caetera
852 1885 1127 1943 praedicanda
1164 1900 1291 1946 sunt,
1329 1896 1475 1954 utqui
1510 1912 1556 1941 ea
1584 1900 1807 1958 praedicat,

424 1948 679 1994 obedienter
706 1953 908 1998 audiatur
933 1975 942 2000 :
975 1957 1033 2000 ita
1066 1959 1389 2017 praedestinatio
1420 1967 1694 2024 praedicanda
1723 1982 1807 2028 est,

426 2027 472 2061 ut
495 2020 571 2079 qui
593 2021 850 2067 obedienter
865 2025 958 2070 haec
977 2028 1120 2083 audit,
1152 2046 1241 2075 non
1264 2032 1308 2075 in
1331 2034 1531 2091 homine,
1557 2055 1606 2083 ac
1628 2056 1704 2100 per
1727 2043 1810 2089 hoc

424 2104 504 2133 nec
524 2091 570 2133 in
585 2106 629 2134 se
645 2091 760 2150 ipso,
784 2094 860 2138 sed
885 2097 930 2139 in
948 2099 1134 2143 Domino
1157 2100 1366 2158 glorietur
1395 2125 1403 2150 :
1431 2108 1531 2166 quia
1555 2119 1596 2154 et
1627 2112 1709 2156 hoc
1736 2116 1810 2158 Dei

424 2170 690 2219 praeceptum
711 2172 773 2207 est
793 2183 801 2208 :
827 2173 870 2208 et
892 2166 975 2211 hoc
993 2181 1262 2230 praeceptum
1290 2175 1547 2223 obedienter
1569 2181 1740 2238 audire,
1764 2186 1810 2229 id

423 2238 511 2284 est,
540 2233 677 2290 utqui
701 2233 935 2291 gloriatur,
973 2238 1017 2281 in
1042 2242 1227 2285 Domino
1252 2243 1501 2303 glorietur²‚
1537 2250 1732 2297 similiter
1760 2264 1809 2300 ut

421 2309 594 2355 caetera,
618 2302 692 2345 Dei
712 2303 878 2349 donum
895 2316 972 2351 est.
995 2310 1124 2361 Quod
1147 2311 1311 2357 donum
1333 2318 1408 2375 qui
1428 2334 1516 2362 non
1541 2320 1671 2366 habet
1687 2358 1698 2378 ‚
1719 2340 1808 2370 non

423 2370 578 2415 dubito
592 2372 750 2428 dicere,
769 2375 849 2420 alia
864 2393 1154 2440 quaecumque
1169 2383 1317 2439 habet,
1337 2385 1522 2432 inaniter
1540 2391 1686 2437 habet.
1714 2398 1808 2441 Hoc

426 2441 663 2500 Pelagiani,
700 2455 922 2504 optamus,
959 2462 1008 2493 ut
1045 2451 1256 2511 habeant3
1298 2455 1367 2501 isti
1406 2468 1551 2505 autem
1588 2467 1722 2509 nostri
1758 2477 1808 2513 ut

423 2509 594 2570 plenius
634 2514 836 2561 habeant.
885 2521 982 2564 Non
1016 2521 1164 2583 itaque
1203 2525 1332 2572 simus
1361 2529 1406 2572 in
1438 2529 1806 2591 disputationibus

475 2603 481 2619 ¹
509 2608 518 2627 1
542 2598 622 2630 Tim.
648 2610 669 2639 ι,
687 2608 721 2641 2,
746 2605 779 2633 et
794 2612 881 2645 seqq.
904 2621 943 2629 ——-
963 2611 975 2628 2
999 2617 1011 2638 1
1037 2608 1108 2639 Cor.
1129 2619 1153 2650 1,
1175 2609 1226 2641 31.
