1884 3285
457 250 474 285 1
484 246 537 284 34
884 256 917 282 s.
952 253 1182 282 Ancnsnm
1214 253 1395 281 zmscom

452 322 646 364 viverent
663 353 673 373 ‚
699 318 824 362 bonis
841 327 915 361 aut
936 317 1073 374 malis,
1105 334 1154 362 ac
1169 333 1246 377 per
1262 319 1346 363 hoc
1365 318 1495 362 nullis
1515 327 1559 362 et
1581 319 1626 362 in
1641 319 1731 378 ipsa
1754 319 1830 364 Dei

450 390 720 450 praescientia
748 404 837 432 non
870 388 1028 432 futuris
1062 408 1070 432 :
1096 389 1179 433 hoc
1214 404 1315 447 ergo
1341 390 1375 432 si
1397 405 1485 433 non
1501 388 1687 443 dicatur,
1711 389 1832 449 quod
1858 436 1859 441 ,

450 460 624 504 cernitis
646 469 810 519 quanto
840 474 983 503 errore
1007 458 1177 503 dicatur
1204 481 1216 517 3
1239 459 1347 519 quid
1368 459 1544 503 restabit
1566 459 1644 503 nisi
1666 469 1717 503 ut
1738 474 1831 517 gra·
1866 477 1874 515 ζ

450 532 553 574 tiam
588 531 663 574 Dei
687 546 774 574 non
798 532 1037 574 secundum
1062 532 1213 575 merita
1233 540 1375 575 nostra
1401 530 1490 573 dari
1510 564 1521 582 ‚
1545 528 1665 588 quod
1681 538 1831 574 contra
1857 578 1861 584 ,

447 601 644 644 haeresim
679 599 952 658 pelagianam
980 599 1190 644 catholica
1209 600 1405 644 defendit
1426 598 1614 643 Ecclesia
1631 633 1643 654 ‚
1667 607 1830 642 remota
1862 611 1877 642 ξι

447 670 734 713 contentionis
757 668 938 726 caligine
971 669 1183 713 fateamur
1209 690 1220 726 3
1245 679 1375 729 atque
1398 667 1439 711 id
1464 669 1647 712 maxime
1667 668 1711 711 in
1738 682 1832 727 par·
1861 690 1878 710 v.

446 739 557 782 vulis
586 739 852 782 evidentiore
887 738 1066 781 veritate
1106 740 1376 782 cernamus?
1405 740 1555 797 Neque
1589 737 1705 780 enim
1741 736 1833 781 fato
1867 749 1875 772 θ

446 810 614 866 cogitur
646 812 760 852 Deus
792 807 873 852 illis
906 807 1144 853 infantibus
1165 809 1394 853 subvenire
1415 844 1424 862 ‚
1450 807 1533 852 illis
1567 816 1710 851 autem
1744 823 1833 852 non
1867 798 1882 853 «ᾗ

445 879 702 933 subvenire,
734 895 832 923 cum
870 879 924 922 sit
958 881 1150 939 utrisque
1187 895 1313 924 causa
1343 878 1619 923 communis:
1659 887 1735 921 aut
1767 893 1832 922 res
1864 893 1881 921 :3

446 949 658 992 humanas
684 949 727 991 in
750 948 937 1007 parvulis
962 965 1048 992 non
1067 948 1211 993 divina
1232 948 1520 1008 providentia,
1546 946 1621 991 sed
1642 947 1833 991 fortuitis
1867 947 1884 1002 i:

445 1020 513 1076 agi
540 1018 709 1062 casibus
738 1019 1016 1077 opinabimur
1038 1053 1049 1073 ‚
1075 1034 1176 1062 cum
1213 1019 1442 1062 rationales
1473 1018 1542 1062 vel
1572 1016 1834 1061 damnandae
1875 1028 1884 1054 ι’

443 1087 514 1132 vel
529 1087 768 1131 liberandae
784 1088 868 1131 sint
887 1088 1059 1142 animae,
1078 1087 1436 1147 quandoquidem
1458 1102 1537 1130 nec
1555 1101 1698 1144 passer
1717 1084 1833 1133 cadit
1872 1089 1884 1097 ”

443 1157 488 1199 in
510 1166 663 1200 terrani
688 1158 778 1200 siue
802 1156 1023 1200 voluntate
1053 1157 1189 1200 Patris
1217 1158 1351 1200 nostri
1385 1156 1462 1216 qui
1490 1156 1536 1199 in
1563 1154 1685 1200 coelis
1701 1158 1794 1215 est¹
1818 1175 1828 1200 z

443 1236 517 1270 aut
541 1236 771 1285 parentum
794 1226 1064 1283 negligentiae
1087 1227 1145 1271 sic
1170 1225 1453 1270 tribuendum
1478 1235 1556 1281 est,
1583 1226 1704 1285 quod
1720 1241 1830 1284 -par-

442 1295 533 1340 vuli
557 1297 648 1339 sine
667 1295 924 1354 baptismate
943 1296 1206 1350 moriuntur,
1224 1305 1274 1339 ut
1290 1295 1396 1340 nihil
1415 1296 1477 1339 ibi
1499 1305 1630 1355 agant
1647 1310 1832 1354 superna

437 1365 603 1425 judicia
633 1386 644 1423 3
679 1375 886 1425 tanquam
914 1366 994 1424 ipsi
1023 1367 1099 1425 qui
1131 1367 1214 1410 hoc
1248 1366 1378 1410 modo
1412 1366 1524 1410 male
1561 1366 1829 1421 moriuntur,

440 1445 639 1495 parentes
677 1436 757 1479 sibi
798 1435 1061 1494 negligentes
1098 1435 1325 1479 voluntate
1362 1436 1535 1494 propria
1575 1435 1630 1478 de
1670 1435 1832 1495 quibus

441 1515 722 1549 nascerentur
739 1540 750 1559 ,
773 1505 982 1562 elegerint
1011 1524 1019 1549 :
1045 1505 1152 1564 quid
1175 1505 1315 1549 dicam
1339 1540 1350 1560 ‚
1382 1505 1502 1565 quod
1525 1503 1729 1563 parvulus
1753 1504 1833 1549 ali-
1877 1535 1879 1538 -

442 1574 619 1634 quando
632 1585 868 1634 antequam
885 1574 946 1618 illi
973 1591 1048 1633 per
1064 1575 1348 1619 ministerium
1367 1575 1623 1634 baptizantis
1639 1576 1832 1620 succurri

441 1646 588 1704 possit,
601 1645 929 1703 expiratPPleru
938 1660 1065 1704 mque
1078 1646 1193 1688 enim
1207 1644 1513 1690 festinantibus
1527 1646 1779 1704 parentibus
1789 1655 1832 1690 et
1846 1688 1849 1691 Α
1880 1655 1882 1666 ²

441 1716 600 1773 paratis
622 1715 825 1758 ministris
848 1724 897 1758 ut
922 1715 1158 1773 baptismus
1188 1715 1370 1773 parvulo
1391 1716 1519 1760 detur
1540 1751 1549 1770 ‚
1576 1719 1666 1760 Deo
1685 1724 1830 1760 tamen

441 1784 617 1829 nolente
647 1799 735 1827 non
763 1784 918 1837 datur,
952 1787 1027 1842 qui
1066 1799 1166 1827 eum
1203 1783 1431 1842 paululum
1462 1786 1508 1828 in
1529 1786 1611 1830 hac
1632 1786 1718 1830 vita
1742 1800 1832 1830 non
1882 1813 1884 1817 .

442 1855 582 1896 tenuit
604 1864 650 1897 ut
674 1854 865 1896 daretur.
890 1853 1005 1905 Quid
1038 1854 1167 1897 etiam
1190 1889 1200 1907 ,
1234 1854 1353 1913 quod
1383 1853 1619 1914 aliquando
1643 1855 1832 1914 parvulis
1882 1891 1884 1894 .

441 1922 684 1966 infidelium
713 1923 809 1967 filiis
838 1924 1009 1982 potuit,
1036 1939 1091 1967 ne
1114 1924 1225 1967 irent
1249 1924 1294 1967 in
1316 1925 1605 1983 perditionem
1627 1960 1637 1980 ‚
1668 1935 1711 1969 et
1733 1925 1830 1969 filiis
1882 1962 1884 1965 .

441 1992 636 2036 fidelium
665 2007 753 2035 non
775 1993 917 2051 potuit
942 1993 1197 2051 baptismate
1225 1995 1444 2037 subveniri
1474 1997 1492 2038 Ρ
1517 1995 1599 2039 Ubi
1622 2005 1739 2039 certe
1768 2010 1830 2040 os-

443 2061 652 2115 tenditur,
674 2061 791 2121 quod
809 2078 1088 2121 personarum
1112 2064 1229 2122 apud
1249 2067 1386 2108 Deum
1409 2080 1495 2108 non
1517 2066 1570 2109 sit
1593 2065 1827 2124 accepti0²=

444 2132 637 2191 alioquin
658 2132 873 2177 cultorum
894 2149 1069 2178 suorum
1097 2135 1255 2193 potius,
1271 2151 1402 2194 quam
1426 2136 1700 2181 inimicorum
1720 2137 1831 2181 filios

443 2201 664 2246 liberaret.

500 2273 686 2316 XXXII.
729 2274 825 2316 Jam
860 2287 961 2316 vero
983 2307 993 2326 ‚
1031 2273 1239 2332 quoniam
1266 2273 1320 2318 de
1350 2275 1466 2319 dono
1497 2276 1830 2334 perseverantiae

442 2356 560 2385 nunc
577 2342 760 2400 agimus,
781 2343 887 2402 quid
905 2352 968 2386 est
990 2341 1111 2402 quod
1132 2344 1346 2388 morituro
1371 2360 1460 2389 non
1482 2345 1698 2404 baptizato
1721 2347 1830 2391 sub-

440 2411 629 2466 venitur,
655 2427 710 2455 ne
730 2412 820 2456 sine
837 2413 1094 2472 baptismate
1114 2415 1322 2458 moriatur
1343 2435 1354 2473 3
1373 2425 1418 2459 et
1437 2416 1655 2475 baptizato
1677 2432 1830 2462 casuro

441 2497 530 2526 non
560 2482 842 2538 subvenitur,
869 2493 917 2527 ut
948 2493 1048 2527 ante
1071 2485 1310 2530 moriatur?
1339 2485 1427 2532 Nisi
1454 2487 1567 2533 forte
1597 2486 1661 2532 illi
1685 2488 1828 2534 adhuc

492 2569 498 2584 ¹
522 2565 633 2597 Matth.
655 2577 686 2606 x,
707 2577 759 2607 29.
777 2584 818 2590 —
833 2574 846 2589 2
872 2569 962 2599 Rom.
987 2579 1025 2605 ιι,
1053 2578 1103 2600 ιι.
