1884 3285
441 230 523 270 352
862 244 896 270 s.
931 239 1160 270 Auorsswmr
1191 241 1373 270 EPISCOPI

437 306 528 350 lum
549 305 858 350 vindicandum
872 341 882 360 ‚
908 315 958 350 ut
975 307 1196 366 quomodo
1219 306 1427 351 Dominus
1448 305 1670 352 diabolum
1693 306 1812 353 dixe·

437 385 503 420 rat
530 386 724 435 patrem‚
763 377 839 437 qui
875 376 1111 422 substantia
1154 392 1355 436 generare
1392 392 1480 421 non
1515 386 1712 436 poterat,
1752 379 1813 424 ita
1871 396 1873 430 ς

437 446 667 505 Apostolus
696 447 920 490 hominem
953 447 1186 506 scripsisset
1217 446 1495 502 imitabilem,
1519 463 1574 491 ne
1595 447 1703 508 quid
1732 448 1813 493 do-
1872 453 1874 490 ἶ

436 518 572 561 cuisse
589 527 740 562 contra
761 518 971 562 rationem
995 519 1263 577 perspicuam
1287 517 1550 562 crederetur.
1577 537 1598 560 n

495 589 784 633 AtsGt‘S'rth‘s.
806 588 1033 648 Numquid
1053 588 1189 632 Adam
1206 589 1323 647 prior
1336 589 1380 632 in
1394 597 1572 647 peccato
1593 587 1813 633 imitabilis
1872 578 1875 605 ³

435 657 520 702 fuit
535 693 546 713 ,
573 667 620 702 ut
640 659 794 703 merito
813 657 1027 717 perillum
1049 658 1132 702 hoc
1148 659 1312 718 peccati
1338 673 1473 717 genus
1493 659 1672 702 intrasse
1693 658 1813 703 dice·
1874 683 1875 706 ς

435 736 553 772 retur
586 729 631 772 in
666 728 913 772 mundum?
941 730 1095 773 Nonne
1131 728 1329 772 diabolus
1367 728 1484 787 prior
1515 727 1735 772 imitabilis
1769 728 1815 772 in

433 806 611 855 peccato
632 799 803 842 extitit?
825 802 906 842 Per
934 797 1059 842 illum
1081 813 1183 857 ergo
1204 798 1382 842 intrasse
1409 799 1454 841 in
1475 798 1688 841 mundum
1711 812 1815 857 pec-

433 877 596 923 catum,
617 869 850 928 Apostolus
871 868 1049 924 diceret,
1075 870 1109 913 si
1131 878 1358 928 peccatum
1375 868 1495 927 quod
1509 867 1722 913 imitando
1743 867 1814 911 alii
1874 859 1877 899 ἓ

433 937 627 983 facerent
645 973 655 993 ‚
674 953 726 983 eo
747 938 844 983 loco
861 938 993 983 vellet
1022 938 1221 997 intelligi.

491 1010 604 1052 LIV.
631 1011 857 1053 Jmmns.
888 1028 908 1051 «
932 1011 1059 1054 Nunc
1090 1023 1191 1052 vero
1216 1009 1247 1051 si
1273 1008 1502 1066 colligam,
1526 1023 1624 1066 quae
1647 1007 1815 1051 suntin
1876 1053 1877 1060 χ

432 1079 670 1139 Evangelio
702 1080 880 1124 abusive
912 1079 1101 1138 prolata,
1135 1093 1224 1123 non
1253 1078 1480 1122 sustinent.
1514 1078 1654 1122 Multo
1683 1077 1814 1135 magis

433 1151 653 1208 apostolus
676 1150 837 1194 Paulus
865 1149 1029 1193 nullam
1058 1149 1191 1193 errori
1215 1149 1483 1193 occasionem
1507 1148 1718 1208 praebuit,
1739 1148 1815 1207 qui

432 1220 543 1263 nihil
585 1221 691 1265 dixit
734 1220 1021 1280 improprium
1044 1255 1054 1275 ‚
1097 1220 1131 1264 si
1172 1220 1472 1280 pronuntiavit
1492 1254 1503 1275 ,
1542 1228 1814 1280 peccatorem
1876 1248 1877 1253 =

431 1291 621 1348 primum
662 1292 884 1337 hominem
925 1291 1208 1351 sequentibus
1248 1291 1530 1351 peccantibus
1568 1290 1814 1351 exemplum

429 1358 576 1405 fuisse.
606 1380 626 1402 »

489 1434 782 1477 Anas-rmus.
807 1435 904 1479 Non
945 1447 1047 1491 crgo
1088 1432 1240 1477 debuit
1273 1433 1354 1478 isto
1391 1433 1500 1477 duos
1537 1447 1809 1493 proponere,
1876 1450 1878 1473 ;

431 1518 567 1547 unum
587 1503 642 1546 ad
663 1512 891 1562 peccatum
905 1538 916 1557 ‚
941 1504 1124 1547 alterum
1147 1504 1200 1547 ad
1218 1504 1444 1563 justitiam,
1470 1503 1610 1549 Adam
1633 1504 1810 1559 scilicet,

431 1582 474 1617 et
493 1573 731 1619 Christum.
767 1575 809 1618 Si
831 1573 945 1617 enim
967 1573 1157 1633 primum
1190 1583 1459 1633 peccatorem
1474 1609 1485 1630 ,
1509 1583 1688 1634 propter
1708 1590 1814 1634 pec-

430 1653 575 1689 catum
598 1644 718 1704 quod
746 1644 904 1689 imitati
926 1654 1027 1688 sunt
1063 1645 1233 1699 caeteri,
1266 1645 1478 1705 posuisset
1510 1644 1673 1703 Adam3
1711 1661 1816 1705 pro·
1877 1692 1879 1696 ,

429 1715 546 1760 fecto
575 1715 762 1774 primum
791 1717 982 1775 justum,
1009 1724 1187 1775 propter
1203 1717 1415 1775 justitiam
1443 1718 1607 1761 caeteris
1635 1716 1813 1762 imitan-
1877 1735 1879 1746 ·

429 1785 559 1839 dum,
584 1800 673 1829 non
695 1786 916 1830 Christum
952 1795 1153 1845 poneret,
1179 1785 1255 1830 sed
1282 1786 1421 1831 Abel:
1454 1787 1617 1846 primus
1650 1787 1812 1847 quippe

427 1854 564 1910 Abel,
590 1855 764 1900 nullum
785 1856 1013 1901 hominum
1036 1856 1209 1900 imitans
1225 1891 1235 1911 ,
1269 1855 1344 1900 sed
1366 1857 1531 1901 caeteris
1549 1856 1808 1913 imitandus,

423 1925 567 1984 justus
582 1924 680 1969 fuit.
701 1926 845 1970 Sciens
860 1935 1004 1970 autem
1017 1926 1123 1986 quid
1141 1926 1394 1987 loqueretur
1409 1927 1656 1986 Apostolus,
1673 1927 1811 1972 Adam

429 1996 572 2054 posuit
600 1996 656 2040 ad
683 2006 936 2055 peccatum,
963 1998 1184 2042 Christum
1213 1997 1267 2041 ad
1291 1998 1528 2057 justitiam3
1559 1999 1662 2058 quia
1688 1998 1812 2043 illum

427 2076 607 2111 noverat
629 2068 931 2126 generationis,
958 2068 1086 2112 istum
1105 2069 1439 2126 regenerationis
1461 2078 1700 2114 auctorem.

485 2139 576 2181 LV.
603 2140 627 2181 J
634 2155 830 2184 omnus.
858 2143 919 2183 Ac
935 2155 1011 2198 per
1031 2141 1113 2183 hoc
1134 2140 1382 2183 bardissime
1404 2149 1728 2198 argumentatus
1749 2156 1808 2195 es,
1878 2142 1880 2148 '

428 2208 548 2267 quod
570 2208 604 2251 si
627 2209 846 2267 apostolus
865 2210 1023 2254 Paulus
1042 2226 1118 2269 per
1134 2211 1419 2255 imitationem
1439 2211 1636 2256 transisse
1658 2227 1812 2271 pecca·
1880 2223 1881 2226 ’

428 2285 522 2321 tum
545 2278 748 2322 voluisset
769 2279 971 2339 intelligi,
993 2280 1214 2324 diabolum
1239 2282 1397 2339 magis,
1418 2297 1547 2342 quarn
1573 2283 1709 2326 Adam
1727 2298 1810 2327 no-

428 2348 630 2393 minasset
656 2368 664 2393 :
691 2364 789 2393 cum
817 2349 997 2405 clareat,
1023 2359 1066 2394 et
1089 2351 1274 2395 hominis
1291 2361 1334 2396 et
1355 2352 1517 2397 diaboli
1535 2352 1698 2397 malum
1721 2369 1810 2398 non
1880 2389 1881 2394 ,

426 2417 506 2461 nisi
527 2418 766 2464 imitatione
796 2421 974 2464 transire
1002 2421 1204 2480 potuisse.
1229 2423 1390 2465 Verum
1416 2421 1596 2482 disjecto
1618 2423 1738 2483 quod
1760 2433 1810 2468 tu
1878 2444 1881 2451 >

426 2497 686 2545 extruxeras,
711 2506 799 2536 non
823 2499 911 2535 tam
934 2492 1041 2535 meis
1066 2507 1196 2551 quam
1229 2492 1360 2550 ipsius
1381 2494 1558 2540 rationis
1583 2494 1805 2551 manibus,

427 2559 534 2618 quid
557 2575 674 2606 nunc
691 2577 714 2606 a
737 2561 863 2607 nobis
885 2562 1092 2608 afferatur
1113 2563 1302 2608 attende.
1331 2581 1351 2604 >›
