1821 3264
249 236 392 262 OPEffls
424 235 600 261 lMPERF.
633 233 795 262 CONTRA
826 236 996 263 sunan.
1033 236 1114 264 Lm.
1151 238 1181 262 ι.
1322 226 1404 264 225

32 300 158 343 istum
179 298 486 359 philosophum
503 297 727 358 gratulor¹.
747 300 919 343 Etenim
931 316 1030 344 cum
1048 300 1120 344 ille
1134 302 1350 360 putaverit
1361 301 1406 345 in

30 368 189 413 virtute
210 369 342 412 animi
369 379 411 413 et
430 369 652 428 voluptate
680 370 869 427 corporis
893 385 981 414 esse
1000 372 1186 415 hominis
1222 371 1406 429 honum3

31 447 79 483 tu
95 453 195 483 eum
216 438 321 483 dicis
346 440 527 484 virtutes
548 447 591 482 et
611 439 712 482 vitia
732 439 918 484 voluisse
942 443 1205 501 conjungere
1227 461 1235 487 ι
1262 459 1310 487 ac
1333 458 1410 502 per

31 509 129 562 hoc,
153 509 265 553 sicut
279 509 444 564 decuit,
464 510 615 554 vitium
625 508 826 567 judicasti
842 525 930 554 esse
952 512 1182 570 corporalis
1197 523 1410 571 appeten-

31 580 132 625 tiam
146 579 400 639 voluptatis:
415 582 565 625 vitium
579 588 643 624 est
655 581 786 638 igitur
804 580 958 635 libido,
972 598 1104 641 quam
1122 582 1285 628 laudas.
1302 584 1411 628 Sub-

31 649 162 708 repsit
177 649 324 709 itaque
341 650 644 709 undecumque
667 651 750 694 tuis
771 652 967 696 sensibus
985 653 1158 707 veritas,
1177 662 1224 696 ut
1236 668 1410 711 suscep-

33 728 86 763 1ae
104 727 190 763 tuae
212 735 384 764 causam
400 719 628 779 paululum
646 719 861 771 deserens,
887 721 1006 781 quod
1025 721 1207 766 dicimus
1230 723 1408 766 diceres.

90 791 221 833 LXV.
243 792 468 835 Jtnmts.
496 790 630 848 Argui
652 805 769 848 ergo,
790 800 834 834 et
850 792 948 851 jure
968 792 1113 850 argui,
1139 793 1349 852 dejectam
1372 801 1416 836 et

31 858 219 903 debilem
233 860 501 914 varietatem,
524 875 610 919 qua
627 858 769 903 fuerat
790 861 994 905 effectum
1008 897 1018 916 ,
1042 872 1092 906 ut
1113 872 1156 906 et
1178 864 1351 921 nuptias
1374 872 1416 906 te

31 945 119 974 non
141 929 347 975 damnare
371 931 671 988 praemitteres,
698 939 741 974 et
758 930 921 976 diceres
939 967 949 986 ,
976 933 1032 976 ob
1049 933 1130 976 viri
1157 942 1200 976 et
1221 933 1416 976 foeminae

30 1001 395 1045 commixitionem
409 1036 419 1056 ,
443 1016 574 1060 quam
593 1000 647 1045 de
669 1003 921 1060 nuptiarum
937 1004 1189 1047 conditione
1206 1012 1248 1046 et
1265 1013 1415 1046 natura

30 1071 177 1114 venire
212 1071 490 1130 perspicuum
522 1081 610 1125 est,
648 1071 737 1115 imo
772 1071 819 1115 in
855 1088 942 1132 qua
969 1072 1059 1117 sola
1086 1078 1098 1128 (
1122 1082 1338 1132 quantum
1361 1072 1415 1115 ad

31 1141 283 1185 conflictum
313 1150 511 1185 nostrum
542 1140 715 1199 respicit
739 1143 1026 1200 (nuptiarum
1054 1143 1210 1187 veritas
1234 1151 1312 1193 est,
1333 1143 1416 1186 ho-

32 1210 168 1253 mines
186 1210 231 1254 in
252 1211 415 1255 diaboli
427 1211 524 1270 jura
550 1211 790 1255 transcribi.

90 1283 380 1325 Auecsnm‘s.
408 1281 450 1325 Si
473 1282 518 1324 in
544 1281 632 1325 sola
655 1281 733 1324 viri
757 1290 798 1325 et
821 1280 1012 1325 foeminae
1030 1283 1339 1326 commixtione
1355 1292 1417 1326 est

35 1351 189 1395 veritas
211 1353 461 1410 nuptiarum
491 1370 499 1395 :
526 1351 677 1395 eadem
705 1367 805 1409 ergo
840 1361 902 1395 est
927 1353 1081 1396 veritas
1105 1352 1417 1396 adulteriorum

32 1436 130 1479 quae
152 1422 420 1481 nuptiarum,
445 1422 544 1481 quia
570 1422 615 1465 in
635 1421 829 1480 utrisque
853 1432 916 1466 est
938 1423 1015 1466 ista
1045 1438 1170 1467 sexus
1194 1424 1419 1482 utriusque

32 1491 295 1536 commixtio.
323 1490 452 1544 Quod
480 1491 515 1535 si
544 1491 902 1536 absurdissimum
932 1502 1020 1549 θεῖς
1043 1508 1132 1536 non
1161 1493 1206 1535 in
1240 1492 1345 1546 sola,
1372 1501 1422 1536 ut

33 1559 204 1617 deliras,
229 1562 535 1606 commixtione
558 1562 686 1605 maris
711 1570 753 1605 et
774 1560 967 1605 foeminae
990 1562 1243 1620 nuptiarum
1266 1562 1422 1605 veritas

35 1640 112 1686 est,
133 1633 331 1692 quamvis
351 1633 443 1677 sine
460 1631 534 1675 illa
553 1632 718 1690 nuptiae
734 1630 845 1676 filios
866 1647 1105 1691 propagare
1123 1648 1212 1676 non
1231 1633 1417 1692 possint:

34 1702 109 1746 sed
134 1702 216 1747 alia
250 1711 351 1747 sunt
383 1702 437 1747 ad
467 1702 640 1761 nuptias
669 1702 843 1761 proprie
865 1704 1146 1761 pertinentia,
1182 1704 1340 1762 quibus
1365 1704 1421 1747 ab

35 1772 255 1818 adulteriis
278 1774 443 1833 nuptiae
464 1773 789 1829 discernuntur,
815 1774 926 1817 sicut
950 1782 1013 1817 est
1036 1774 1150 1818 thori
1183 1773 1422 1833 conjugalis

35 1843 141 1888 fides
156 1878 167 1898 ,
192 1853 236 1888 et
264 1860 367 1889 cura
392 1844 591 1888 ordinate
615 1844 726 1888 filios
748 1843 1030 1902 procreandi,
1054 1853 1096 1888 et
1120 1860 1218 1904 quae
1235 1845 1421 1888 maxima

36 1913 282 1959 differentia
305 1923 391 1969 est,
410 1915 552 1959 bonus
572 1930 673 1959 usus
691 1914 808 1968 mali,
830 1915 913 1959 hoc
936 1923 1021 1968 est,
1048 1915 1189 1959 bonus
1206 1930 1309 1958 usus
1321 1930 1423 1959 con-

36 1985 315 2043 cupiscentiae
337 1984 490 2038 carnis,
515 2000 603 2044 quo
624 1983 739 2028 malo
759 1983 946 2028 adulteri
968 1993 1153 2027 utuntur
1169 1983 1296 2027 male.

96 2056 250 2097 LXVI.
278 2056 301 2097 J
308 2069 504 2097 tumes.
530 2071 550 2094 «
572 2057 709 2105 Quam
735 2053 1086 2096 commixtionem
1114 2053 1173 2096 ita
1203 2052 1423 2096 execrabi—

37 2123 124 2167 lem
144 2123 416 2182 'persuadere
450 2133 630 2168 conatus
663 2139 728 2177 es,
763 2132 811 2167 ut
843 2122 946 2167 velis
981 2122 1164 2180 intelligi
1201 2123 1423 2167 Christum

39 2209 129 2238 non
156 2203 332 2253 propter
362 2194 471 2252 signi
499 2193 791 2252 splendorem,
824 2193 900 2237 sed
926 2202 1102 2252 propter
1131 2192 1423 2236 damnandam

41 2280 219 2309 sexuum
250 2265 601 2324 conjunctionem
632 2264 746 2307 nasci
781 2265 835 2307 de
864 2264 1026 2321 virgine
1049 2273 1184 2307 matre
1221 2263 1419 2307 voluisse.

42 2335 159 2388 Quid
180 2350 280 2393 ergo
309 2350 504 2394 unquam
525 2350 547 2376 a
568 2350 791 2393 quoquam
809 2333 895 2377 dici
917 2334 1156 2392 improbius
1181 2344 1255 2377 aut
1277 2334 1423 2391 impu-

44 2404 217 2450 dentius
239 2405 409 2464 potuit,
428 2420 557 2464 quam
579 2405 678 2457 hoc,
704 2403 820 2462 quod
846 2403 954 2447 duos
982 2402 1102 2446 velut
1124 2418 1243 2460 reges
1266 2402 1321 2445 de
1343 2403 1425 2446 hu·

95 2512 106 2528 ¹
125 2506 202 2538 Vide
221 2505 322 2538 Cicer.
342 2505 396 2537 lib.
415 2516 435 2537 11
458 2505 610 2537 Academ.
630 2509 737 2546 quaest.
764 2507 796 2536 et
811 2503 865 2536 lib.
895 2515 914 2535 n
941 2504 981 2535 de
995 2502 1140 2541 Finibus;
1165 2507 1196 2534 et
1215 2504 1349 2535 Lac-tant
1387 2502 1426 2534 (le

48 2559 124 2594 falsa
143 2560 316 2603 Sapientia,
332 2560 389 2592 lib.
408 2571 454 2598 in,
474 2570 546 2601 cap.
565 2569 597 2600 7e

234 2623 383 2654 exuri.
1197 2610 1241 2647 15
