1884 3285
442 266 496 304 94
862 279 895 305 s.
931 277 1159 308 Acetsnm
1191 282 1371 312 nmscom

437 343 643 388 docibiles
667 345 741 388 Dei
755 346 790 388 ¹:
818 359 896 389 nec
920 355 1060 405 potest
1082 351 1479 410 eorumsquisquam
1501 351 1644 397 dicere
1668 371 1679 398 :
1702 356 1810 400 Cre-

437 412 527 456 didi
544 422 592 457 ut
624 414 684 458 sic
713 429 888 459 vocarer
922 436 934 473 3
966 418 1174 476 praevenit
1202 434 1302 464 eum
1330 421 1492 480 quippe
1518 422 1810 471 misericordia

439 483 529 537 Dei,
550 484 651 542 quia
671 485 730 528 sic
751 495 815 530 est
835 496 1012 532 vocatus
1032 497 1082 533 ut
1102 489 1311 535 crederet.
1336 492 1495 536 Omnes
1517 494 1630 538 enim
1645 495 1811 540 docibi-

435 552 497 597 les
518 554 594 598 Dei
614 557 794 602 veniunt
812 559 867 602 ad
889 558 1047 605 Filium
1071 580 1080 606 :
1103 563 1310 621 quoniam
1332 562 1562 610 audierunt
1584 574 1627 611 et
1643 566 1809 613 didice-

435 634 573 670 runta
595 629 719 672 Patre
735 643 811 688 per
828 629 989 675 Filium
1003 665 1014 687 ,
1038 632 1114 692 qui
1132 633 1449 679 evidentissime
1468 635 1596 683 dicit:
1617 656 1639 680 «
1655 640 1808 685 Omnis

439 713 459 735 »
485 697 561 756 qui
583 699 750 743 audivit
768 715 791 742 a
814 703 940 745 Patre
963 711 1006 746 et
1027 701 1194 759 didicit,
1219 705 1338 750 venit
1359 707 1413 750 ad
1438 710 1547 752 me2.
1574 726 1592 750 »
1619 711 1807 755 Istorum

434 776 579 812 autem
601 784 728 814 nemo
755 771 865 829 perit
893 793 904 829 3
935 773 1036 832 quia
1057 789 1184 818 omne
1206 776 1325 834 quod
1346 775 1466 822 dedit
1486 778 1524 822 ei
1544 781 1687 835 Pater,
1714 796 1806 826 non

433 837 584 895 perdet
605 854 655 882 ex
675 854 726 884 eo
748 841 1032 902 quidquamss.
1058 845 1259 905 Quisquis
1280 861 1382 905 ergo
1405 847 1507 892 inde
1528 858 1607 905 est,
1626 850 1804 896 omnino

431 922 521 952 non
542 909 653 968 perit
676 928 684 954 :
710 925 790 955 nec
807 921 897 956 erat
918 912 1018 957 inde
1041 914 1116 973 qui
1138 916 1261 974 perit.
1286 919 1466 977 Propter
1489 919 1609 978 quod
1637 919 1804 966 dictum

430 987 492 1022 est
517 998 525 1024 :
552 998 572 1021 «
597 982 660 1024 Ex
681 981 806 1026 nobis
829 983 1023 1028 exierunt
1043 1020 1054 1040 ,
1079 984 1154 1029 sed
1176 1001 1266 1031 non
1295 998 1416 1032 erant
1444 1004 1496 1033 ex
1522 990 1677 1050 nobis3
1701 1006 1803 1036 nam

433 1069 450 1089 »
478 1050 512 1094 si
533 1050 713 1096 fuissent
727 1068 777 1096 ex
798 1054 941 1109 nobis,
964 1057 1218 1101 mansissent
1238 1058 1391 1118 utique
1413 1061 1639 1106 nobiscum
1652 1063 1683 1105 4.
1713 1080 1734 1104 »

485 1124 688 1167 XXXIV.
714 1124 1011 1184 Intelligamus
1029 1143 1130 1187 ergo
1148 1130 1418 1175 vocationem
1437 1148 1523 1191 qua
1535 1143 1636 1177 sunt
1656 1132 1799 1192 electi3

426 1207 514 1236 non
546 1194 622 1252 qui
653 1195 872 1253 eliguntur
907 1199 1007 1256 quia
1033 1199 1311 1244 crediderunt
1332 1236 1343 1256 ,
1375 1202 1447 1246 sed
1476 1204 1551 1262 qui
1580 1203 1802 1264 eliguntur

425 1271 474 1305 ut
494 1264 687 1308 credant.
703 1257 835 1310 ‘Hanc
857 1268 970 1311 enim
993 1279 1036 1313 et
1063 1270 1272 1315 Dominus
1291 1272 1381 1331 ipse
1404 1274 1502 1318 satis
1535 1275 1672 1334 aperit
1686 1310 1698 1333 ‚
1722 1275 1801 1321 ubi

422 1331 526 1376 dicit
552 1352 560 1377 2
588 1353 608 1375 «
633 1336 730 1380 Non
749 1350 824 1380 vos
847 1352 917 1380 me
939 1337 1125 1398 elegistis
1144 1375 1155 1395 ‚
1185 1341 1261 1385 sed
1284 1357 1364 1401 ego
1391 1342 1500 1402 elegi
1527 1359 1617 1389 vos.
1645 1364 1666 1388 »
1688 1348 1799 1392 Nam

420 1401 453 1444 si
471 1413 696 1462 propterea
713 1405 839 1450 electi
857 1417 995 1464 erant,
1014 1410 1116 1469 quia
1138 1411 1430 1459 crediderant:
1456 1415 1536 1474 ipsi
1557 1431 1657 1460 eum
1678 1418 1799 1477 prius

417 1473 567 1532 utique
594 1475 812 1534 elegerant
838 1478 1056 1524 credendo
1083 1481 1128 1526 in
1150 1498 1272 1538 eum,
1300 1494 1349 1529 ut
1378 1485 1479 1544 eligi
1501 1496 1792 1533 mererentur.

418 1543 572 1588 Aufert
592 1555 736 1590 autem
756 1547 839 1592 hoc
861 1551 1053 1606 omnino,
1080 1552 1156 1611 qui
1178 1553 1283 1598 dicit
1307 1574 1315 1598 :
1344 1574 1364 1598 «
1398 1558 1496 1602 Non
1516 1573 1590 1602 vos
1613 1573 1682 1603 me
1703 1557 1795 1603 ele-

421 1631 439 1653 »
467 1615 599 1673 gistis,
624 1617 700 1660 sed
716 1632 794 1676 ego
817 1634 891 1663 vos
914 1620 1022 1679 elegi
1042 1624 1072 1666 ⁵,
1096 1641 1114 1664 »
1138 1625 1283 1683 Etipsi
1299 1626 1475 1685 quidem
1490 1628 1794 1687 proculdubio

415 1683 638 1744 elegerunt
665 1702 766 1731 eum
785 1723 796 1744 ,
822 1690 1000 1748 quando
1026 1691 1305 1739 crediderunt
1328 1696 1373 1739 in
1402 1712 1516 1741 eum.
1553 1700 1677 1744 Unde
1704 1716 1790 1746 non

414 1755 470 1799 ob
493 1756 612 1802 aliud
629 1757 735 1803 dicit
753 1779 762 1804 2
783 1763 913 1806 «Non
936 1776 1008 1808 vos
1031 1779 1099 1808 me
1120 1764 1320 1825 elegistiS,
1341 1769 1415 1813 sed
1436 1785 1516 1829 ego
1532 1786 1607 1816 vos
1626 1771 1789 1831 elegi3»

411 1826 490 1870 nisi
507 1828 607 1886 quia
628 1844 718 1873 nou
748 1829 971 1888 elegerunt
996 1848 1095 1878 eum
1116 1844 1164 1879 ut
1184 1837 1360 1895 eligeret
1381 1855 1453 1884 eos
1467 1875 1478 1896 ,
1496 1840 1572 1886 sed
1589 1851 1638 1886 ut
1659 1841 1789 1902 elige-

411 1906 507 1941 rent
528 1914 629 1942 eum
651 1899 780 1959 elegit
802 1916 872 1946 eos
896 1921 905 1946 ι
931 1904 1033 1963 quia
1060 1906 1350 1954 misericordia
1373 1912 1465 1971 ejus
1487 1913 1697 1972 praevenit
1717 1928 1789 1959 eos

409 1968 645 2013 secundum
668 1972 863 2027 gratiam,
878 1989 968 2017 uon
983 1976 1223 2021 secundum
1245 1979 1445 2026 debitum
1465 1983 1498 2023 ⁰.
1525 1982 1669 2042 Elegit
1685 1999 1788 2044 ergo

407 2052 478 2082 eos
501 2040 554 2083 de
577 2040 742 2086 mundo
764 2057 864 2086 cum
889 2044 959 2088 hic
981 2057 1126 2103 ageret
1142 2064 1332 2106 carnem,
1349 2053 1424 2096 sed
1446 2055 1537 2114 jam
1559 2054 1719 2100 electos
1739 2056 1787 2101 in

406 2123 450 2152 se
476 2109 567 2168 ipso
601 2121 699 2156 ante
729 2113 882 2158 mundi
909 2118 1277 2164 constitutionem.
1315 2124 1417 2167 Haec
1453 2134 1516 2169 est
1545 2125 1778 2171 immobilis

404 2180 556 2224 veritas
579 2184 968 2242 praedestinationis
991 2197 1034 2231 et
1056 2191 1217 2247 gratiae.
1244 2194 1352 2238 Nam
1380 2194 1488 2254 quid
1511 2205 1572 2241 est
1587 2197 1708 2257 quod
1725 2198 1785 2243 ait

404 2251 635 2310 Apostolus
661 2272 669 2297 :
698 2272 718 2295 «
745 2254 864 2299 Sicut
881 2255 1009 2315 elegit
1031 2274 1109 2304 nos
1134 2260 1179 2304 in
1208 2261 1300 2321 ipso
1328 2273 1428 2309 ante
1451 2265 1606 2311 mundi
1626 2268 1782 2313 consti-

406 2339 426 2361 »
452 2322 665 2367 tutionem
695 2326 746 2368 ⁷?
776 2346 793 2366 »
829 2327 958 2379 Quod
975 2328 1169 2386 profecto
1192 2333 1226 2375 si
1250 2343 1478 2394 propterea
1508 2336 1676 2383 dictum
1699 2348 1778 2395 est,

401 2391 500 2450 quia
517 2395 730 2452 praescivit
751 2398 864 2440 Deus
892 2396 1129 2444 credituros
1147 2437 1157 2455 ,
1185 2418 1273 2447 non
1294 2405 1394 2464 quia
1421 2405 1614 2454 facturus
1635 2408 1779 2454 fuerat

405 2462 491 2521 ipse
509 2464 730 2511 credentes
748 2485 756 2511 ε
774 2476 925 2513 contra
939 2469 1062 2514 istam
1074 2473 1389 2530 praescientiam
1408 2477 1606 2539 loquitur
1622 2480 1774 2538 Filius,

448 2571 458 2586 ¹
478 2565 552 2598 lsai.
572 2578 636 2608 mv,
667 2570 717 2601 13.
739 2586 777 2593 --
791 2577 803 2592 ²
826 2573 916 2603 Joan.
939 2582 987 2613 vr,
1006 2572 1060 2614 45.
1078 2591 1118 2597 -
1134 2572 1148 2596 3
1174 2575 1254 2609 thid.
1285 2577 1338 2620 39.
1357 2597 1396 2603 —-
1416 2578 1432 2610 4
1455 2591 1469 2614 1
1500 2583 1592 2615 Joan·
1611 2592 1646 2625 u,
1667 2593 1719 2627 19·
1735 2598 1776 2608 -·

415 2621 504 2654 Joan.
537 2632 591 2661 xv,
618 2623 666 2656 16.
687 2641 727 2649 —
742 2622 757 2647 6
776 2626 856 2659 Psal.
878 2637 968 2676 Lym,
991 2639 1045 2663 11.
1063 2645 1102 2654 -
1117 2637 1130 2664 7
1153 2631 1269 2675 Ephes.
1291 2643 1315 2674 ι,
1346 2634 1398 2677 ι4.
