1884 3285
430 268 512 307 474
1036 278 1187 305 mnssx.

472 352 547 379 eam.
566 346 614 380 vel
630 347 707 380 alios
725 345 871 389 perdant.
892 345 1060 378 Concludit
1076 346 1216 385 demum,
1237 357 1297 379 nec
1311 346 1412 388 gratia
1429 346 1593 389 prohiberi
1608 358 1680 380 cor-

470 403 664 446 reptionem,
684 413 744 435 nec
760 401 964 444 correptione
981 402 1091 444 negari
1108 402 1252 443 gratiam.
1683 415 1766 448 pag.
1795 409 1813 438 3

428 472 477 503 DF.
504 471 886 502 PRJinESTINATIONE
910 471 1164 509 SANCTORUM,
1184 481 1222 502 An
1249 479 1427 502 PROSPERUM
1448 480 1485 501 Er
1512 480 1676 504 nitamur«.

472 538 559 558 tim-:u
585 538 606 558 ι,
626 528 712 557 —In
741 537 802 568 quo
831 525 1116 558 Praedestinationis
1135 530 1167 558 et
1191 527 1298 568 gratiae
1326 526 1443 558 veritas
1468 531 1685 568 propugnatur

470 587 582 614 contra
596 582 874 624 SemipelagianOS‚
889 583 1031 614 homines
1050 582 1201 615 videlicet
1215 595 1233 615 a
1246 582 1411 625 Pelagiana
1427 582 1539 615 haeresi
1552 583 1682 615 omnino

471 649 668 681 nequaquam
686 639 891 680 recedentes,
917 639 992 671 dum
1010 639 1118 671 salutis
1136 639 1261 672 initium
1280 650 1318 671 ac
1346 638 1419 671 fidei
1441 650 1479 671 ex
1503 639 1594 671 nobis
1611 639 1685 682 ipsis

469 706 536 727 esse
553 695 674 733 volunt,
695 699 728 727 ut
746 695 807 727 lioc
832 699 982 738 tanquam
1001 695 1117 728 merito
1133 697 1335 738 praecedente
1359 700 1476 728 caetera
1502 694 1584 728 bona
1601 696 1685 728 dono

470 752 526 785 Dei
543 755 788 795 consequantur.
809 752 958 784 Ostendit
975 752 1178 794 Augustinus,
1197 752 1315 785 donum
1333 752 1389 784 Dei
1407 762 1486 790 esse,
1506 762 1567 783 non
1586 751 1685 784 solum

470 808 717 849 incrementum,
734 809 789 841 sed
814 808 917 851 ipsum
939 819 1064 852 quoque
1086 809 1210 842 initium
1232 809 1317 842 fidei.
1340 811 1406 841 Hac
1426 808 1466 840 de
1489 819 1524 840 re
1541 808 1567 840 si
1591 808 1684 841 aliter

469 864 601 896 sensisse
618 863 786 907 aliquando
799 890 808 905 ,
837 869 870 897 et
887 865 919 896 in
939 865 1100 907 opusculis
1123 871 1196 897 ante
1213 875 1303 897 suum
1322 865 1541 907 episcopatum
1558 863 1684 906 scriptis

470 931 591 953 errasse
620 931 683 952 non
710 920 865 953 diffitetur
882 946 890 961 ,
910 921 1000 953 velut
1025 921 1057 952 in
1083 921 1137 954 illa
1157 932 1252 964 quam
1278 921 1463 962 objectant,
1484 920 1689 963 Expositione

470 976 720 1019 propositionum
738 988 777 1009 ex
796 976 934 1019 Epistola
951 977 991 1008 ad
1006 979 1174 1009 Romanos⁴
1197 980 1238 1008 At
1254 981 1367 1018 postea
1385 975 1571 1009 convictum
1588 987 1622 1008 se
1636 976 1685 1008 in-

470 1034 556 1066 dicat
573 1034 636 1066 hoc
658 1034 826 1077 principue
849 1033 1043 1073 testimonio,
1065 1032 1158 1075 Quid
1172 1040 1281 1064 autem
1299 1032 1416 1071 habes,
1433 1031 1527 1077 quod
1539 1045 1607 1065 non
1626 1044 1689 1065 ac-

469 1091 606 1132 cepisti?
626 1092 709 1134 quod
735 1091 952 1122 testimonium
969 1089 1009 1121 de
1032 1089 1099 1131 ipsa
1116 1088 1212 1121 etiam
1231 1089 1292 1120 fide
1310 1088 1533 1132 accipiendcm
1551 1088 1683 1131 probat.

472 1147 579 1178 Fidem
597 1147 681 1178 inter
702 1146 761 1178 alia
779 1146 1009 1178 numerandam
1025 1156 1094 1178 esse
1110 1157 1222 1188 opera,
1243 1145 1357 1189 quibus
1375 1146 1432 1178 Dei
1449 1146 1582 1188 gratiam
1601 1157 1687 1189 prae-

470 1202 574 1235 veniri
596 1207 692 1244 negat
710 1203 890 1245 Apostolus,
921 1213 996 1235 cum
1024 1203 1102 1235 dicit
1124 1215 1129 1234 :
1150 1204 1229 1235 Non
1249 1215 1293 1235 ex
1311 1202 1479 1246 operibus.
1501 1202 1610 1235 Gratia
1627 1203 1690 1235 du-

469 1259 575 1291 ritiam
609 1258 713 1291 cordis
742 1258 886 1295 auferri3
908 1263 941 1291 et
964 1259 1004 1291 ad
1021 1259 1181 1291 Christum
1200 1259 1312 1291 venire
1338 1268 1448 1290 omnes
1469 1259 1522 1301 qui
1551 1269 1569 1290 a
1595 1260 1690 1291 Patre

469 1316 627 1348 docentur
644 1319 680 1347 ut
705 1315 834 1347 veniant
854 1328 861 1346 :
882 1326 959 1358 quos
982 1320 1090 1347 autem
1118 1316 1228 1354 docet,
1257 1315 1473 1348 misericordia
1492 1315 1630 1353 docere;
1660 1319 1693 1346 et

470 1381 548 1414 quos
574 1382 637 1402 non
655 1371 766 1409 docet,
780 1371 903 1412 judicio
921 1382 983 1403 non
1009 1372 1140 1404 docere.
1161 1374 1280 1404 Locum
1305 1382 1343 1403 ex
1363 1371 1459 1413 ipsius
1479 1370 1618 1412 Epistola
1633 1381 1690 1409 cu,

470 1431 581 1470 quaest.
600 1435 634 1466 2,
655 1428 695 1459 de
712 1432 860 1468 tempore
876 1426 1057 1459 christianae
1076 1427 1247 1469 religionis,
1263 1427 1316 1469 qui
1334 1437 1351 1458 a
1369 1426 1628 1469 Semipelagianis
1644 1426 1690 1458 al-

469 1484 604 1527 legatur,
620 1496 714 1527 posse
731 1490 822 1518 recte
836 1485 923 1517 salva
942 1485 1051 1528 gratiae
1068 1496 1105 1518 ac
1122 1484 1406 1528 praedestinationis
1421 1484 1568 1516 doctrina
1587 1482 1690 1525 expli-

469 1541 548 1572 cari.
575 1543 678 1573 Docet
694 1542 768 1583 quid
793 1542 877 1572 inter
902 1541 1035 1582 gratiam
1054 1540 1178 1573 intersit
1195 1544 1228 1572 et
1247 1538 1571 1583 praedestinationem.
1594 1540 1692 1569 Porro

468 1595 747 1637 praedestinatione
774 1598 876 1627 Deum
904 1607 940 1627 ea
966 1596 1177 1637 praescivisse,
1211 1607 1279 1637 quae
1305 1595 1412 1626 fuerat
1438 1594 1506 1636 ipse
1532 1594 1690 1625 facturus.

470 1651 760 1683 praedestinationis
779 1651 996 1687 adversarios,
1012 1651 1064 1691 qui
1081 1650 1120 1682 ad
1135 1650 1296 1682 incertum
1315 1650 1486 1681 voluntatis
1505 1649 1562 1681 Dei
1577 1649 1693 1681 deduci

469 1714 503 1735 se
523 1705 607 1735 nolle
626 1705 791 1744 dicuntur,
808 1704 942 1736 miratur
959 1704 1043 1736 male
1062 1715 1097 1735 se
1112 1705 1196 1746 ipsos
1220 1704 1397 1736 infirmitati
1416 1714 1493 1742 suae,
1521 1712 1617 1744 quam
1638 1702 1693 1734 sir-

471 1759 576 1792 mitati
603 1759 819 1802 promissionis
847 1761 905 1791 Dei
922 1761 1138 1793 committere.
1163 1761 1298 1792 Eosdem
1324 1760 1385 1791 hnc
1415 1758 1635 1791 auctoritate:
1657 1759 1696 1790 Sz'

469 1814 673 1854 credideris,
691 1815 805 1847 salvus
823 1817 904 1853 eris,
917 1815 1008 1848 abuti
1024 1821 1266 1848 commonstrat.
1291 1816 1409 1848 Gratim
1427 1826 1464 1847 ac
1483 1815 1690 1858 praedettina-

471 1870 565 1903 tionis
583 1871 757 1904 veritatem
775 1871 923 1904 relucere
937 1871 969 1903 in
982 1871 1125 1914 parvulis
1140 1872 1194 1915 qui
1212 1872 1386 1909 salvantur,
1409 1871 1499 1902 nullis
1516 1870 1578 1902 suis
1593 1870 1691 1902 meri·

475 1928 510 1958 tis
530 1927 662 1959 discreti
682 1938 700 1959 a
718 1927 842 1959 caeteris
865 1927 919 1969 qui
940 1931 1089 1968 pereunt.
1111 1929 1179 1959 Non
1198 1927 1281 1959 enim
1306 1927 1389 1959 inter
1409 1937 1462 1958 eos
1489 1925 1630 1958 discerni
1652 1936 1692 1957 ex

474 1983 675 2026 praescientia
692 1982 893 2020 meritorum,
911 1993 980 2024 quae
994 1984 1019 2014 si
1033 1982 1149 2014 diutius
1162 1983 1310 2015 viverent
1327 1982 1455 2014 fuerant
1472 1980 1623 2013 habituri.
1642 1980 1693 2012 Ab

480 2039 670 2072 adversariis
682 2039 757 2071 illud
773 2039 889 2079 injuria
901 2043 1051 2081 tanquam
1062 2049 1124 2070 non
1138 2039 1326 2070 canonicum
1345 2038 1562 2069 testimonium
1574 2037 1692 2079 respui,

471 2096 555 2138 quod
571 2096 603 2127 in
618 2106 687 2128 eam
706 2106 775 2127 rem
795 2094 903 2127 attulit
920 2106 927 2125 t
949 2094 1079 2137 Raptus
1106 2102 1156 2125 est
1174 2106 1217 2126 ne
1233 2094 1379 2133 malitia,
1397 2101 1461 2125 etc.
1480 2092 1690 2125 *praeclarissi-

472 2163 559 2184 mum
578 2153 758 2194 exemplum
776 2151 1063 2194 praedestinationis
1082 2155 1116 2182 et
1132 2152 1239 2192 gratiae
1266 2161 1334 2182 esse
1351 2151 1454 2192 ipsum
1478 2149 1691 2187 Salvatorem‚

472 2208 526 2248 qui
542 2211 579 2240 ut
603 2207 751 2240 Salvator
769 2212 804 2240 et
821 2207 914 2239 Filius
932 2208 990 2239 Dei
1014 2207 1195 2249 unigenitus
1212 2211 1309 2245 esset,
1328 2205 1419 2238 nullis
1436 2204 1693 2247 praecedentibus

474 2262 526 2294 vel
542 2273 676 2304 operum
693 2263 746 2295 vel
760 2263 834 2296 fidei
850 2264 971 2295 meritis
985 2263 1200 2305 comparavit.
1218 2262 1457 2294 Praedestinatos
1474 2261 1582 2294 vocari
1600 2263 1691 2293 certa

473 2318 608 2362 quadam
628 2318 807 2351 electorum
833 2320 961 2361 propria
979 2320 1164 2358 vocatione,
1182 2324 1279 2360 atque
1299 2322 1375 2350 ante
1394 2317 1504 2351 mundi
1529 2317 1692 2350 constitu-

475 2376 593 2407 tionem
623 2375 743 2408 electos
770 2385 851 2413 esse,
883 2386 945 2406 non
970 2377 1045 2417 quia
1072 2376 1227 2408 credituri
1245 2375 1512 2417 praesciebantur,
1542 2378 1576 2406 et
1592 2373 1690 2406 futuri

475 2431 589 2470 sancti,
609 2431 665 2463 sed
684 2435 720 2463 ut
737 2430 818 2463 tales
836 2436 943 2463 essent
957 2441 1017 2473 per
1041 2432 1142 2473 ipsam
1161 2431 1351 2464 electionem
1369 2431 1489 2472 gratiae,
1509 2434 1575 2462 ete.

434 2501 483 2531 DE
508 2500 616 2530 DONO
641 2499 996 2538 PERSEVERANTIAE,
1015 2508 1053 2529 An
1069 2509 1245 2530 PROSPERUM
1259 2510 1295 2530 ET
1313 2507 1476 2530 nummu.
1497 2507 1584 2529 Lmen
1601 2507 1636 2529 11.
1648 2513 1690 2520 —

478 2555 581 2587 Prima
598 2560 692 2597 parte
705 2555 778 2587 libri
796 2555 912 2597 probat
929 2556 1205 2597 perseverantiam
1223 2555 1319 2593 illam,
1343 2565 1405 2597 qua
1422 2555 1453 2586 in
1471 2553 1596 2586 Christo
1610 2563 1690 2595 per-

478 2616 645 2643 severatur
661 2622 763 2654 usque
778 2611 809 2643 in
824 2611 930 2652 linem,
950 2621 1017 2643 esse
1033 2611 1150 2643 donum
1168 2611 1235 2643 Dei.
1254 2612 1321 2642 Hoc
1337 2610 1421 2642 enim
1436 2620 1453 2641 a
1468 2612 1534 2642 Deo
1551 2608 1690 2641 irrisorie

1783 2431 1824 2461 53
