1884 3285
419 228 500 264 208
859 237 891 262 s.
929 235 1159 261 AuGtJ5T1N1
1193 235 1374 262 EPISCOPI

416 298 644 345 carnaliter
663 308 815 343 natum
835 333 845 353 ,
869 299 1120 357 contagium
1144 301 1291 344 mortis
1317 299 1506 360 antiquae
1529 301 1666 359 prima
1690 302 1804 345 nati·

416 372 547 414 vitate
572 370 853 413 contrahere?
876 369 1089 413 Vides-ne
1113 380 1154 414 te
1173 371 1314 429 potius
1333 385 1478 425 reum,
1504 371 1580 430 qui
1597 370 1803 430 blasphe-

414 456 504 484 mas
520 440 649 484 istum
664 449 910 485 sanctorum
927 450 1168 497 martyrum
1184 443 1349 485 Deum?
1364 441 1476 485 Dicis
1491 450 1532 485 te
1547 440 1689 485 colere
1709 457 1803 486 om·
1844 468 1847 489 :

415 511 826 569 nipotentissimum,
844 511 1157 571 aequissimum,
1176 511 1618 556 misericordissimum
1633 514 1798 556 Deum:

1840 97 1844 116 k

1841 203 1844 225 i

1841 244 1845 278 ἰ

1817 387 1847 448 ’ἓ

1844 517 1847 532 ἐ
1878 523 1882 530 ι

1846 561 1855 568 ι,

1845 569 1855 579 i.

414 580 487 624 sed
500 580 590 639 ipse
609 591 670 626 est
686 582 1147 640 omnipotentissimus,
1163 582 1240 642 qui
1250 583 1405 640 jugum
1425 597 1570 640 grave,
1586 597 1675 641 quo
1700 597 1802 641 pre-
1846 582 1848 629 ἱ
1879 594 1884 613 i

414 661 595 696 muntur
607 652 682 696 filii
698 651 834 696 Adam
849 668 898 695 ex
912 652 981 696 die
994 653 1228 697 nativitatis
1242 668 1346 707 suae,
1364 651 1517 712 procul
1530 652 1667 698 dubio
1680 654 1802 698 abeis
1846 654 1849 701 Ξ
1880 673 1884 691 «’

413 733 556 782 posset
580 722 752 767 auferre
768 758 779 777 ,
809 724 896 768 imo
919 738 974 767 ne
992 723 1083 768 ullo
1103 723 1176 768 tali
1196 725 1301 784 jugo
1324 739 1498 783 prorsus
1522 733 1802 781 gravarentur
1847 742 1850 766 t
1881 735 1884 761 2

413 793 584 836 efficere
603 811 611 837 ε
632 793 708 837 sed
723 793 814 852 ipse
832 802 895 837 est
910 794 1196 853 aequissimus,
1217 794 1294 853 qui
1312 793 1435 838 nullo
1449 796 1582 840 modo
1600 794 1710 838 illud
1725 795 1802 838 im·
1848 803 1851 857 ξ

413 871 609 921 poneret,
627 863 848 922 imponive
862 864 1146 922 permitteret,
1166 865 1243 908 nisi
1255 874 1430 923 peccata
1444 865 1489 909 in
1503 865 1577 919 eis,
1596 879 1696 909 cum
1708 865 1800 924 qui·
1849 865 1852 901 ἶ
1882 876 1884 896 ²

412 931 494 975 bus
512 932 601 976 nati
619 942 736 988 sunt,
756 933 985 988 inveniret,
1005 949 1196 994 quorum
1214 944 1382 979 reatum
1400 936 1558 979 renatis
1576 934 1691 979 idem
1710 935 1802 994 ipse
1849 955 1852 964 ,

412 1003 833 1048 misericordissimus
850 1004 1050 1049 solveret.
1073 1006 1115 1049 Si
1132 1019 1232 1062 ergo
1246 1014 1288 1048 te
1303 1004 1540 1050 delectaret
1557 1005 1703 1049 divina
1712 1006 1801 1065 jus-
1850 1027 1853 1069 s

412 1072 521 1127 titia,
542 1074 710 1118 videres
727 1074 924 1134 profecto
947 1075 1068 1134 quod
1085 1090 1135 1118 ex
1150 1075 1240 1134 ipsa
1263 1075 1430 1129 veniat,
1456 1091 1546 1119 non
1563 1076 1715 1134 utique
1737 1075 1803 1119 in·
1850 1094 1853 1129 '.

406 1142 521 1201 juste
538 1159 562 1187 a
578 1144 767 1202 parvulis
789 1146 997 1203 incipiens
1012 1179 1023 1199 ,
1047 1153 1146 1188 nota
1173 1145 1376 1188 omnibus
1398 1145 1590 1189 humana
1612 1145 1797 1201 miseria,
1851 1159 1853 1209 ζ

411 1229 497 1271 qua
510 1215 730 1273 peragitur
741 1216 836 1259 haec
851 1216 955 1269 vita,
974 1231 996 1258 a
1010 1215 1159 1274 primis
1173 1215 1348 1259 fletibus
1363 1216 1651 1273 nascentium,
1664 1231 1802 1276 usque
1851 1222 1855 1260 ἶ

411 1281 467 1326 ad
491 1292 703 1328 extremos
723 1285 882 1330 halitus
906 1285 1186 1328 morientium
1203 1305 1214 1342 3
1234 1286 1392 1329 sanctis
1408 1295 1579 1330 tantum
1598 1296 1641 1330 et
1659 1285 1801 1331 fideli-
1852 1312 1854 1317 ν

409 1352 514 1408 bus,
537 1355 610 1398 sed
631 1355 677 1398 in
698 1355 780 1399 alia
797 1356 906 1410 vita,
931 1355 1135 1399 felicitate
1157 1356 1378 1415 promissa.

470 1427 542 1468 LI.
579 1428 806 1471 Jummus.
845 1446 864 1468 «
893 1430 976 1470 Pro
1000 1427 1083 1471 hoc
1103 1427 1236 1485 igitur
1263 1430 1353 1471 Deo
1379 1443 1500 1483 meo,
1529 1442 1661 1487 quem
1692 1427 1800 1472 mihi
1853 1422 1856 1450 ³

411 1495 584 1554 qualem
609 1497 739 1542 credo
771 1499 909 1542 omnis
931 1508 1123 1542 creatura
1148 1508 1190 1542 et
1212 1509 1358 1543 sancta
1383 1501 1604 1559 Scriptura
1627 1499 1799 1544 denun-
1854 1501 1855 1527 ³

412 1566 515 1620 tiat‚
547 1568 702 1612 rectius
732 1568 822 1612 dixi
851 1568 1065 1624 facerem,
1092 1569 1125 1613 si
1153 1585 1232 1614 nec
1254 1570 1468 1614 librorum
1500 1581 1544 1615 te
1575 1579 1800 1615 concerta·
1854 1565 1865 1630 ἶΙ

413 1635 529 1680 tione
551 1636 735 1697 dignum
751 1649 967 1698 putarem.
990 1642 1152 1684 Verum
1174 1641 1381 1700 quoniam
1403 1641 1506 1685 mihi
1525 1641 1798 1701 potissimum

409 1706 494 1750 hoc
521 1723 545 1750 a
567 1709 724 1752 sanctis
744 1709 842 1753 viris
858 1744 868 1763 ,
894 1710 1030 1754 nostri
1047 1711 1252 1769 temporis
1270 1711 1611 1766 confessoribus,
1638 1726 1799 1756 munus
1855 1706 1858 1776 ἱ

408 1776 659 1835 impositum
687 1789 777 1834 est,
812 1789 861 1824 ut
885 1779 1000 1824 dicta
1030 1790 1103 1824 tua
1129 1781 1237 1839 quid
1266 1782 1457 1827 habeant
1490 1781 1694 1841 ponderis
1729 1797 1798 1826 ra-
1856 1803 1858 1842 ζ

409 1845 626 1907 tionisque
655 1849 910 1905 discutiam,
941 1860 1240 1910 opportunum
1271 1852 1357 1896 fuit
1389 1851 1615 1897 ostendere
1648 1852 1792 1911 prius,
1856 1886 1859 1918 ¹,

409 1931 499 1960 non
523 1934 545 1962 a
566 1928 605 1962 tc
627 1920 745 1964 credi
768 1921 806 1965 ei
824 1924 936 1977 Deo,
957 1923 1033 1981 qui
1051 1923 1095 1965 in
1113 1922 1429 1967 catholicorum
1447 1937 1617 1982 semper
1638 1923 1794 1968 Eccle·
1857 1926 1859 1966 ἶ

408 1987 468 2030 sia
486 1989 744 2046 praedicatus
769 2001 832 2035 est
851 2024 860 2045 ,
883 2001 926 2035 et
948 2007 1086 2052 usque
1103 1992 1159 2037 ad
1179 1994 1312 2038 finem
1330 1994 1407 2037 ubi
1429 1994 1502 2038 illa
1523 1995 1654 2038 fuerit
1677 2009 1792 2053 prae-
1857 2005 1859 2051 ς

406 2055 639 2103 dicabitur.
664 2078 683 2101 »

468 2131 757 2176 Amisum-s.
796 2134 889 2190 Ego
920 2133 1062 2191 potius
1095 2149 1184 2177 non
1218 2144 1259 2178 te
1294 2135 1560 2190 ostendisse,
1595 2134 1716 2194 quod
1752 2144 1793 2179 te
1858 2143 1860 2169 ῑ

407 2199 643 2244 ostendisse
665 2202 794 2258 dicis,
818 2203 1011 2260 ostendi,
1037 2213 1079 2248 et
1096 2205 1133 2248 ei
1157 2220 1225 2248 me
1244 2209 1331 2250 Deo
1350 2206 1526 2250 credere
1545 2241 1556 2260 ,
1582 2206 1659 2266 qui
1680 2223 1703 2250 a
1725 2221 1790 2250 ca-

406 2271 669 2317 tholicorum
687 2289 855 2333 semper
872 2275 1063 2320 Ecclesia
1081 2276 1339 2335 praedicatus
1354 2288 1438 2333 est,
1459 2277 1492 2321 si
1508 2277 1692 2322 nimium
1707 2293 1793 2322 cae-
1858 2330 1860 2335 ,

407 2357 482 2387 cus
503 2359 592 2388 non
609 2344 663 2388 sis
681 2379 691 2399 ,
718 2345 889 2390 edocui.

466 2417 559 2458 LII.
596 2419 823 2462 Jthms.
860 2436 880 2460 «
911 2420 1038 2463 Nunc
1067 2434 1168 2463 vero
1192 2429 1508 2479 consequenter
1532 2419 1755 2480 inspiciam
1777 2454 1788 2476 ‚

404 2485 564 2544 quibus
596 2486 708 2541 hoc,
745 2486 865 2546 quod
903 2498 1121 2546 expugnat
1156 2488 1262 2533 fides
1296 2490 1464 2547 piorum
1486 2525 1496 2545 ,
1537 2490 1792 2536 testimoniis

406 2555 622 2602 affirmare
639 2557 822 2603 coneris.
845 2556 928 2604 Sed
944 2559 1152 2619 quoniam
1168 2559 1333 2605 institui
1350 2559 1464 2606 libro
1484 2569 1561 2606 tuo
1580 2561 1790 2618 secundO,
