1884 3285
1831 0 1864 158 l

1835 171 1839 246 ἐ

1836 247 1841 282 l

445 250 529 289 464
880 267 913 291 s.
952 263 1180 293 Aoetvs‘nm
1213 266 1395 294 EPISCOPI
1836 291 1859 319 ι(

444 327 548 370 tiam
572 328 701 386 primi
723 329 926 384 hominis,
964 340 1138 390 peccata
1162 331 1413 376 didicissent
1434 352 1445 390 3
1469 342 1513 377 et
1546 331 1707 377 multos
1729 322 1843 401 esse,}
1873 355 1877 373 κ

443 413 532 442 non
556 414 724 454 omnes,
746 400 821 460 qui
840 416 917 460 per
939 401 1116 446 alterius
1135 402 1444 459 obedientiam,
1465 403 1678 463 justitiam
1697 404 1845 459 essenti
1861 420 1884 447 υτ

443 467 606 527 adepti.
623 470 740 515 Nihil
765 471 836 515 hic
862 470 917 516 de
941 482 1093 518 exortu
1121 473 1403 519 humanitatis
1425 474 1568 533 agitur
1589 509 1600 530 ‚
1634 489 1775 519 mores
1794 463 1845 529 ini
1873 492 1884 519 :i

443 537 621 585 diversis
652 541 805 586 studiis
834 542 1117 602 publicantur
1143 563 1153 589 ε
1188 544 1483 589 inobedientia
1512 554 1556 589 et
1591 533 1884 607 obedientialii

441 610 686 656 studiorum
707 628 883 672 operam
905 651 915 669 ,
943 631 1030 659 non
1050 616 1338 674 generationis
1357 650 1368 671 ,
1392 615 1598 661 ostendit.
1619 618 1749 661 Certe
1766 614 1839 658 ubi
1862 631 1884 659 n

441 684 752 742 opportunius,
773 686 807 729 si
829 685 938 745 quid
958 686 1201 732 secundum
1223 697 1266 732 te
1284 687 1698 748 saperetApostolus
1713 721 1724 742 ,
1741 701 1884 746 pro—315¹

441 754 663 798 nuntiaret
681 771 831 799 omnes
847 755 902 799 ad
921 758 1331 816 condemnationem
1349 759 1412 802 ire
1429 759 1647 802 nascendo
1659 792 1669 813 ,
1681 752 1884 820 paucosjiu

441 834 586 869 autem
611 825 664 870 ad
686 827 822 872 vitam
845 828 1082 884 credendo,
1110 846 1242 890 quam
1265 832 1310 874 in
1334 829 1549 885 hocloco,
1575 830 1654 874 ubi
1673 821 1884 903 summam

441 896 747 955 disputationis
769 899 1031 958 complenda
1055 903 1180 945 erat?
1206 901 1369 946 Debuit
1394 901 1511 946 enim
1533 900 1694 955 dicere,
1723 887 1884 958 Sicutitc

441 966 557 1010 enim
575 983 652 1027 per
674 968 1018 1014 inobedientiam
1042 972 1173 1016 unius
1198 973 1388 1017 hominis
1406 982 1654 1033 peccatores
1684 950 1884 1034 consti-{ii

440 1038 524 1082 tuti
546 1048 649 1083 sunt
670 1054 818 1084 omnes
845 1060 855 1098 3
880 1041 969 1086 imo
999 1057 1087 1086 non
1112 1058 1188 1101 per
1211 1043 1553 1087 inobedientiam
1571 1078 1581 1098 ,
1609 1042 1706 1097 sed,
1733 1043 1884 1099 sicutjis

439 1124 517 1167 per
543 1111 869 1168 generationem
886 1111 1014 1171 primi
1031 1113 1220 1157 hominis
1238 1123 1488 1173 peccatores
1505 1114 1596 1158 nati
1616 1122 1716 1158 sunt
1751 1103 1853 1169 οἴη-ξ
1865 1123 1884 1171 ti

439 1195 529 1235 nes,
544 1181 602 1225 ita
618 1190 661 1225 et
675 1197 749 1241 per
766 1186 894 1227 unius
905 1182 1202 1229 obedientiam
1212 1186 1322 1245 justi
1333 1187 1657 1230 constituentur
1668 1175 1884 1248 multimssji

497 1254 792 1300 Amuscrmus.
829 1256 924 1298 Imo
947 1255 1099 1300 debuit
1123 1255 1268 1302 dicere
1289 1292 1303 1311 .,
1341 1258 1460 1302 Sicut
1479 1272 1555 1316 pcr
1591 1251 1884 1314 inobedien-il„

438 1321 542 1367 tiam
577 1339 700 1368 suam
737 1335 983 1384 peccatores
1032 1327 1260 1372 constituti
1303 1338 1407 1373 sunt
1448 1327 1575 1372 multi
1596 1362 1606 1382 ,
1657 1327 1717 1371 ita
1767 1320 1873 1397 perf'

437 1393 733 1439 obedientiam
748 1410 869 1440 suam
885 1397 991 1456 justi
1016 1398 1344 1443 constituentur
1364 1397 1492 1443 multi
1510 1417 1518 1443 ε
1536 1406 1627 1452 aut,
1645 1397 1678 1441 si
1701 1397 1846 1441 imita-

438 1465 618 1522 tionem,
645 1482 776 1526 quam
799 1482 874 1511 vos
893 1467 938 1511 in
959 1469 1128 1528 magnis
1152 1470 1365 1529 angustiis
1388 1469 1614 1515 constituti
1637 1478 1680 1513 et
1708 1404 1869 1528 perse-i·

437 1547 602 1596 quentc
620 1539 801 1583 veritate
823 1540 1029 1583 coarctati
1046 1574 1057 1594 ,
1074 1540 1291 1585 invenisse
1309 1557 1389 1586 vos
1408 1541 1569 1600 putatis
1583 1575 1594 1596 ,
1621 1555 1710 1599 qua
1733 1518 1860 1605 exire}

436 1609 619 1668 possetis
642 1644 653 1664 ,
674 1610 758 1654 hoc
786 1609 883 1653 loco
906 1609 979 1653 ille
1014 1612 1328 1657 commendare
1350 1610 1584 1666 voluisset,
1608 1610 1763 1654 debuit
1785 1607 1862 1668 dii

436 1694 558 1734 cere,
588 1681 708 1723 Sicut
732 1695 806 1738 per
829 1680 1118 1725 imitationem
1154 1682 1472 1727 inobedientiae
1501 1682 1633 1725 unius
1661 1675 1865 1752 hominis}

434 1759 684 1808 peccatores
706 1750 932 1794 constituti
961 1760 1064 1795 sunt
1092 1752 1222 1797 multi
1245 1788 1256 1808 ,
1283 1754 1344 1798 ita
1374 1762 1418 1797 et
1450 1768 1526 1812 per
1558 1751 1862 1816 imitationem}

435 1820 700 1865 obedientiae
723 1822 853 1866 unius
880 1822 1070 1867 hominis
1085 1824 1192 1883 justi
1211 1824 1542 1868 constituentur
1564 1822 1708 1867 multi.
1736 1809 1867 1901 Ecce}

435 1901 479 1935 et
496 1907 577 1951 ego
590 1891 678 1936 dixi
692 1892 917 1952 quomodo
930 1892 1135 1938 debuerit
1149 1894 1387 1954 Apostolus
1403 1895 1545 1955 loqui,
1564 1895 1598 1939 si
1612 1895 1695 1938 hoc
1717 1891 1867 1939 vellet}

434 1960 581 2006 dicere
602 1997 612 2016 ,
639 1963 760 2023 quod
783 1979 858 2008 vos
877 1964 1017 2009 dicitis
1045 1984 1053 2009 ε
1080 1980 1135 2008 ne
1157 1974 1288 2024 putes
1307 1964 1475 2026 aliquid
1500 1979 1712 2024 magnum
1734 1950 1866 2036 esse,{

434 2048 516 2092 pro
540 2033 768 2079 voluntate
790 2045 940 2081 nostra
969 2035 1101 2080 verba
1122 2051 1412 2095 componere,
1437 2051 1528 2081 non
1560 2036 1748 2080 auctoris
1771 2039 1858 2079 νο-4

431 2103 652 2151 laxitatem
676 2105 722 2150 in
744 2106 888 2152 verbis
913 2113 1003 2163 ejus
1021 2121 1253 2166 exponere.
1283 2106 1400 2151 Dixit
1423 2122 1526 2166 ergo
1547 2141 1557 2161 ,
1582 2121 1660 2166 per
1691 2105 1848 2150 inobe-

433 2174 646 2221 dientiam
676 2178 804 2222 unius
842 2179 1033 2224 hominis
1056 2213 1066 2233 ,
1112 2193 1242 2238 quem
1280 2178 1569 2236 generationis
1607 2167 1865 2237 principem²

432 2257 652 2303 noverat,
689 2260 941 2308 peccatores
976 2249 1236 2294 constitutos
1270 2263 1361 2293 esse
1398 2248 1561 2294 multos
1594 2269 1605 2306 3
1639 2246 1848 2308 quoniam

434 2319 509 2365 illa
531 2320 832 2365 inobedientia
864 2331 927 2366 est
950 2331 1107 2366 natura
1129 2321 1325 2364 humana,
1351 2320 1500 2365 vitiata
1527 2335 1536 2361 :
1564 2328 1608 2364 et
1639 2334 1718 2378 per
1739 2319 1847 2363 obc-

437 2393 648 2436 dientiam
675 2392 807 2437 unius
827 2393 1046 2447 hominis,
1071 2392 1150 2451 qui
1172 2392 1509 2449 regenerationis
1529 2400 1592 2435 est
1625 2391 1844 2450 princeps,

432 2465 571 2524 justos
589 2465 797 2510 constitui
819 2464 985 2510 multos
1012 2482 1020 2507 :
1042 2463 1144 2523 quia
1162 2462 1278 2507 illius
1302 2463 1553 2507 obedientia
1579 2471 1735 2508 natura
1758 2463 1861 2521 hu-}

440 2550 570 2579 mana
596 2544 772 2581 sanatur
787 2538 820 2591 ¹,
850 2555 870 2577 «
900 2535 987 2589 Qut
1009 2534 1150 2579 tactus
1174 2543 1239 2579 est
1260 2534 1470 2579 obediens
1490 2548 1628 2594 usque
1651 2532 1707 2578 ad
1729 2547 1847 2578 mor-

470 2627 503 2671 ,μ’
527 2620 641 2664 Philip.
667 2633 704 2665 11,
724 2624 756 2657 8.
