<?xml version="1.0" encoding="UTF-8"?>
<!DOCTYPE html PUBLIC "-//W3C//DTD XHTML 1.0 Transitional//EN"
    "http://www.w3.org/TR/xhtml1/DTD/xhtml1-transitional.dtd">
<html xmlns="http://www.w3.org/1999/xhtml" xml:lang="en" lang="en">
 <head>
  <title>
</title>
<meta http-equiv="Content-Type" content="text/html;charset=utf-8" />
  <meta name='ocr-system' content='tesseract 3.04.00' />
  <meta name='ocr-capabilities' content='ocr_page ocr_carea ocr_par ocr_line ocrx_word'/>
</head>
<body>
  <div class='ocr_page' id='page_1' title='image "./operaomniaaccura36auguuoft/operaomniaaccura36auguuoft_0117.png"; bbox 0 0 1821 3264; ppageno 0'>
   <div class='ocr_carea' id='block_1_1' title="bbox 344 258 1428 300">
    <p class='ocr_par' dir='ltr' id='par_1_1' title="bbox 344 258 1428 300">
     <span class='ocr_line' id='line_1_1' title="bbox 344 258 1428 300; baseline -0.004 0"><span class='ocrx_word' id='word_1_1' title='bbox 344 273 397 300; x_wconf 81' lang='lat' dir='ltr'><strong>DE</strong></span> <span class='ocrx_word' id='word_1_2' title='bbox 430 267 828 298; x_wconf 72' lang='lat' dir='ltr'><strong>PnAEnESTmA&#39;rmNE</strong></span> <span class='ocrx_word' id='word_1_3' title='bbox 862 268 1127 297; x_wconf 76' lang='lat' dir='ltr'><strong>SANCTORUM.</strong></span> <span class='ocrx_word' id='word_1_4' title='bbox 1375 258 1428 297; x_wconf 86' lang='lat'><strong>73</strong></span> 
     </span>
    </p>
   </div>
   <div class='ocr_carea' id='block_1_2' title="bbox 0 334 1450 2513">
    <p class='ocr_par' dir='ltr' id='par_1_2' title="bbox 0 334 1450 2513">
     <span class='ocr_line' id='line_1_2' title="bbox 2 334 1431 394; baseline -0.004 -9"><span class='ocrx_word' id='word_1_5' title='bbox 2 366 3 369; x_wconf 62' lang='lat'><em>=</em></span> <span class='ocrx_word' id='word_1_6' title='bbox 49 339 359 393; x_wconf 84' lang='lat' dir='ltr'><strong>crediderunt,</strong></span> <span class='ocrx_word' id='word_1_7' title='bbox 384 346 427 380; x_wconf 89' lang='lat' dir='ltr'><strong>et</strong></span> <span class='ocrx_word' id='word_1_8' title='bbox 454 345 660 394; x_wconf 82' lang='lat' dir='ltr'>tanquam</span> <span class='ocrx_word' id='word_1_9' title='bbox 684 334 843 378; x_wconf 83' lang='lat' dir='ltr'><strong>coelum</strong></span> <span class='ocrx_word' id='word_1_10' title='bbox 868 344 969 379; x_wconf 88' lang='lat' dir='ltr'><strong>sunt</strong></span> <span class='ocrx_word' id='word_1_11' title='bbox 991 356 1002 391; x_wconf 76' lang='lat'>3</span> <span class='ocrx_word' id='word_1_12' title='bbox 1033 335 1090 379; x_wconf 86' lang='lat' dir='ltr'><strong>ita</strong></span> <span class='ocrx_word' id='word_1_13' title='bbox 1123 343 1166 379; x_wconf 90' lang='lat' dir='ltr'><strong>et</strong></span> <span class='ocrx_word' id='word_1_14' title='bbox 1194 334 1239 378; x_wconf 90' lang='lat' dir='ltr'><strong>in</strong></span> <span class='ocrx_word' id='word_1_15' title='bbox 1269 334 1326 378; x_wconf 88' lang='lat' dir='ltr'><strong>eis</strong></span> <span class='ocrx_word' id='word_1_16' title='bbox 1355 336 1431 394; x_wconf 85' lang='lat' dir='ltr'><strong>qui</strong></span> 
     </span>
     <span class='ocr_line' id='line_1_3' title="bbox 1 405 1432 465; baseline -0.004 -9"><span class='ocrx_word' id='word_1_17' title='bbox 1 444 3 461; x_wconf 41' lang='grc' dir='ltr'><strong>ἱ</strong></span> <span class='ocrx_word' id='word_1_18' title='bbox 49 427 137 456; x_wconf 89' lang='lat' dir='ltr'><strong>non</strong></span> <span class='ocrx_word' id='word_1_19' title='bbox 153 410 350 464; x_wconf 88' lang='lat' dir='ltr'><strong>credunt,</strong></span> <span class='ocrx_word' id='word_1_20' title='bbox 368 417 408 452; x_wconf 90' lang='lat' dir='ltr'><strong>et</strong></span> <span class='ocrx_word' id='word_1_21' title='bbox 424 407 480 452; x_wconf 91' lang='lat' dir='ltr'><strong>ob</strong></span> <span class='ocrx_word' id='word_1_22' title='bbox 493 407 576 450; x_wconf 87' lang='lat' dir='ltr'><strong>hoc</strong></span> <span class='ocrx_word' id='word_1_23' title='bbox 589 405 732 451; x_wconf 90' lang='lat' dir='ltr'><strong>adhuc</strong></span> <span class='ocrx_word' id='word_1_24' title='bbox 748 414 858 449; x_wconf 89' lang='lat' dir='ltr'><strong>terra</strong></span> <span class='ocrx_word' id='word_1_25' title='bbox 876 415 991 449; x_wconf 89' lang='lat' dir='ltr'><strong>sunt.</strong></span> <span class='ocrx_word' id='word_1_26' title='bbox 1010 406 1126 459; x_wconf 87' lang='lat' dir='ltr'>Quid</span> <span class='ocrx_word' id='word_1_27' title='bbox 1145 421 1246 465; x_wconf 85' lang='lat' dir='ltr'><strong>ergo</strong></span> <span class='ocrx_word' id='word_1_28' title='bbox 1261 421 1432 450; x_wconf 87' lang='lat' dir='ltr'><strong>oramus</strong></span> 
     </span>
     <span class='ocr_line' id='line_1_4' title="bbox 0 475 1434 548; baseline -0.003 -22"><span class='ocrx_word' id='word_1_29' title='bbox 0 539 3 548; x_wconf 30' lang='lat' dir='ltr'>y</span> <span class='ocrx_word' id='word_1_30' title='bbox 49 498 128 543; x_wconf 91' lang='lat' dir='ltr'><strong>pro</strong></span> <span class='ocrx_word' id='word_1_31' title='bbox 156 480 403 525; x_wconf 82' lang='lat' dir='ltr'>nolentibus</span> <span class='ocrx_word' id='word_1_32' title='bbox 430 478 619 533; x_wconf 88' lang='lat' dir='ltr'><strong>credere,</strong></span> <span class='ocrx_word' id='word_1_33' title='bbox 647 477 726 520; x_wconf 86' lang='lat' dir='ltr'><strong>nisi</strong></span> <span class='ocrx_word' id='word_1_34' title='bbox 752 486 801 520; x_wconf 88' lang='lat' dir='ltr'><strong>ut</strong></span> <span class='ocrx_word' id='word_1_35' title='bbox 832 479 945 520; x_wconf 83' lang='lat' dir='ltr'><strong>Deus</strong></span> <span class='ocrx_word' id='word_1_36' title='bbox 974 476 1019 519; x_wconf 88' lang='lat' dir='ltr'><strong>in</strong></span> <span class='ocrx_word' id='word_1_37' title='bbox 1048 475 1131 519; x_wconf 91' lang='lat' dir='ltr'><strong>illis</strong></span> <span class='ocrx_word' id='word_1_38' title='bbox 1159 486 1363 535; x_wconf 81' lang='lat' dir='ltr'><strong>operetur</strong></span> <span class='ocrx_word' id='word_1_39' title='bbox 1391 486 1434 522; x_wconf 88' lang='lat' dir='ltr'><strong>et</strong></span> 
     </span>
     <span class='ocr_line' id='line_1_5' title="bbox 49 547 1434 608; baseline -0.005 -8"><span class='ocrx_word' id='word_1_40' title='bbox 49 553 190 600; x_wconf 84' lang='lat' dir='ltr'><strong>velle?</strong></span> <span class='ocrx_word' id='word_1_41' title='bbox 207 555 269 595; x_wconf 92' lang='lat' dir='ltr'><strong>De</strong></span> <span class='ocrx_word' id='word_1_42' title='bbox 289 550 448 594; x_wconf 77' lang='lat' dir='ltr'><strong>Judaeis</strong></span> <span class='ocrx_word' id='word_1_43' title='bbox 468 558 583 594; x_wconf 88' lang='lat' dir='ltr'><strong>certe</strong></span> <span class='ocrx_word' id='word_1_44' title='bbox 600 547 833 608; x_wconf 87' lang='lat' dir='ltr'>Apostolus</span> <span class='ocrx_word' id='word_1_45' title='bbox 851 547 910 591; x_wconf 88' lang='lat' dir='ltr'><strong>ait</strong></span> <span class='ocrx_word' id='word_1_46' title='bbox 933 566 941 591; x_wconf 81' lang='lat' dir='ltr'>z</span> <span class='ocrx_word' id='word_1_47' title='bbox 964 566 983 588; x_wconf 91' lang='lat'>«</span> <span class='ocrx_word' id='word_1_48' title='bbox 1005 549 1176 591; x_wconf 82' lang='lat' dir='ltr'><strong>Fratres</strong></span> <span class='ocrx_word' id='word_1_49' title='bbox 1191 582 1201 601; x_wconf 88' lang='lat'><strong>,</strong></span> <span class='ocrx_word' id='word_1_50' title='bbox 1223 548 1337 592; x_wconf 90' lang='lat' dir='ltr'><strong>bona</strong></span> <span class='ocrx_word' id='word_1_51' title='bbox 1354 564 1434 593; x_wconf 88' lang='lat' dir='ltr'><strong>vo-</strong></span> 
     </span>
     <span class='ocr_line' id='line_1_6' title="bbox 0 615 1437 681; baseline -0.002 -15"><span class='ocrx_word' id='word_1_52' title='bbox 0 615 1 618; x_wconf 26' lang='lat'><em>*</em></span> <span class='ocrx_word' id='word_1_53' title='bbox 51 641 72 665; x_wconf 90' lang='lat'>»</span> <span class='ocrx_word' id='word_1_54' title='bbox 91 623 235 666; x_wconf 89' lang='lat' dir='ltr'><strong>luntas</strong></span> <span class='ocrx_word' id='word_1_55' title='bbox 248 620 425 681; x_wconf 89' lang='lat' dir='ltr'><strong>quidem</strong></span> <span class='ocrx_word' id='word_1_56' title='bbox 441 619 582 664; x_wconf 90' lang='lat' dir='ltr'><strong>cordis</strong></span> <span class='ocrx_word' id='word_1_57' title='bbox 597 619 696 674; x_wconf 89' lang='lat' dir='ltr'><strong>mei,</strong></span> <span class='ocrx_word' id='word_1_58' title='bbox 715 627 758 662; x_wconf 88' lang='lat' dir='ltr'><strong>et</strong></span> <span class='ocrx_word' id='word_1_59' title='bbox 771 617 1017 677; x_wconf 81' lang='lat' dir='ltr'><strong>deprecatio</strong></span> <span class='ocrx_word' id='word_1_60' title='bbox 1032 615 1085 660; x_wconf 81' lang='lat' dir='ltr'><strong>ad</strong></span> <span class='ocrx_word' id='word_1_61' title='bbox 1103 620 1243 660; x_wconf 89' lang='lat' dir='ltr'><strong>Deum</strong></span> <span class='ocrx_word' id='word_1_62' title='bbox 1258 632 1338 676; x_wconf 94' lang='lat' dir='ltr'><strong>pro</strong></span> <span class='ocrx_word' id='word_1_63' title='bbox 1352 617 1437 663; x_wconf 89' lang='lat' dir='ltr'><strong>illis</strong></span> 
     </span>
     <span class='ocr_line' id='line_1_7' title="bbox 0 688 1437 750; baseline -0.003 -14"><span class='ocrx_word' id='word_1_64' title='bbox 0 715 1 719; x_wconf 61' lang='lat'><em>=</em></span> <span class='ocrx_word' id='word_1_65' title='bbox 52 695 141 738; x_wconf 87' lang='lat' dir='ltr'><strong>»sit</strong></span> <span class='ocrx_word' id='word_1_66' title='bbox 161 694 205 736; x_wconf 91' lang='lat' dir='ltr'><strong>in</strong></span> <span class='ocrx_word' id='word_1_67' title='bbox 225 692 405 736; x_wconf 89' lang='lat' dir='ltr'><strong>salutem</strong></span> <span class='ocrx_word' id='word_1_68' title='bbox 423 694 449 735; x_wconf 65' lang='lat'><strong>1.</strong></span> <span class='ocrx_word' id='word_1_69' title='bbox 475 708 493 732; x_wconf 89' lang='lat'>»</span> <span class='ocrx_word' id='word_1_70' title='bbox 519 692 624 735; x_wconf 83' lang='lat' dir='ltr'><strong>Orat</strong></span> <span class='ocrx_word' id='word_1_71' title='bbox 645 706 724 750; x_wconf 92' lang='lat' dir='ltr'><strong>pro</strong></span> <span class='ocrx_word' id='word_1_72' title='bbox 747 705 836 734; x_wconf 90' lang='lat' dir='ltr'><strong>non</strong></span> <span class='ocrx_word' id='word_1_73' title='bbox 861 688 1184 743; x_wconf 73' lang='lat' dir='ltr'><strong>credentibus2‚</strong></span> <span class='ocrx_word' id='word_1_74' title='bbox 1209 688 1332 748; x_wconf 84' lang='lat' dir='ltr'><strong>quid,</strong></span> <span class='ocrx_word' id='word_1_75' title='bbox 1358 690 1437 732; x_wconf 85' lang='lat' dir='ltr'><strong>nisi</strong></span> 
     </span>
     <span class='ocr_line' id='line_1_8' title="bbox 49 758 1438 821; baseline -0.004 -12"><span class='ocrx_word' id='word_1_76' title='bbox 49 774 98 810; x_wconf 92' lang='lat' dir='ltr'><strong>ut</strong></span> <span class='ocrx_word' id='word_1_77' title='bbox 124 764 337 809; x_wconf 79' lang='lat' dir='ltr'><strong>credant?</strong></span> <span class='ocrx_word' id='word_1_78' title='bbox 366 765 462 808; x_wconf 90' lang='lat' dir='ltr'><strong>Non</strong></span> <span class='ocrx_word' id='word_1_79' title='bbox 494 761 607 806; x_wconf 85' lang='lat' dir='ltr'><strong>enim</strong></span> <span class='ocrx_word' id='word_1_80' title='bbox 640 761 764 805; x_wconf 88' lang='lat' dir='ltr'><strong>aliter</strong></span> <span class='ocrx_word' id='word_1_81' title='bbox 797 769 1128 821; x_wconf 86' lang='lat' dir='ltr'><strong>consequuntur</strong></span> <span class='ocrx_word' id='word_1_82' title='bbox 1162 758 1362 803; x_wconf 89' lang='lat' dir='ltr'><strong>salutem.</strong></span> <span class='ocrx_word' id='word_1_83' title='bbox 1396 759 1438 805; x_wconf 90' lang='lat' dir='ltr'><strong>Si</strong></span> 
     </span>
     <span class='ocr_line' id='line_1_9' title="bbox 50 830 1440 894; baseline -0.003 -15"><span class='ocrx_word' id='word_1_84' title='bbox 50 851 151 894; x_wconf 87' lang='lat' dir='ltr'><strong>ergo</strong></span> <span class='ocrx_word' id='word_1_85' title='bbox 173 835 279 878; x_wconf 88' lang='lat' dir='ltr'><strong>fides</strong></span> <span class='ocrx_word' id='word_1_86' title='bbox 308 834 523 878; x_wconf 89' lang='lat' dir='ltr'><strong>orantium</strong></span> <span class='ocrx_word' id='word_1_87' title='bbox 550 832 627 876; x_wconf 88' lang='lat' dir='ltr'><strong>Dei</strong></span> <span class='ocrx_word' id='word_1_88' title='bbox 648 833 858 891; x_wconf 83' lang='lat' dir='ltr'><strong>praevenit</strong></span> <span class='ocrx_word' id='word_1_89' title='bbox 886 832 1067 890; x_wconf 82' lang='lat' dir='ltr'><strong>gratiam</strong></span> <span class='ocrx_word' id='word_1_90' title='bbox 1089 850 1098 876; x_wconf 80' lang='lat' dir='ltr'><strong>t</strong></span> <span class='ocrx_word' id='word_1_91' title='bbox 1120 830 1338 891; x_wconf 90' lang='lat' dir='ltr'><strong>numquid</strong></span> <span class='ocrx_word' id='word_1_92' title='bbox 1363 846 1440 875; x_wconf 88' lang='lat' dir='ltr'><strong>eo-</strong></span> 
     </span>
     <span class='ocr_line' id='line_1_10' title="bbox 49 901 1441 964; baseline -0.004 -15"><span class='ocrx_word' id='word_1_93' title='bbox 49 921 146 950; x_wconf 88' lang='lat' dir='ltr'><strong>rum</strong></span> <span class='ocrx_word' id='word_1_94' title='bbox 165 904 285 959; x_wconf 86' lang='lat' dir='ltr'><strong>fides,</strong></span> <span class='ocrx_word' id='word_1_95' title='bbox 307 920 384 963; x_wconf 92' lang='lat' dir='ltr'><strong>pro</strong></span> <span class='ocrx_word' id='word_1_96' title='bbox 402 904 562 964; x_wconf 87' lang='lat' dir='ltr'><strong>quibus</strong></span> <span class='ocrx_word' id='word_1_97' title='bbox 578 912 725 947; x_wconf 90' lang='lat' dir='ltr'><strong>oratur</strong></span> <span class='ocrx_word' id='word_1_98' title='bbox 743 912 789 947; x_wconf 88' lang='lat' dir='ltr'><strong>ut</strong></span> <span class='ocrx_word' id='word_1_99' title='bbox 803 902 1000 957; x_wconf 86' lang='lat' dir='ltr'><strong>credant,</strong></span> <span class='ocrx_word' id='word_1_100' title='bbox 1023 902 1098 946; x_wconf 91' lang='lat' dir='ltr'><strong>Dei</strong></span> <span class='ocrx_word' id='word_1_101' title='bbox 1117 901 1327 962; x_wconf 81' lang='lat' dir='ltr'><strong>praevenit</strong></span> <span class='ocrx_word' id='word_1_102' title='bbox 1343 917 1441 960; x_wconf 83' lang='lat' dir='ltr'><strong>gra-</strong></span> 
     </span>
     <span class='ocr_line' id='line_1_11' title="bbox 49 972 1443 1035; baseline -0.003 -15"><span class='ocrx_word' id='word_1_103' title='bbox 49 977 185 1020; x_wconf 77' lang='lat' dir='ltr'><strong>tiam?</strong></span> <span class='ocrx_word' id='word_1_104' title='bbox 207 974 572 1035; x_wconf 85' lang='lat' dir='ltr'><strong>Quandoquidem</strong></span> <span class='ocrx_word' id='word_1_105' title='bbox 594 975 676 1019; x_wconf 93' lang='lat' dir='ltr'><strong>hoc</strong></span> <span class='ocrx_word' id='word_1_106' title='bbox 699 990 778 1034; x_wconf 93' lang='lat' dir='ltr'><strong>pro</strong></span> <span class='ocrx_word' id='word_1_107' title='bbox 804 974 863 1018; x_wconf 86' lang='lat' dir='ltr'><strong>eis</strong></span> <span class='ocrx_word' id='word_1_108' title='bbox 886 983 1050 1028; x_wconf 88' lang='lat' dir='ltr'><strong>oratur,</strong></span> <span class='ocrx_word' id='word_1_109' title='bbox 1076 981 1126 1018; x_wconf 93' lang='lat' dir='ltr'><strong>ut</strong></span> <span class='ocrx_word' id='word_1_110' title='bbox 1148 988 1237 1018; x_wconf 89' lang='lat' dir='ltr'><strong>non</strong></span> <span class='ocrx_word' id='word_1_111' title='bbox 1259 972 1443 1017; x_wconf 87' lang='lat' dir='ltr'><strong>creden-</strong></span> 
     </span>
     <span class='ocr_line' id='line_1_12' title="bbox 49 1043 1437 1103; baseline -0.003 -13"><span class='ocrx_word' id='word_1_112' title='bbox 49 1046 179 1101; x_wconf 84' lang='lat' dir='ltr'><strong>tibus,</strong></span> <span class='ocrx_word' id='word_1_113' title='bbox 205 1046 249 1089; x_wconf 84' lang='lat' dir='ltr'><strong>id</strong></span> <span class='ocrx_word' id='word_1_114' title='bbox 278 1055 357 1101; x_wconf 88' lang='lat' dir='ltr'><strong>est,</strong></span> <span class='ocrx_word' id='word_1_115' title='bbox 377 1045 520 1089; x_wconf 63' lang='lat' dir='ltr'><strong>‘fidem</strong></span> <span class='ocrx_word' id='word_1_116' title='bbox 549 1062 636 1090; x_wconf 88' lang='lat' dir='ltr'><strong>non</strong></span> <span class='ocrx_word' id='word_1_117' title='bbox 658 1045 941 1100; x_wconf 85' lang='lat' dir='ltr'><strong>habentibus,</strong></span> <span class='ocrx_word' id='word_1_118' title='bbox 971 1044 1079 1088; x_wconf 88' lang='lat' dir='ltr'><strong>fides</strong></span> <span class='ocrx_word' id='word_1_119' title='bbox 1105 1044 1196 1103; x_wconf 92' lang='lat' dir='ltr'><strong>ipsa</strong></span> <span class='ocrx_word' id='word_1_120' title='bbox 1233 1043 1437 1088; x_wconf 87' lang='lat' dir='ltr'><strong>donetur.</strong></span> 
     </span>
     <span class='ocr_line' id='line_1_13' title="bbox 49 1115 1440 1177; baseline -0.003 -14"><span class='ocrx_word' id='word_1_121' title='bbox 49 1119 160 1163; x_wconf 87' lang='lat' dir='ltr'><strong>Cum</strong></span> <span class='ocrx_word' id='word_1_122' title='bbox 193 1117 324 1175; x_wconf 83' lang='lat' dir='ltr'><strong>igitur</strong></span> <span class='ocrx_word' id='word_1_123' title='bbox 356 1116 643 1175; x_wconf 81' lang='lat' dir='ltr'><strong>Evangelium</strong></span> <span class='ocrx_word' id='word_1_124' title='bbox 678 1117 967 1177; x_wconf 74' lang='lat' dir='ltr'><strong>praedicatur,</strong></span> <span class='ocrx_word' id='word_1_125' title='bbox 1005 1116 1184 1176; x_wconf 90' lang='lat' dir='ltr'><strong>quidam</strong></span> <span class='ocrx_word' id='word_1_126' title='bbox 1220 1115 1408 1160; x_wconf 87' lang='lat' dir='ltr'><strong>credunt</strong></span> <span class='ocrx_word' id='word_1_127' title='bbox 1426 1151 1440 1171; x_wconf 84' lang='lat'><strong>,</strong></span> 
     </span>
     <span class='ocr_line' id='line_1_14' title="bbox 49 1186 1443 1249; baseline -0.001 -17"><span class='ocrx_word' id='word_1_128' title='bbox 49 1187 228 1249; x_wconf 89' lang='lat' dir='ltr'><strong>quidam</strong></span> <span class='ocrx_word' id='word_1_129' title='bbox 252 1204 341 1232; x_wconf 90' lang='lat' dir='ltr'><strong>non</strong></span> <span class='ocrx_word' id='word_1_130' title='bbox 363 1188 549 1232; x_wconf 89' lang='lat' dir='ltr'><strong>credunt</strong></span> <span class='ocrx_word' id='word_1_131' title='bbox 569 1208 577 1233; x_wconf 72' lang='grc' dir='ltr'><strong>ι</strong></span> <span class='ocrx_word' id='word_1_132' title='bbox 600 1187 674 1233; x_wconf 89' lang='lat' dir='ltr'><strong>sed</strong></span> <span class='ocrx_word' id='word_1_133' title='bbox 695 1189 769 1248; x_wconf 88' lang='lat' dir='ltr'><strong>qui</strong></span> <span class='ocrx_word' id='word_1_134' title='bbox 792 1188 980 1233; x_wconf 85' lang='lat' dir='ltr'><strong>credunt</strong></span> <span class='ocrx_word' id='word_1_135' title='bbox 1000 1188 1285 1248; x_wconf 82' lang='lat' dir='ltr'><strong>praedicatore</strong></span> <span class='ocrx_word' id='word_1_136' title='bbox 1303 1186 1443 1232; x_wconf 87' lang='lat' dir='ltr'><strong>forin-</strong></span> 
     </span>
     <span class='ocr_line' id='line_1_15' title="bbox 51 1259 1445 1319; baseline -0.001 -16"><span class='ocrx_word' id='word_1_137' title='bbox 51 1274 175 1304; x_wconf 85' lang='lat' dir='ltr'><strong>secus</strong></span> <span class='ocrx_word' id='word_1_138' title='bbox 196 1259 422 1303; x_wconf 83' lang='lat' dir='ltr'><strong>insonante</strong></span> <span class='ocrx_word' id='word_1_139' title='bbox 440 1294 450 1313; x_wconf 94' lang='lat'><strong>,</strong></span> <span class='ocrx_word' id='word_1_140' title='bbox 472 1260 588 1304; x_wconf 87' lang='lat' dir='ltr'><strong>intus</strong></span> <span class='ocrx_word' id='word_1_141' title='bbox 608 1276 629 1304; x_wconf 88' lang='lat' dir='ltr'><strong>a</strong></span> <span class='ocrx_word' id='word_1_142' title='bbox 650 1263 774 1303; x_wconf 89' lang='lat' dir='ltr'><strong>Patre</strong></span> <span class='ocrx_word' id='word_1_143' title='bbox 793 1259 978 1304; x_wconf 88' lang='lat' dir='ltr'><strong>audiunt</strong></span> <span class='ocrx_word' id='word_1_144' title='bbox 996 1269 1127 1319; x_wconf 90' lang='lat' dir='ltr'><strong>atque</strong></span> <span class='ocrx_word' id='word_1_145' title='bbox 1147 1259 1321 1304; x_wconf 86' lang='lat' dir='ltr'><strong>discunt</strong></span> <span class='ocrx_word' id='word_1_146' title='bbox 1338 1280 1349 1316; x_wconf 79' lang='lat'>3</span> <span class='ocrx_word' id='word_1_147' title='bbox 1369 1260 1445 1319; x_wconf 84' lang='lat' dir='ltr'><strong>qui</strong></span> 
     </span>
     <span class='ocr_line' id='line_1_16' title="bbox 51 1328 1445 1384; baseline -0.001 -11"><span class='ocrx_word' id='word_1_148' title='bbox 51 1339 195 1373; x_wconf 83' lang='lat' dir='ltr'><strong>autem</strong></span> <span class='ocrx_word' id='word_1_149' title='bbox 216 1344 305 1372; x_wconf 91' lang='lat' dir='ltr'><strong>non</strong></span> <span class='ocrx_word' id='word_1_150' title='bbox 327 1328 528 1384; x_wconf 89' lang='lat' dir='ltr'><strong>credunt,</strong></span> <span class='ocrx_word' id='word_1_151' title='bbox 556 1329 658 1373; x_wconf 83' lang='lat' dir='ltr'><strong>foris</strong></span> <span class='ocrx_word' id='word_1_152' title='bbox 681 1330 882 1384; x_wconf 86' lang='lat' dir='ltr'><strong>audiunt,</strong></span> <span class='ocrx_word' id='word_1_153' title='bbox 907 1330 1024 1374; x_wconf 86' lang='lat' dir='ltr'><strong>intus</strong></span> <span class='ocrx_word' id='word_1_154' title='bbox 1047 1345 1137 1374; x_wconf 90' lang='lat' dir='ltr'><strong>non</strong></span> <span class='ocrx_word' id='word_1_155' title='bbox 1159 1329 1346 1373; x_wconf 84' lang='lat' dir='ltr'><strong>audiunt</strong></span> <span class='ocrx_word' id='word_1_156' title='bbox 1365 1343 1445 1372; x_wconf 90' lang='lat' dir='ltr'><strong>ne-</strong></span> 
     </span>
     <span class='ocr_line' id='line_1_17' title="bbox 50 1399 1441 1460; baseline 0 -16"><span class='ocrx_word' id='word_1_157' title='bbox 50 1415 136 1460; x_wconf 88' lang='lat' dir='ltr'><strong>que</strong></span> <span class='ocrx_word' id='word_1_158' title='bbox 152 1399 347 1444; x_wconf 79' lang='lat' dir='ltr'><strong>discunt:</strong></span> <span class='ocrx_word' id='word_1_159' title='bbox 360 1401 444 1444; x_wconf 91' lang='lat' dir='ltr'><strong>hoc</strong></span> <span class='ocrx_word' id='word_1_160' title='bbox 463 1409 539 1455; x_wconf 90' lang='lat' dir='ltr'><strong>est,</strong></span> <span class='ocrx_word' id='word_1_161' title='bbox 560 1400 644 1444; x_wconf 89' lang='lat' dir='ltr'><strong>illis</strong></span> <span class='ocrx_word' id='word_1_162' title='bbox 661 1401 791 1444; x_wconf 84' lang='lat' dir='ltr'><strong>datur</strong></span> <span class='ocrx_word' id='word_1_163' title='bbox 807 1410 857 1444; x_wconf 89' lang='lat' dir='ltr'><strong>ut</strong></span> <span class='ocrx_word' id='word_1_164' title='bbox 875 1401 1070 1455; x_wconf 86' lang='lat' dir='ltr'><strong>credant,</strong></span> <span class='ocrx_word' id='word_1_165' title='bbox 1089 1400 1172 1444; x_wconf 88' lang='lat' dir='ltr'><strong>illis</strong></span> <span class='ocrx_word' id='word_1_166' title='bbox 1190 1416 1279 1444; x_wconf 90' lang='lat' dir='ltr'><strong>non</strong></span> <span class='ocrx_word' id='word_1_167' title='bbox 1297 1400 1441 1444; x_wconf 87' lang='lat' dir='ltr'><strong>datur.</strong></span> 
     </span>
     <span class='ocr_line' id='line_1_18' title="bbox 52 1470 1444 1530; baseline 0.001 -18"><span class='ocrx_word' id='word_1_168' title='bbox 52 1488 73 1512; x_wconf 90' lang='lat'>»</span> <span class='ocrx_word' id='word_1_169' title='bbox 96 1470 204 1523; x_wconf 85' lang='lat' dir='ltr'><strong>Quia</strong></span> <span class='ocrx_word' id='word_1_170' title='bbox 219 1485 363 1524; x_wconf 89' lang='lat' dir='ltr'><strong>nemo,</strong></span> <span class='ocrx_word' id='word_1_171' title='bbox 382 1471 526 1530; x_wconf 87' lang='lat' dir='ltr'><strong>inquit</strong></span> <span class='ocrx_word' id='word_1_172' title='bbox 542 1505 552 1525; x_wconf 88' lang='lat'><strong>,</strong></span> <span class='ocrx_word' id='word_1_173' title='bbox 574 1470 693 1514; x_wconf 90' lang='lat' dir='ltr'><strong>venit</strong></span> <span class='ocrx_word' id='word_1_174' title='bbox 709 1470 763 1514; x_wconf 87' lang='lat' dir='ltr'><strong>ad</strong></span> <span class='ocrx_word' id='word_1_175' title='bbox 782 1486 867 1525; x_wconf 91' lang='lat' dir='ltr'><strong>me,</strong></span> <span class='ocrx_word' id='word_1_176' title='bbox 886 1471 966 1514; x_wconf 90' lang='lat' dir='ltr'><strong>nisi</strong></span> <span class='ocrx_word' id='word_1_177' title='bbox 987 1474 1113 1514; x_wconf 89' lang='lat' dir='ltr'><strong>Pater</strong></span> <span class='ocrx_word' id='word_1_178' title='bbox 1130 1471 1207 1530; x_wconf 91' lang='lat' dir='ltr'><strong>qui</strong></span> <span class='ocrx_word' id='word_1_179' title='bbox 1224 1470 1339 1514; x_wconf 86' lang='lat' dir='ltr'><strong>misit</strong></span> <span class='ocrx_word' id='word_1_180' title='bbox 1357 1485 1444 1525; x_wconf 88' lang='lat' dir='ltr'><strong>me,</strong></span> 
     </span>
     <span class='ocr_line' id='line_1_19' title="bbox 55 1539 1449 1599; baseline 0.003 -18"><span class='ocrx_word' id='word_1_181' title='bbox 55 1558 76 1581; x_wconf 86' lang='lat'>»</span> <span class='ocrx_word' id='word_1_182' title='bbox 101 1539 276 1584; x_wconf 84' lang='lat' dir='ltr'><strong>traxerit</strong></span> <span class='ocrx_word' id='word_1_183' title='bbox 296 1555 394 1584; x_wconf 91' lang='lat' dir='ltr'><strong>eum</strong></span> <span class='ocrx_word' id='word_1_184' title='bbox 414 1542 445 1583; x_wconf 80' lang='lat'><strong>3.</strong></span> <span class='ocrx_word' id='word_1_185' title='bbox 469 1558 488 1582; x_wconf 91' lang='lat'>»</span> <span class='ocrx_word' id='word_1_186' title='bbox 508 1539 637 1593; x_wconf 87' lang='lat' dir='ltr'><strong>Quod</strong></span> <span class='ocrx_word' id='word_1_187' title='bbox 657 1541 846 1599; x_wconf 86' lang='lat' dir='ltr'><strong>apertius</strong></span> <span class='ocrx_word' id='word_1_188' title='bbox 863 1549 1010 1599; x_wconf 90' lang='lat' dir='ltr'><strong>postea</strong></span> <span class='ocrx_word' id='word_1_189' title='bbox 1031 1540 1206 1585; x_wconf 89' lang='lat' dir='ltr'><strong>dicitur.</strong></span> <span class='ocrx_word' id='word_1_190' title='bbox 1224 1543 1333 1586; x_wconf 86' lang='lat' dir='ltr'><strong>Nam</strong></span> <span class='ocrx_word' id='word_1_191' title='bbox 1352 1550 1449 1599; x_wconf 91' lang='lat' dir='ltr'><strong>post</strong></span> 
     </span>
     <span class='ocr_line' id='line_1_20' title="bbox 52 1610 1450 1670; baseline 0.001 -17"><span class='ocrx_word' id='word_1_192' title='bbox 52 1610 324 1670; x_wconf 89' lang='lat' dir='ltr'><strong>aliquantum</strong></span> <span class='ocrx_word' id='word_1_193' title='bbox 340 1626 441 1654; x_wconf 90' lang='lat' dir='ltr'><strong>cum</strong></span> <span class='ocrx_word' id='word_1_194' title='bbox 458 1612 512 1655; x_wconf 87' lang='lat' dir='ltr'><strong>de</strong></span> <span class='ocrx_word' id='word_1_195' title='bbox 527 1626 655 1655; x_wconf 87' lang='lat' dir='ltr'><strong>carne</strong></span> <span class='ocrx_word' id='word_1_196' title='bbox 669 1625 746 1655; x_wconf 87' lang='lat' dir='ltr'><strong>sua</strong></span> <span class='ocrx_word' id='word_1_197' title='bbox 762 1610 1067 1656; x_wconf 86' lang='lat' dir='ltr'><strong>manducanda</strong></span> <span class='ocrx_word' id='word_1_198' title='bbox 1084 1620 1127 1655; x_wconf 89' lang='lat' dir='ltr'><strong>et</strong></span> <span class='ocrx_word' id='word_1_199' title='bbox 1141 1610 1336 1655; x_wconf 88' lang='lat' dir='ltr'><strong>bibendo</strong></span> <span class='ocrx_word' id='word_1_200' title='bbox 1354 1626 1450 1655; x_wconf 56' lang='lat' dir='ltr'><strong>sana</strong></span> 
     </span>
     <span class='ocr_line' id='line_1_21' title="bbox 53 1680 1448 1741; baseline 0.001 -17"><span class='ocrx_word' id='word_1_201' title='bbox 53 1682 182 1740; x_wconf 84' lang='lat' dir='ltr'><strong>guine</strong></span> <span class='ocrx_word' id='word_1_202' title='bbox 203 1696 282 1725; x_wconf 91' lang='lat' dir='ltr'><strong>suo</strong></span> <span class='ocrx_word' id='word_1_203' title='bbox 297 1680 566 1740; x_wconf 85' lang='lat' dir='ltr'><strong>loqueretur,</strong></span> <span class='ocrx_word' id='word_1_204' title='bbox 592 1691 634 1726; x_wconf 89' lang='lat' dir='ltr'><strong>et</strong></span> <span class='ocrx_word' id='word_1_205' title='bbox 652 1681 846 1726; x_wconf 87' lang='lat' dir='ltr'><strong>dicerent</strong></span> <span class='ocrx_word' id='word_1_206' title='bbox 860 1682 1041 1740; x_wconf 86' lang='lat' dir='ltr'><strong>quidam</strong></span> <span class='ocrx_word' id='word_1_207' title='bbox 1055 1683 1184 1726; x_wconf 83' lang='lat' dir='ltr'><strong>etiam</strong></span> <span class='ocrx_word' id='word_1_208' title='bbox 1202 1682 1448 1741; x_wconf 87' lang='lat' dir='ltr'><strong>Discipulo-</strong></span> 
     </span>
     <span class='ocr_line' id='line_1_22' title="bbox 52 1753 1450 1812; baseline -0.001 -17"><span class='ocrx_word' id='word_1_209' title='bbox 52 1767 147 1795; x_wconf 88' lang='lat' dir='ltr'><strong>rum</strong></span> <span class='ocrx_word' id='word_1_210' title='bbox 167 1753 256 1812; x_wconf 83' lang='lat' dir='ltr'><strong>ejus</strong></span> <span class='ocrx_word' id='word_1_211' title='bbox 283 1772 291 1797; x_wconf 72' lang='grc' dir='ltr'>ε</span> <span class='ocrx_word' id='word_1_212' title='bbox 322 1771 342 1794; x_wconf 89' lang='lat'>«</span> <span class='ocrx_word' id='word_1_213' title='bbox 369 1756 514 1796; x_wconf 89' lang='lat' dir='ltr'><strong>Durus</strong></span> <span class='ocrx_word' id='word_1_214' title='bbox 534 1763 596 1796; x_wconf 88' lang='lat' dir='ltr'><strong>est</strong></span> <span class='ocrx_word' id='word_1_215' title='bbox 610 1753 683 1796; x_wconf 90' lang='lat' dir='ltr'><strong>hic</strong></span> <span class='ocrx_word' id='word_1_216' title='bbox 700 1768 857 1807; x_wconf 86' lang='lat' dir='ltr'><strong>sermo,</strong></span> <span class='ocrx_word' id='word_1_217' title='bbox 874 1753 971 1812; x_wconf 87' lang='lat' dir='ltr'><strong>quis</strong></span> <span class='ocrx_word' id='word_1_218' title='bbox 988 1762 1131 1812; x_wconf 91' lang='lat' dir='ltr'><strong>potest</strong></span> <span class='ocrx_word' id='word_1_219' title='bbox 1145 1768 1246 1797; x_wconf 90' lang='lat' dir='ltr'><strong>eum</strong></span> <span class='ocrx_word' id='word_1_220' title='bbox 1264 1753 1415 1797; x_wconf 89' lang='lat' dir='ltr'><strong>audire</strong></span> <span class='ocrx_word' id='word_1_221' title='bbox 1432 1754 1450 1794; x_wconf 70' lang='lat'><strong>‘3</strong></span> 
     </span>
     <span class='ocr_line' id='line_1_23' title="bbox 56 1822 1450 1882; baseline 0.002 -19"><span class='ocrx_word' id='word_1_222' title='bbox 56 1840 77 1863; x_wconf 89' lang='lat'>»</span> <span class='ocrx_word' id='word_1_223' title='bbox 105 1822 251 1867; x_wconf 87' lang='lat' dir='ltr'><strong>Sciens</strong></span> <span class='ocrx_word' id='word_1_224' title='bbox 281 1824 403 1866; x_wconf 89' lang='lat' dir='ltr'><strong>Jesus</strong></span> <span class='ocrx_word' id='word_1_225' title='bbox 434 1823 551 1882; x_wconf 86' lang='lat' dir='ltr'><strong>apud</strong></span> <span class='ocrx_word' id='word_1_226' title='bbox 577 1824 873 1881; x_wconf 82' lang='lat' dir='ltr'><strong>semetipsum,</strong></span> <span class='ocrx_word' id='word_1_227' title='bbox 904 1823 1006 1882; x_wconf 88' lang='lat' dir='ltr'><strong>quia</strong></span> <span class='ocrx_word' id='word_1_228' title='bbox 1041 1832 1366 1866; x_wconf 90' lang='lat' dir='ltr'><strong>murmurarent</strong></span> <span class='ocrx_word' id='word_1_229' title='bbox 1396 1823 1450 1866; x_wconf 76' lang='lat' dir='ltr'><strong>de</strong></span> 
     </span>
     <span class='ocr_line' id='line_1_24' title="bbox 57 1890 1450 1953; baseline 0.002 -20"><span class='ocrx_word' id='word_1_230' title='bbox 57 1910 77 1933; x_wconf 90' lang='lat'>»</span> <span class='ocrx_word' id='word_1_231' title='bbox 105 1893 188 1936; x_wconf 89' lang='lat' dir='ltr'><strong>hoc</strong></span> <span class='ocrx_word' id='word_1_232' title='bbox 214 1893 422 1952; x_wconf 86' lang='lat' dir='ltr'><strong>Discipuli</strong></span> <span class='ocrx_word' id='word_1_233' title='bbox 445 1895 550 1953; x_wconf 81' lang='lat' dir='ltr'><strong>ejus,</strong></span> <span class='ocrx_word' id='word_1_234' title='bbox 576 1893 684 1937; x_wconf 83' lang='lat' dir='ltr'><strong>dixit</strong></span> <span class='ocrx_word' id='word_1_235' title='bbox 707 1893 787 1948; x_wconf 85' lang='lat' dir='ltr'><strong>eis,</strong></span> <span class='ocrx_word' id='word_1_236' title='bbox 816 1896 908 1936; x_wconf 90' lang='lat' dir='ltr'><strong>Hoc</strong></span> <span class='ocrx_word' id='word_1_237' title='bbox 933 1890 1006 1937; x_wconf 78' lang='lat' dir='ltr'><strong>vo&#39;s</strong></span> <span class='ocrx_word' id='word_1_238' title='bbox 1028 1892 1323 1937; x_wconf 80' lang='lat' dir='ltr'><strong>scandalizat?</strong></span> <span class='ocrx_word' id='word_1_239' title='bbox 1346 1912 1365 1934; x_wconf 87' lang='lat'>»</span> <span class='ocrx_word' id='word_1_240' title='bbox 1395 1895 1450 1936; x_wconf 86' lang='lat' dir='ltr'><strong>Et</strong></span> 
     </span>
     <span class='ocr_line' id='line_1_25' title="bbox 54 1961 1446 2022; baseline 0 -16"><span class='ocrx_word' id='word_1_241' title='bbox 54 1961 186 2022; x_wconf 85' lang='lat' dir='ltr'><strong>paulo</strong></span> <span class='ocrx_word' id='word_1_242' title='bbox 209 1972 333 2021; x_wconf 87' lang='lat' dir='ltr'><strong>post:</strong></span> <span class='ocrx_word' id='word_1_243' title='bbox 357 1982 376 2005; x_wconf 92' lang='lat'>«</span> <span class='ocrx_word' id='word_1_244' title='bbox 399 1964 558 2017; x_wconf 84' lang='lat' dir='ltr'><strong>Verba,</strong></span> <span class='ocrx_word' id='word_1_245' title='bbox 585 1964 743 2022; x_wconf 85' lang='lat' dir='ltr'><strong>inquit,</strong></span> <span class='ocrx_word' id='word_1_246' title='bbox 769 1979 869 2022; x_wconf 85' lang='lat' dir='ltr'><strong>quae</strong></span> <span class='ocrx_word' id='word_1_247' title='bbox 891 1979 972 2021; x_wconf 79' lang='lat' dir='ltr'><strong>ego</strong></span> <span class='ocrx_word' id='word_1_248' title='bbox 994 1964 1168 2007; x_wconf 88' lang='lat' dir='ltr'><strong>locutus</strong></span> <span class='ocrx_word' id='word_1_249' title='bbox 1192 1979 1287 2007; x_wconf 89' lang='lat' dir='ltr'><strong>sum</strong></span> <span class='ocrx_word' id='word_1_250' title='bbox 1306 1964 1446 2018; x_wconf 84' lang='lat' dir='ltr'><strong>vobis,</strong></span> 
     </span>
     <span class='ocr_line' id='line_1_26' title="bbox 58 2033 1450 2094; baseline 0.002 -20"><span class='ocrx_word' id='word_1_251' title='bbox 58 2033 278 2091; x_wconf 85' lang='lat' dir='ltr'><strong>»spiritus</strong></span> <span class='ocrx_word' id='word_1_252' title='bbox 314 2042 356 2076; x_wconf 84' lang='lat' dir='ltr'><strong>et</strong></span> <span class='ocrx_word' id='word_1_253' title='bbox 386 2033 473 2077; x_wconf 80' lang='lat' dir='ltr'><strong>vita</strong></span> <span class='ocrx_word' id='word_1_254' title='bbox 508 2042 610 2077; x_wconf 88' lang='lat' dir='ltr'><strong>sunt</strong></span> <span class='ocrx_word' id='word_1_255' title='bbox 635 2053 644 2078; x_wconf 74' lang='grc' dir='ltr'>ε</span> <span class='ocrx_word' id='word_1_256' title='bbox 665 2033 741 2077; x_wconf 87' lang='lat' dir='ltr'><strong>sed</strong></span> <span class='ocrx_word' id='word_1_257' title='bbox 778 2043 880 2077; x_wconf 87' lang='lat' dir='ltr'><strong>sunt</strong></span> <span class='ocrx_word' id='word_1_258' title='bbox 913 2033 1091 2092; x_wconf 83' lang='lat' dir='ltr'><strong>quidam</strong></span> <span class='ocrx_word' id='word_1_259' title='bbox 1125 2050 1175 2078; x_wconf 89' lang='lat' dir='ltr'><strong>ex</strong></span> <span class='ocrx_word' id='word_1_260' title='bbox 1208 2035 1331 2078; x_wconf 89' lang='lat' dir='ltr'><strong>vobis</strong></span> <span class='ocrx_word' id='word_1_261' title='bbox 1374 2034 1450 2094; x_wconf 89' lang='lat' dir='ltr'><strong>qui</strong></span> 
     </span>
     <span class='ocr_line' id='line_1_27' title="bbox 59 2101 1446 2162; baseline 0.003 -20"><span class='ocrx_word' id='word_1_262' title='bbox 59 2119 79 2143; x_wconf 89' lang='lat'>»</span> <span class='ocrx_word' id='word_1_263' title='bbox 103 2117 192 2146; x_wconf 90' lang='lat' dir='ltr'><strong>non</strong></span> <span class='ocrx_word' id='word_1_264' title='bbox 215 2101 401 2146; x_wconf 89' lang='lat' dir='ltr'><strong>credunt</strong></span> <span class='ocrx_word' id='word_1_265' title='bbox 419 2104 450 2146; x_wconf 77' lang='lat'><strong>⁴.</strong></span> <span class='ocrx_word' id='word_1_266' title='bbox 486 2121 505 2144; x_wconf 88' lang='lat'>»</span> <span class='ocrx_word' id='word_1_267' title='bbox 539 2106 596 2146; x_wconf 90' lang='lat' dir='ltr'><strong>Et</strong></span> <span class='ocrx_word' id='word_1_268' title='bbox 618 2118 718 2148; x_wconf 87' lang='lat' dir='ltr'><strong>mox</strong></span> <span class='ocrx_word' id='word_1_269' title='bbox 743 2103 1019 2162; x_wconf 77' lang='lat' dir='ltr'><strong>Evangelista</strong></span> <span class='ocrx_word' id='word_1_270' title='bbox 1046 2123 1053 2148; x_wconf 92' lang='lat'>:</span> <span class='ocrx_word' id='word_1_271' title='bbox 1081 2103 1291 2148; x_wconf 85' lang='lat' dir='ltr'><strong>«Sciebat</strong></span> <span class='ocrx_word' id='word_1_272' title='bbox 1314 2105 1446 2155; x_wconf 79' lang='lat' dir='ltr'><strong>enim,</strong></span> 
     </span>
     <span class='ocr_line' id='line_1_28' title="bbox 60 2172 1448 2234; baseline 0.004 -21"><span class='ocrx_word' id='word_1_273' title='bbox 60 2189 80 2212; x_wconf 90' lang='lat'>»</span> <span class='ocrx_word' id='word_1_274' title='bbox 107 2172 265 2232; x_wconf 82' lang='lat' dir='ltr'><strong>inquit,</strong></span> <span class='ocrx_word' id='word_1_275' title='bbox 294 2174 348 2217; x_wconf 80' lang='lat' dir='ltr'><strong>ab</strong></span> <span class='ocrx_word' id='word_1_276' title='bbox 366 2174 489 2218; x_wconf 83' lang='lat' dir='ltr'><strong>initio</strong></span> <span class='ocrx_word' id='word_1_277' title='bbox 516 2176 639 2217; x_wconf 85' lang='lat' dir='ltr'><strong>Jesus</strong></span> <span class='ocrx_word' id='word_1_278' title='bbox 664 2174 899 2232; x_wconf 85' lang='lat' dir='ltr'><strong>quiessent</strong></span> <span class='ocrx_word' id='word_1_279' title='bbox 920 2173 1162 2226; x_wconf 86' lang='lat' dir='ltr'><strong>credentes,</strong></span> <span class='ocrx_word' id='word_1_280' title='bbox 1180 2184 1223 2219; x_wconf 87' lang='lat' dir='ltr'><strong>et</strong></span> <span class='ocrx_word' id='word_1_281' title='bbox 1237 2175 1333 2234; x_wconf 86' lang='lat' dir='ltr'><strong>quis</strong></span> <span class='ocrx_word' id='word_1_282' title='bbox 1362 2183 1448 2218; x_wconf 84' lang='lat' dir='ltr'><strong>tra-</strong></span> 
     </span>
     <span class='ocr_line' id='line_1_29' title="bbox 63 2242 1446 2304; baseline 0.004 -22"><span class='ocrx_word' id='word_1_283' title='bbox 63 2260 83 2283; x_wconf 89' lang='lat'>»</span> <span class='ocrx_word' id='word_1_284' title='bbox 108 2242 278 2287; x_wconf 83' lang='lat' dir='ltr'><strong>diturus</strong></span> <span class='ocrx_word' id='word_1_285' title='bbox 313 2253 423 2287; x_wconf 89' lang='lat' dir='ltr'><strong>esset</strong></span> <span class='ocrx_word' id='word_1_286' title='bbox 457 2259 574 2298; x_wconf 87' lang='lat' dir='ltr'><strong>eum,</strong></span> <span class='ocrx_word' id='word_1_287' title='bbox 611 2253 654 2287; x_wconf 87' lang='lat' dir='ltr'><strong>et</strong></span> <span class='ocrx_word' id='word_1_288' title='bbox 688 2244 893 2288; x_wconf 86' lang='lat' dir='ltr'><strong>dicebat:</strong></span> <span class='ocrx_word' id='word_1_289' title='bbox 920 2248 1154 2304; x_wconf 85' lang='lat' dir='ltr'><strong>Propterea</strong></span> <span class='ocrx_word' id='word_1_290' title='bbox 1179 2245 1269 2289; x_wconf 87' lang='lat' dir='ltr'><strong>dixi</strong></span> <span class='ocrx_word' id='word_1_291' title='bbox 1299 2245 1446 2299; x_wconf 89' lang='lat' dir='ltr'><strong>vobis,</strong></span> 
     </span>
     <span class='ocr_line' id='line_1_30' title="bbox 63 2313 1449 2373; baseline 0.004 -19"><span class='ocrx_word' id='word_1_292' title='bbox 63 2330 82 2353; x_wconf 90' lang='lat'>»</span> <span class='ocrx_word' id='word_1_293' title='bbox 110 2313 211 2371; x_wconf 86' lang='lat' dir='ltr'><strong>quia</strong></span> <span class='ocrx_word' id='word_1_294' title='bbox 233 2328 362 2357; x_wconf 88' lang='lat' dir='ltr'><strong>nemo</strong></span> <span class='ocrx_word' id='word_1_295' title='bbox 383 2323 525 2373; x_wconf 86' lang='lat' dir='ltr'><strong>potest</strong></span> <span class='ocrx_word' id='word_1_296' title='bbox 552 2315 699 2358; x_wconf 90' lang='lat' dir='ltr'><strong>venire</strong></span> <span class='ocrx_word' id='word_1_297' title='bbox 731 2315 785 2359; x_wconf 86' lang='lat' dir='ltr'><strong>ad</strong></span> <span class='ocrx_word' id='word_1_298' title='bbox 808 2330 892 2371; x_wconf 83' lang='lat' dir='ltr'><strong>me,</strong></span> <span class='ocrx_word' id='word_1_299' title='bbox 917 2317 997 2359; x_wconf 90' lang='lat' dir='ltr'><strong>nisi</strong></span> <span class='ocrx_word' id='word_1_300' title='bbox 1027 2315 1158 2360; x_wconf 87' lang='lat' dir='ltr'><strong>fuerit</strong></span> <span class='ocrx_word' id='word_1_301' title='bbox 1185 2316 1223 2359; x_wconf 89' lang='lat' dir='ltr'><strong>ei</strong></span> <span class='ocrx_word' id='word_1_302' title='bbox 1244 2315 1397 2359; x_wconf 90' lang='lat' dir='ltr'><strong>datum</strong></span> <span class='ocrx_word' id='word_1_303' title='bbox 1426 2331 1449 2359; x_wconf 90' lang='lat' dir='ltr'><strong>a</strong></span> 
     </span>
     <span class='ocr_line' id='line_1_31' title="bbox 64 2386 1449 2443; baseline 0.002 -17"><span class='ocrx_word' id='word_1_304' title='bbox 64 2400 84 2423; x_wconf 91' lang='lat'>»</span> <span class='ocrx_word' id='word_1_305' title='bbox 111 2386 236 2427; x_wconf 88' lang='lat' dir='ltr'><strong>Patre</strong></span> <span class='ocrx_word' id='word_1_306' title='bbox 258 2387 552 2443; x_wconf 82' lang='lat' dir='ltr'><strong>meo.⁵»Ergo</strong></span> <span class='ocrx_word' id='word_1_307' title='bbox 574 2386 686 2430; x_wconf 87' lang='lat' dir='ltr'><strong>trahi</strong></span> <span class='ocrx_word' id='word_1_308' title='bbox 709 2402 731 2430; x_wconf 88' lang='lat' dir='ltr'><strong>a</strong></span> <span class='ocrx_word' id='word_1_309' title='bbox 752 2389 879 2430; x_wconf 88' lang='lat' dir='ltr'><strong>Patre</strong></span> <span class='ocrx_word' id='word_1_310' title='bbox 902 2387 956 2430; x_wconf 87' lang='lat' dir='ltr'><strong>ad</strong></span> <span class='ocrx_word' id='word_1_311' title='bbox 978 2387 1217 2440; x_wconf 83' lang='lat' dir='ltr'><strong>Christum,</strong></span> <span class='ocrx_word' id='word_1_312' title='bbox 1238 2395 1280 2430; x_wconf 88' lang='lat' dir='ltr'><strong>et</strong></span> <span class='ocrx_word' id='word_1_313' title='bbox 1298 2386 1449 2430; x_wconf 87' lang='lat' dir='ltr'><strong>audire</strong></span> 
     </span>
     <span class='ocr_line' id='line_1_32' title="bbox 62 2454 1445 2513; baseline 0.003 -16"><span class='ocrx_word' id='word_1_314' title='bbox 62 2468 110 2498; x_wconf 86' lang='lat' dir='ltr'><strong>ac</strong></span> <span class='ocrx_word' id='word_1_315' title='bbox 138 2454 280 2499; x_wconf 88' lang='lat' dir='ltr'><strong>dicere</strong></span> <span class='ocrx_word' id='word_1_316' title='bbox 301 2471 324 2499; x_wconf 89' lang='lat' dir='ltr'><strong>a</strong></span> <span class='ocrx_word' id='word_1_317' title='bbox 348 2459 475 2500; x_wconf 88' lang='lat' dir='ltr'><strong>Patre</strong></span> <span class='ocrx_word' id='word_1_318' title='bbox 503 2466 552 2501; x_wconf 89' lang='lat' dir='ltr'><strong>ut</strong></span> <span class='ocrx_word' id='word_1_319' title='bbox 577 2458 725 2502; x_wconf 83' lang='lat' dir='ltr'><strong>veniat</strong></span> <span class='ocrx_word' id='word_1_320' title='bbox 746 2457 800 2502; x_wconf 90' lang='lat' dir='ltr'><strong>ad</strong></span> <span class='ocrx_word' id='word_1_321' title='bbox 822 2458 1060 2513; x_wconf 87' lang='lat' dir='ltr'><strong>Christum,</strong></span> <span class='ocrx_word' id='word_1_322' title='bbox 1086 2457 1196 2501; x_wconf 84' lang='lat' dir='ltr'><strong>nihil</strong></span> <span class='ocrx_word' id='word_1_323' title='bbox 1219 2457 1338 2502; x_wconf 90' lang='lat' dir='ltr'><strong>aliud</strong></span> <span class='ocrx_word' id='word_1_324' title='bbox 1360 2465 1445 2511; x_wconf 90' lang='lat' dir='ltr'><strong>est,</strong></span> 
     </span>
    </p>
   </div>
   <div class='ocr_carea' id='block_1_3' title="bbox 72 2555 1470 2651">
    <p class='ocr_par' dir='ltr' id='par_1_3' title="bbox 72 2555 1470 2651">
     <span class='ocr_line' id='line_1_33' title="bbox 113 2555 1470 2600; baseline 0.002 -14"><span class='ocrx_word' id='word_1_325' title='bbox 113 2561 122 2576; x_wconf 89' lang='lat'><em>¹</em></span> <span class='ocrx_word' id='word_1_326' title='bbox 151 2555 264 2598; x_wconf 85' lang='lat' dir='ltr'><strong>Philip.</strong></span> <span class='ocrx_word' id='word_1_327' title='bbox 289 2569 326 2597; x_wconf 68' lang='lat' dir='ltr'><strong>n,</strong></span> <span class='ocrx_word' id='word_1_328' title='bbox 356 2557 404 2588; x_wconf 82' lang='lat'><strong>13.</strong></span> <span class='ocrx_word' id='word_1_329' title='bbox 433 2576 457 2580; x_wconf 42' lang='lat' dir='ltr'>w</span> <span class='ocrx_word' id='word_1_330' title='bbox 487 2564 498 2575; x_wconf 63' lang='lat'>³</span> <span class='ocrx_word' id='word_1_331' title='bbox 530 2560 631 2589; x_wconf 79' lang='lat' dir='ltr'><strong>Rom.</strong></span> <span class='ocrx_word' id='word_1_332' title='bbox 663 2569 695 2598; x_wconf 75' lang='lat' dir='ltr'><strong>x,</strong></span> <span class='ocrx_word' id='word_1_333' title='bbox 731 2568 761 2590; x_wconf 77' lang='lat'><strong>¹).</strong></span> <span class='ocrx_word' id='word_1_334' title='bbox 780 2576 815 2581; x_wconf 90' lang='lat'><strong>——</strong></span> <span class='ocrx_word' id='word_1_335' title='bbox 839 2557 850 2581; x_wconf 82' lang='lat'><em>3</em></span> <span class='ocrx_word' id='word_1_336' title='bbox 872 2561 961 2593; x_wconf 81' lang='lat' dir='ltr'><strong>Joan.</strong></span> <span class='ocrx_word' id='word_1_337' title='bbox 993 2570 1027 2591; x_wconf 78' lang='lat' dir='ltr'><strong>vr</strong></span> <span class='ocrx_word' id='word_1_338' title='bbox 1044 2581 1051 2595; x_wconf 91' lang='lat'>‚</span> <span class='ocrx_word' id='word_1_339' title='bbox 1075 2557 1310 2600; x_wconf 65' lang='lat' dir='ltr'><strong>44.--f01bid.</strong></span> <span class='ocrx_word' id='word_1_340' title='bbox 1331 2557 1444 2589; x_wconf 78' lang='lat'>61.-</span> <span class='ocrx_word' id='word_1_341' title='bbox 1463 2594 1470 2600; x_wconf 41' lang='lat'>·</span> 
     </span>
     <span class='ocr_line' id='line_1_34' title="bbox 72 2606 253 2651; baseline 0.011 -11"><span class='ocrx_word' id='word_1_342' title='bbox 72 2606 178 2642; x_wconf 86' lang='lat' dir='ltr'><strong>⁵1bid.</strong></span> <span class='ocrx_word' id='word_1_343' title='bbox 199 2610 253 2651; x_wconf 71' lang='lat'><strong>64.</strong></span> 
     </span>
    </p>
   </div>
  </div>
 </body>
</html>
