1884 3285
414 253 499 295 234
838 261 871 286 s.
909 257 1138 287 Aucus‘nm
1170 257 1352 284 Emscorl

414 325 598 379 occulti,
625 337 756 383 quam
778 322 824 366 in
843 321 967 366 libris
985 320 1293 365 Confessionis1
1307 354 1318 374 ,
1336 328 1386 363 ut
1401 319 1494 377 ipso
1515 317 1651 363 verbo
1670 328 1790 375 utar,

414 393 718 441 meribibulam
746 400 943 436 vocatam
975 405 1065 434 esse
1095 390 1285 448 signasti.
1311 391 1530 434 Caeterum
1557 389 1603 432 in
1622 397 1796 434 sancto-2

413 480 510 509 rum
532 462 772 514 connubio,
797 460 902 504 etin
916 460 1113 504 omnium
1131 461 1431 513 honestorum,
1451 456 1598 502 nullus
1617 459 1798 506 omnino

413 534 591 578 morbus
623 542 699 576 est.
740 531 852 584 Quia
886 546 965 574 nec
995 529 1227 589 Apostolus
1263 529 1466 572 morbum
1493 543 1573 587 pro
1605 527 1799 572 remedio

418 603 643 656 concessit,
667 617 767 645 cum
795 616 871 659 per
898 601 1180 643 reverentiam
1208 600 1459 658 nuptiarum
1481 613 1503 642 a
1531 598 1687 642 morbo
1707 596 1796 642 for-

418 673 663 725 nicationis,
682 671 885 716 Ecclesiae
914 670 1110 714 homines
1133 671 1357 713 muniebat
1383 688 1391 714 :
1417 669 1493 727 qui
1513 683 1662 712 sensus
1683 683 1796 728 quo-

418 743 550 788 modo
574 752 616 786 et
638 742 823 787 frontem
853 749 972 784 tuam
1007 749 1050 784 et
1075 740 1232 798 dogma
1256 740 1428 798 penitus
1449 739 1646 792 eraserit,
1671 738 1800 797 primi

420 812 650 858 voluminis
673 811 757 855 mei
771 825 905 870 prope
926 808 1077 853 ultima
1094 819 1214 869 parte
1231 818 1498 854 monstratur
1518 828 1526 853 τ
1552 807 1673 867 quod
1694 816 1737 853 et
1755 808 1804 858 in,

418 891 512 928 toto
529 883 660 942 ipsius
683 879 970 940 responsionis
994 895 1192 939 corpore,
1213 890 1342 939 prout
1364 878 1561 924 locorum
1593 886 1806 938 opportu-

419 955 531 997 nitas
553 949 716 1005 attulit,
742 950 1000 1009 explicatum
1026 959 1103 994 est.
1134 968 1154 991 »

480 1027 771 1068 Amr-sums.
799 1024 1020 1082 Nusquam
1053 1021 1112 1065 sic
1136 1021 1335 1081 apparuit
1364 1020 1492 1065 dolus
1518 1028 1640 1074 tuus,
1663 1028 1707 1063 et
1731 1033 1809 1080 per

420 1094 643 1140 scientiam
667 1093 869 1137 damnata
897 1092 1174 1136 conscientia.
1209 1092 1297 1135 Scis
1329 1091 1460 1144 enim,
1491 1090 1571 1134 scis
1597 1090 1807 1136 omnino:

421 1173 508 1209 tam
545 1164 708 1222 quippe
748 1170 946 1220 apertum
978 1170 1063 1215 est,
1095 1169 1145 1204 ut
1173 1161 1248 1219 qui
1277 1160 1411 1204 libros
1441 1159 1537 1205 illos
1569 1159 1705 1218 legit,
1725 1160 1811 1204 hoc
1853 1146 1859 1231 ἱ

421 1233 587 1276 nescire
609 1247 697 1275 non
721 1231 855 1290 possit
880 1249 889 1274 ε
915 1231 1011 1284 scis,
1039 1231 1216 1288 inquam
1233 1264 1244 1284 ,
1275 1230 1322 1273 in
1342 1228 1463 1274 libris
1485 1245 1594 1289 quos
1615 1229 1671 1274 ad
1691 1232 1812 1275 Mar-
1854 1235 1858 1246 ‘

421 1301 627 1346 cellinum
651 1301 784 1355 edidi,
807 1316 877 1344 mc
891 1301 1169 1344 vehementer
1197 1299 1332 1358 egisse
1355 1309 1506 1344 contra
1527 1300 1808 1359 incipientem

421 1388 596 1431 surgere
606 1374 697 1432 jam
714 1381 820 1416 tunc
838 1371 1035 1415 haeresim
1054 1380 1263 1425 vestram,
1289 1386 1344 1414 ne
1368 1370 1616 1414 crederetur
1636 1370 1778 1415 Adam
1794 1405 1808 1426 ,

422 1443 552 1487 etiam
574 1443 607 1486 si
639 1457 728 1485 non
760 1450 999 1500 peccasset,
1039 1440 1168 1484 tuisse
1200 1441 1450 1485 moriturus.
1485 1440 1570 1485 Sed
1602 1441 1811 1499 quoniam

423 1512 651 1557 mortalem
668 1513 878 1556 hactenus
899 1511 1002 1563 dixi,
1023 1512 1122 1570 quia
1137 1520 1307 1570 poterat
1329 1512 1438 1556 mori
1456 1532 1467 1569 3
1491 1520 1662 1570 poterat
1681 1525 1809 1558 nam-

423 1599 510 1644 que
528 1598 706 1642 peccare
733 1601 743 1628 :
767 1592 816 1627 tu
834 1583 893 1626 eis
916 1583 989 1641 qui
1006 1582 1141 1626 libros
1160 1581 1257 1627 illos
1275 1598 1364 1627 non
1386 1582 1602 1640 legerunt,
1623 1597 1704 1626 nec
1719 1581 1812 1626 for-

423 1664 534 1699 tasse
567 1654 722 1698 lecturi
755 1663 874 1710 sunt,
906 1652 1009 1697 fuco
1035 1653 1266 1708 insidioso,
1297 1654 1331 1697 si
1367 1655 1462 1698 haec
1491 1663 1567 1697 tua
1587 1653 1807 1711 legerent,

391 1733 395 1736 ’
423 1724 648 1782 subripere
676 1723 850 1768 voluisti
871 1744 882 1780 3
907 1723 1028 1781 quasi
1050 1738 1130 1780 ego
1157 1723 1216 1767 ita
1248 1723 1430 1768 dixerim
1446 1758 1456 1777 ,
1482 1723 1620 1767 Adam
1643 1730 1811 1768 morta-

423 1794 510 1837 lem
529 1793 710 1848 factum,
730 1803 779 1837 ut
797 1794 883 1837 sive
900 1802 1113 1852 peccaret,
1134 1793 1222 1837 sive
1239 1808 1327 1837 non
1342 1802 1556 1852 peccaret,
1575 1793 1812 1837 moriturus

425 1873 550 1908 esset.
580 1867 672 1908 Hoc
691 1865 807 1908 enim
830 1864 1055 1908 vobiscum
1079 1866 1237 1922 agitur,
1258 1865 1360 1909 hinc
1382 1874 1473 1910 tota
1498 1865 1554 1910 de
1575 1864 1658 1909 hac
1675 1878 1721 1908 re
1742 1864 1812 1909 in-

425 1944 491 1979 ter
510 1950 588 1979 nos
608 1945 651 1978 et
667 1949 744 1978 vos
766 1935 947 1979 vertitur
970 1935 1169 1994 quaestio,
1196 1934 1315 1994 quod
1339 1950 1416 1979 nos
1438 1934 1644 1990 dicimus,
1671 1933 1810 1979 Adam

425 2006 460 2049 si
480 2020 569 2049 non
598 2013 814 2063 peccasset
829 2039 839 2058 ,
868 2019 948 2048 nec
970 2006 1161 2062 corporis
1195 2015 1380 2051 mortem
1403 2004 1533 2048 fuisse
1555 2018 1810 2063 passurum3

425 2090 502 2120 vos
533 2084 678 2118 autem
696 2109 707 2129 ‚
745 2075 832 2118 sive
852 2083 1097 2133 peccasset,
1135 2075 1222 2118 sive
1244 2090 1333 2119 non
1362 2084 1601 2134 peccasset,
1632 2090 1813 2134 corpore

426 2143 558 2188 fuisse
580 2145 855 2188 moriturum.
877 2144 995 2197 Quid
1017 2154 1079 2188 cst
1103 2160 1228 2203 crgo,
1250 2145 1372 2204 quod
1397 2146 1596 2203 ignorare
1611 2154 1654 2189 te
1669 2144 1810 2202 fingis,

427 2230 559 2275 quam
582 2224 766 2259 mortem
789 2214 972 2273 intelligi
987 2216 1140 2269 velim,
1169 2217 1293 2275 cujus
1315 2232 1472 2274 corpus
1500 2216 1599 2260 dico
1621 2216 1666 2259 in
1687 2231 1814 2275 para-

427 2284 520 2329 diso
541 2300 631 2329 non
655 2284 785 2329 fuisse
812 2294 912 2328 ante
933 2288 1192 2343 peccatum?
1212 2301 1312 2329 cum
1336 2287 1441 2330 scias
1457 2320 1469 2339 ‚
1504 2286 1550 2329 in
1582 2285 1702 2330 libris
1729 2284 1813 2331 illis
1870 2288 1876 2307 ’·

427 2356 534 2415 quid
558 2355 718 2413 egerim
735 2390 746 2410 ,
780 2370 1002 2415 quamque
1031 2364 1177 2413 aperte
1207 2355 1487 2414 dilucideque
1511 2356 1670 2413 egerim
1687 2390 1699 2411 ,
1723 2371 1813 2400 non

429 2425 560 2470 fuisse
582 2428 721 2469 Deum
755 2425 979 2484 puniendo
1010 2425 1231 2469 dicturum
1261 2426 1503 2485 peccatori,
1539 2445 1557 2467 «
1587 2429 1716 2471 Terra
1743 2442 1811 2483 es,

431 2514 452 2537 »
473 2495 517 2539 in
541 2505 699 2539 terram
721 2495 803 2539 ibis
818 2499 851 2550 ²,
874 2513 893 2537 »
920 2498 937 2553 (
954 2495 1073 2556 quod
1095 2495 1149 2540 de
1170 2506 1309 2540 morte
1326 2497 1516 2556 corporis
1534 2496 1700 2543 dictum
1717 2497 1813 2558 quis
1872 2486 1884 2558 l*

480 2587 490 2601 ¹
516 2579 590 2612 Vide
607 2579 663 2612 lib.
691 2591 720 2612 ix
741 2580 886 2613 Confess.
908 2590 980 2622 cap.
1000 2580 1032 2613 8.
1049 2597 1088 2605 —
1105 2587 1116 2603 ²
1134 2583 1213 2614 Gen.
1239 2591 1287 2620 ιη,
1317 2592 1368 2623 ¹9·
1872 2562 1884 2631 Ρ
