1821 3264
265 299 409 327 OPERIS
441 300 617 327 IMPERF.
651 297 815 327 CONTRA
848 300 1016 327 suman.
1054 300 1136 326 Lm.
1172 300 1221 327 11.
1353 285 1438 326 343

58 364 187 409 etiam
220 364 427 422 conjuges
461 362 698 408 liberorum
736 362 1103 421 procreandorum
1142 377 1271 407 causa
1304 377 1443 422 copu-

57 434 189 488 latos,
229 433 349 477 nulla
383 434 633 478 necessitate
665 433 858 477 serendae
891 432 1022 492 prolis
1053 433 1241 492 impellit
1271 452 1279 477 ε
1316 435 1444 493 cujus

58 512 205 549 tantus
226 502 428 547 laudator
449 518 538 547 esse
558 502 755 557 voluisti,
777 511 828 547 ut
849 518 978 547 nemo
998 503 1146 547 credat
1167 504 1288 563 quod
1310 504 1443 548 etiam

55 583 332 634 oppugnator
346 589 437 619 esse
450 574 630 632 audeas3
649 575 812 634 quippe
824 589 955 634 quam
971 574 1031 618 sic
1044 574 1223 618 laudare
1239 590 1328 620 non
1341 590 1443 620 eru-

55 645 212 698 buisti,
237 652 287 688 ut
305 659 402 688 eam
425 653 467 689 te
488 644 643 689 liberet
659 678 669 698 ‚
695 659 776 689 nec
800 644 1006 704 puderet,
1036 645 1168 690 etiam
1191 645 1238 688 in
1258 645 1445 704 paradisi

55 713 330 759 beatitudine
350 714 579 759 collocare.

115 788 234 830 XLI.
260 788 491 831 Jcmmrs.
533 804 554 827 «
590 786 728 843 Igitur
769 785 824 829 ad
851 795 1076 830 nascentes
1113 786 1446 845 generantium,

53 872 144 903 non
182 857 344 916 flagitia
367 892 378 911 ,
404 857 478 902 sed
513 858 676 902 semina
705 858 1004 916 pervehuntur
1034 876 1042 902 :
1075 858 1162 902 vim
1197 866 1342 903 autem
1377 873 1448 903 se-

53 930 223 974 minum
246 932 360 973 Deus
396 929 616 983 instituit,
642 938 685 973 et
719 930 831 973 sicut
863 930 1063 974 confiteri
1100 930 1282 988 cogeris,
1312 930 1448 975 bene-

0 1057 2 1064 ,
51 1000 216 1045 dixit.»

108 1074 401 1116 Auensmns.
440 1072 615 1116 Semina
644 1074 758 1115 Deus
787 1071 975 1116 instituit
1004 1091 1013 1116 :
1044 1071 1120 1116 sed
1150 1071 1227 1131 qui
1263 1080 1447 1130 possunt

50 1143 98 1186 in
120 1150 277 1186 natura
299 1141 448 1186 vitiata
467 1141 636 1187 bonum
657 1143 749 1201 ejus
772 1157 795 1186 a
821 1140 938 1186 malo
966 1143 1057 1201 ejus
1079 1142 1138 1186 ita
1169 1141 1414 1187 discernere
1432 1175 1445 1198 ,

54 1221 103 1256 ut
124 1226 269 1271 neque
293 1221 452 1271 putent
477 1221 676 1256 naturam
702 1212 866 1256 malum
885 1227 975 1257 esse
993 1248 1004 1267 ,
1029 1227 1172 1271 neque
1193 1212 1349 1256 vitium
1370 1227 1450 1257 na-

53 1292 196 1327 turam
230 1297 345 1336 esse,
371 1283 452 1341 ipsi
474 1292 656 1342 possunt
681 1283 926 1327 discernere
947 1283 1054 1342 quid
1076 1283 1233 1327 horum
1256 1283 1448 1327 duorum

0 1380 2 1401 r
46 1352 109 1398 ad
131 1356 270 1398 Deum
288 1368 434 1397 creare
453 1354 697 1412 pertineat,
723 1352 832 1412 quid
849 1368 1015 1397 sanare.
1045 1352 1129 1398 Sed
1151 1353 1234 1398 hoc
1260 1368 1336 1398 vos
1357 1368 1449 1398 non

52 1425 246 1483 potestis,
266 1424 465 1484 quandiu
487 1424 730 1483 Pelagiani,
752 1440 841 1469 non
865 1423 1067 1468 catholici
1090 1424 1203 1468 estis.
1238 1425 1315 1469 Dic
1337 1425 1444 1484 jam,

51 1510 174 1553 rogo,
200 1494 299 1539 dic
286 1510 392 1554 Jam,
417 1495 642 1555 quomodo
666 1496 720 1538 sit
742 1495 1059 1554 accipiendum,
1074 1494 1196 1555 quod
1209 1510 1285 1553 per
1305 1509 1447 1540 unum

52 1566 275 1610 hominem
295 1575 524 1624 peccatum
545 1566 722 1609 intravit
742 1567 787 1609 in
811 1565 1042 1610 mundum.

111 1637 254 1680 XLII.
274 1638 297 1680 J
303 1653 502 1680 uum-s.
521 1655 540 1677 «
557 1635 802 1695 Filiiigitur
823 1651 904 1680 nec
922 1645 1029 1680 tunc
1047 1636 1108 1680 rei
1128 1644 1246 1691 sunt,
1271 1635 1452 1695 quando

51 1708 97 1751 in
124 1721 277 1751 eorum
305 1708 584 1765 generatione
606 1716 786 1766 peccant
820 1716 1020 1765 parentes
1043 1726 1051 1751 :
1077 1707 1179 1765 quia
1205 1707 1252 1750 in
1273 1715 1446 1751 tantum

52 1776 108 1822 ad
141 1777 300 1822 liberos
327 1793 426 1822 suos
453 1778 674 1836 pertinent
699 1812 710 1830 ,
744 1778 789 1820 in
826 1786 1041 1837 quantum
1070 1785 1270 1836 parentes
1307 1785 1409 1821 sunt
1433 1795 1444 1821 ς

48 1838 185 1907 igitur
206 1857 249 1892 et
276 1857 447 1892 tantum
478 1848 555 1892 filii
576 1847 630 1893 ad
665 1856 866 1907 parentes
895 1848 1137 1905 pertinent,
1163 1847 1208 1890 in
1230 1855 1447 1907 quantum

52 1918 116 1962 fili
148 1928 265 1963 sunt.
302 1920 479 1963 Naturae
516 1919 680 1978 quippe
716 1919 1017 1976 generantium
1046 1926 1216 1962 constat
1251 1917 1447 1976 germina

51 1990 375 2035 communicare
395 2024 406 2046 ,
432 2005 522 2034 non
543 1990 699 2049 culpae.
735 1990 865 2043 Quod
895 1989 929 2033 si
952 1998 1000 2033 ut
1022 1989 1132 2033 ratio
1154 1988 1442 2045 demonstrat,

52 2061 112 2105 ita
133 2062 264 2105 etiam
281 2060 539 2120 Apostolum
568 2061 825 2105 confirmare
848 2060 1104 2118 pronuntias
1131 2079 1141 2115 3
1169 2059 1324 2103 merito
1345 2073 1440 2114 nos,

52 2148 104 2177 eo
124 2132 326 2188 docente,
352 2132 630 2177 defendimus
651 2141 826 2191 peccata
848 2140 1079 2191 parentum
1105 2131 1159 2174 ad
1177 2131 1288 2176 filios
1311 2130 1447 2190 perti-

52 2218 156 2246 nere
190 2218 280 2246 non
310 2218 433 2262 posse
464 2221 471 2246 :
518 2201 876 2261 quandoquidem
921 2211 964 2246 et
1002 2200 1235 2260 Apostolus
1279 2201 1442 2261 Spiritu

52 2284 201 2318 sancto
222 2273 378 2328 clarus,
401 2283 444 2318 et
463 2289 541 2318 nos
569 2274 769 2318 instructi
783 2272 882 2317 luce
900 2272 1098 2326 rationis,
1119 2282 1162 2317 et
1176 2282 1225 2316 tu
1246 2272 1440 2332 pondere

50 2345 319 2404 impugnatae
342 2360 365 2388 a
387 2353 429 2389 te
457 2344 650 2389 veritatis
673 2358 916 2404 oppressuS‚
937 2343 1226 2388 communiter
1252 2357 1440 2402 vereque

51 2415 268 2460 fateamur
283 2450 293 2470 ‚
314 2425 513 2475 parentes
540 2416 584 2459 in
614 2423 830 2474 quantum
861 2423 1061 2473 parentes
1088 2421 1215 2466 sunt,
1236 2427 1329 2456 reos
1350 2427 1441 2458 non

52 2501 142 2531 esse
167 2507 178 2543 ς
209 2487 255 2530 in
287 2495 458 2531 tantum
492 2496 639 2531 autem
663 2486 718 2531 ad
742 2485 852 2531 filios
885 2486 1103 2545 pertinere
1121 2519 1131 2537 ,
1157 2485 1201 2527 in
1223 2493 1440 2544 quantum

53 2565 255 2617 parentes
277 2566 379 2601 sunt
405 2576 414 2602 :
437 2558 569 2617 igitur
598 2557 710 2603 filios
735 2560 780 2601 in
802 2564 1018 2616 quantum
1046 2553 1123 2599 filii
1142 2562 1269 2609 sunt,
1288 2554 1334 2599 id
1351 2563 1436 2609 est,
1462 2551 1469 2556 ’

102 2649 113 2665 1
133 2642 237 2675 Forte
256 2642 437 2676 intantum.
