1884 3285
428 312 511 350 476
851 324 884 350 s.
923 323 1150 351 ausimum
1184 324 1364 351 zmscom

485 381 580 421 Aua
590 395 775 422 esna-us.
810 380 951 422 Homo
973 378 1258 432 contentiose,
1279 378 1313 422 si
1333 378 1417 422 hoc
1436 378 1531 423 loco
1547 377 1806 438 apostolico—

427 463 523 491 rum
541 448 773 493 verborum
794 463 907 493 mors
923 449 1240 493 abrenuntiatio
1256 458 1453 504 vocatur,
1474 459 1523 494 ut
1538 450 1614 510 qui
1631 459 1809 509 peccato

426 519 721 574 abrenuntiat,
744 528 923 578 peccato
945 520 1153 563 moriatur
1179 538 1188 564 ε
1209 518 1351 563 recole
1370 519 1742 579 quemadmodum
1765 521 1810 566 in

427 588 614 633 Ecclesia
631 589 807 643 Christi,
824 591 869 634 in
883 606 968 649 qua
993 589 1232 648 baptizatus
1245 605 1310 644 eS‚
1329 589 1595 649 baptismatis
1608 592 1810 648 mysteria

426 659 724 717 celebrentur3
748 671 790 706 et
807 661 999 705 invenies
1019 660 1139 720 quod
1162 661 1470 705 abrenuntient
1488 669 1530 705 et
1547 660 1716 721 parvuli
1736 676 1812 721 per

425 744 499 774 ora
516 731 792 788 gestantium,
814 731 924 775 sicut
954 729 1139 775 credunt
1165 746 1241 790 per
1263 746 1336 775 ora
1366 731 1626 790 gestantium
1655 751 1663 776 :
1693 732 1812 792 quod

425 801 543 859 apud
556 816 630 845 vos
638 802 728 860 jam
747 800 925 846 forsitan
943 816 1030 846 non
1054 801 1117 845 fit.
1144 801 1212 846 Sic
1226 801 1338 845 enim
1357 800 1594 860 profecistis
1610 802 1652 845 in
1671 803 1811 862 pejus,

423 871 503 929 ipsi
521 880 734 926 errantes,
761 880 804 915 et
821 871 925 916 alios
941 872 983 915 in
1006 886 1194 916 errorem
1209 871 1445 927 mittentes,
1469 872 1544 931 qui
1567 872 1688 917 vobis
1706 887 1812 917 con-

423 943 676 998 senserint1,
703 959 792 987 non
821 943 981 988 debere
1002 944 1310 987 abrenuntiare
1334 943 1562 1002 parvulum
1592 944 1815 1003 baptizan-

425 1011 554 1066 dum,
579 1014 681 1073 quia
704 1029 793 1058 non
824 1014 951 1058 traxit
976 1014 1181 1071 originale
1208 1023 1435 1072 peccatum
1469 1032 1477 1058 :
1511 1022 1586 1057 aut
1613 1015 1645 1057 si
1684 1014 1816 1057 debet

424 1084 732 1129 abrenuntiare
760 1094 939 1143 peccato
958 1119 968 1139 ‚
1003 1084 1156 1139 dicite,
1193 1084 1292 1142 eui3
1323 1092 1366 1128 et
1395 1098 1585 1129 errorem
1623 1092 1813 1129 vestrum

429 1154 663 1214 aliquando
687 1156 901 1213 corrigite.

482 1225 695 1269 CCXXV.
737 1228 966 1271 ιῘιιιΑιιωεμ
1013 1245 1031 1268 «
1072 1226 1114 1271 Si
1162 1225 1278 1269 enim
1312 1226 1474 1270 mortui
1518 1240 1666 1270 sumus
1709 1240 1812 1269 cum

425 1312 445 1336 »
472 1296 670 1350 Christo,
690 1295 906 1340 credimus
933 1296 1035 1357 quia
1062 1296 1258 1342 vivemus
1280 1311 1382 1340 cum
1411 1297 1607 1355 Christ03
1631 1296 1817 1340 seientes

429 1384 447 1407 »
474 1367 575 1427 quia
603 1368 798 1412 Christus
835 1368 1064 1412 suscitatus
1098 1383 1120 1411 a
1151 1368 1331 1412 mortuis
1363 1369 1453 1428 jam
1494 1383 1583 1411 non
1616 1367 1814 1421 moritur,

427 1456 446 1478 »
475 1453 588 1482 mors
606 1439 650 1482 in
670 1454 769 1483 eum
785 1439 874 1499 jam
893 1454 982 1483 non
1001 1439 1324 1484 dominabitur:
1342 1440 1461 1499 quod
1485 1439 1602 1482 enim
1619 1447 1818 1483 mortuus

429 1527 447 1549 »
474 1518 537 1553 est
559 1519 753 1569 peccato,
781 1520 978 1555 mortuus
1000 1519 1064 1555 est
1085 1510 1233 1568 semel3
1258 1510 1378 1571 quod
1401 1519 1547 1555 autem
1569 1509 1692 1564 vivit,
1712 1510 1818 1553 vivit

427 1598 446 1621 υ
474 1583 580 1624 Deo.
602 1584 618 1624 I
625 1590 664 1625 ta
679 1591 721 1625 et
733 1597 806 1625 vos
822 1581 1029 1641 deputate
1050 1597 1125 1626 vos
1143 1591 1335 1626 mortuos
1350 1597 1440 1625 esse
1454 1590 1650 1641 peccato,
1666 1580 1818 1626 viven-

428 1669 447 1691 »
470 1660 532 1694 tes
556 1661 700 1695 autem
725 1655 831 1705 Deo,
858 1653 902 1696 in
927 1652 1100 1697 Christo
1123 1654 1268 1696 Jesu².
1297 1671 1316 1693 »
1343 1651 1576 1705 Quomodo
1597 1652 1814 1706 Christus,

425 1720 582 1779 inquit,
609 1722 683 1781 qui
719 1731 897 1780 peccato
940 1730 1137 1766 mortuus
1166 1731 1229 1766 est
1263 1721 1410 1777 semel,
1442 1721 1488 1766 id
1510 1731 1594 1777 est,
1639 1731 1819 1781 propter

425 1800 599 1849 peccata
622 1802 768 1837 nostra
790 1801 988 1837 mortuus
1008 1801 1071 1837 est
1098 1792 1246 1849 semel,
1272 1792 1385 1838 ultra
1408 1808 1495 1838 non
1519 1793 1718 1848 moritur,
1743 1792 1819 1838 sed

424 1861 533 1906 vivit
565 1862 609 1905 in
633 1862 768 1921 gloria
793 1863 896 1921 Dei3
919 1864 979 1908 ita
1001 1871 1045 1907 et
1074 1878 1150 1909 vos
1185 1863 1392 1923 deputate
1407 1878 1482 1909 vos
1507 1872 1683 1923 peccato
1702 1879 1818 1908 mor-

427 1940 522 1976 tuos
542 1933 643 1977 solis
665 1934 811 1978 vivere
832 1944 874 1979 et
896 1934 1054 1979 servire
1076 1934 1327 1979 virtutibus.
1353 1953 1372 1976 n

487 2007 782 2049 Aret-snmus.
810 2006 848 2049 O
876 2006 983 2049 mira
1010 2006 1242 2065 expositio!
1278 2006 1511 2066 Apostolus
1535 2006 1640 2050 dicit
1672 2006 1819 2053 Chris-

426 2083 519 2118 tum
542 2085 720 2134 pcccato
744 2086 965 2120 mortuum
993 2096 1002 2121 :
1029 2085 1071 2121 et
1099 2085 1148 2120 tu
1170 2076 1297 2132 dicis,
1327 2077 1372 2121 id
1405 2087 1484 2132 est,
1517 2086 1696 2136 propter
1717 2090 1819 2135 pec·

425 2155 518 2189 cata
541 2156 701 2191 nostra.
730 2149 845 2206 Ergo
875 2147 993 2207 quod
1027 2147 1132 2193 dicit
1165 2147 1262 2204 ille,
1299 2148 1366 2194 Sic
1390 2157 1432 2192 et
1469 2164 1545 2193 vos
1579 2148 1818 2192 existimate

425 2232 500 2261 vos
517 2227 708 2262 mortuos
732 2234 821 2263 esse.
843 2229 1043 2279 peccato:
1062 2221 1145 2265 hoc
1163 2220 1384 2280 putandus
1397 2229 1460 2264 est
1481 2220 1640 2273 dicere,
1661 2218 1818 2262 Existi-

427 2297 540 2332 mate
561 2303 635 2332 vos
658 2298 851 2334 mortuos
874 2305 964 2334 esse
997 2299 1175 2350 propter
1209 2300 1386 2350 peccata
1415 2292 1584 2335 vestra?
1612 2292 1710 2335 Non
1731 2289 1818 2333 uti-

426 2373 511 2418 que
531 2359 614 2403 hoc
637 2359 741 2403 dicit
762 2360 843 2404 isto
866 2360 990 2418 loco;
1011 2376 1091 2405 nec
1121 2371 1167 2406 tu
1192 2362 1252 2406 sic
1282 2361 1511 2421 intelligis,
1542 2360 1617 2404 sed
1640 2368 1817 2419 peccato

427 2439 645 2485 mortuos,
670 2446 725 2475 ne
739 2440 918 2490 peccato
935 2432 1152 2486 viverent,
1182 2432 1414 2476 confiteris.
1441 2430 1632 2476 Ostende
1655 2446 1757 2490 ergo
1775 2440 1817 2475 et

426 2502 648 2546 Christum
685 2512 907 2546 mortuum
944 2501 1072 2547 fuisse
1115 2511 1295 2562 peccato
1311 2537 1321 2557 ‚
1363 2518 1417 2546 ne
1462 2503 1817 2547 inconvenienter

430 2574 662 2632 Apostolus
684 2574 853 2629 dixerit,
880 2574 937 2618 sic
960 2583 1001 2618 et
1020 2588 1108 2619 vos.
1134 2577 1315 2634 Propter
1330 2573 1564 2620 auferenda
1584 2574 1697 2618 enim
1721 2588 1816 2618 nos-

477 2664 483 2680 ¹
507 2666 526 2689 2
546 2658 626 2691 Tim.
648 2670 697 2700 ιιι,
723 2659 776 2694 13.
791 2676 831 2684 --
847 2665 860 2682 ²
881 2661 974 2692 Rom.
996 2669 1044 2697 vr,
1066 2660 1086 2692 8
1105 2662 1138 2692 et
1156 2669 1244 2702 seqq.
