1821 3264
399 236 451 262 DE
485 235 597 263 nomo
628 233 994 263 rznsnvnnm'rm.
1306 223 1386 260 115

12 302 87 348 nisi
116 300 192 360 qui
221 308 466 359 perseverat
498 313 635 358 usque
662 299 704 341 in
735 300 894 356 finem,
927 299 1054 343 multi
1087 314 1179 343 eam
1210 307 1390 358 possunt

9 372 165 418 habere
182 405 192 424 ,
213 370 361 414 nullus
380 370 595 414 amittere.
616 371 767 427 Neque
783 369 896 412 enim
920 370 1203 413 metuendum
1224 378 1313 424 est,
1336 383 1391 411 ne

14 440 122 490 forte
143 454 241 483 cum
267 439 602 498 perseveraverit
622 439 754 482 homo
776 453 913 497 usque
935 437 977 480 in
999 439 1152 492 finem,
1180 438 1323 498 aliqua
1345 439 1391 481 in

10 526 58 556 eo
87 509 197 556 mala
222 509 424 554 voluntas
447 510 631 562 oriatur,
661 523 715 551 ne
741 516 984 567 perseveret
1012 523 1150 566 usque
1172 509 1216 550 in
1239 509 1385 551 finem.

11 583 99 627 Hoc
115 595 218 639 ergo
235 582 312 625 Dei
334 581 497 626 donum
517 579 768 639 suppliciter
789 580 968 623 emereri
992 587 1133 637 potest
1159 598 1167 623 :
1192 579 1266 622 sed
1289 594 1388 622 cum

11 652 153 697 datum
180 650 311 694 fuerit
327 686 337 705 ,
361 651 501 694 amitti
523 649 836 694 contumaciter
857 665 944 694 non
969 657 1122 708 potest.
1145 650 1258 693 Cum
1275 649 1389 692 enim

11 721 343 782 perseveraverit
359 721 544 779 quisque
566 734 703 778 usque
720 720 763 762 in
779 720 910 763 finem
924 755 934 773 ,
960 735 1102 779 neque
1119 719 1202 762 hoc
1224 717 1391 762 donum

10 799 148 852 potest
180 791 400 842 amittere,
437 805 516 834 nec
539 789 619 833 alia
647 805 746 849 quae
768 798 937 848 poterat
965 799 1064 833 ante
1093 789 1239 831 finem.
1271 790 1390 840 Quo-

11 862 139 906 modo
158 861 290 919 igitur
315 869 459 920 potest
489 860 650 914 amitti,
673 874 749 918 per
767 859 885 919 quod
909 860 958 903 fit
978 869 1026 903 ut
1049 875 1137 902 non
1165 859 1389 901 amittatur

12 933 136 978 etiam
158 932 278 991 quod
300 940 443 991 posset
467 931 632 974 amitti?

67 1004 146 1046 XI.
184 1003 267 1046 Sed
292 1016 346 1045 ne
373 1000 484 1045 forte
509 1001 703 1053 dicatur,
733 1015 870 1059 usque
893 1000 935 1043 in
958 1000 1089 1042 finem
1117 1013 1392 1057 perseveran-

13 1071 110 1117 tiam
140 1087 229 1116 non
254 1071 392 1115 amitti
419 1071 622 1130 quidem,
655 1085 753 1113 cum
782 1069 880 1113 data
915 1069 1063 1122 fuerit,
1094 1069 1136 1111 id
1167 1077 1253 1115 est,
1289 1082 1390 1111 cum

0 1147 330 1201 ¹perseveratum
350 1142 481 1186 fuerit
499 1142 697 1200 usquein
715 1142 844 1184 finem
865 1161 875 1197 3
895 1140 968 1184 sed
994 1149 1098 1184 tunc
1122 1131 1262 1183 'amitti
1283 1154 1393 1197 quo-

0 1210 110 1256 *dam
138 1211 298 1265 modo,
332 1211 509 1270 quando
539 1211 626 1269 agit
656 1212 784 1254 homo
812 1225 886 1269 per
908 1210 1245 1263 contumaciam,
1272 1218 1322 1252 ut
1344 1207 1393 1250 ad

15 1297 105 1326 eam
134 1282 358 1340 pervenire
382 1296 470 1324 non
499 1281 630 1339 possit
660 1300 668 1324 :
699 1281 810 1324 sicut
835 1280 1018 1324 dicimus
1044 1281 1285 1329 hominem,
1321 1278 1395 1337 qui

16 1367 102 1396 non
123 1351 459 1409 perseveraverit
482 1365 620 1408 usque
641 1350 684 1393 in
709 1351 838 1393 finem
859 1385 869 1403 ,
901 1351 1088 1394 amisisse
1109 1351 1239 1393 vitam
1271 1358 1397 1392 aeter-

17 1436 114 1466 nam
133 1455 144 1476 ‚
165 1420 235 1465 vel
252 1435 430 1478 regnum
457 1420 533 1463 Dei
560 1434 568 1459 :
595 1435 683 1463 non
705 1418 825 1479 quod
843 1421 930 1478 jam
957 1430 1180 1478 acceperat
1202 1429 1244 1462 et
1264 1419 1398 1461 habe·-

18 1492 91 1537 bat
107 1526 118 1546 ‚
138 1491 212 1535 sed
233 1490 353 1552 quod
371 1490 584 1548 acciperet
605 1498 647 1532 et
669 1489 874 1541 haberet,
895 1490 928 1533 si
948 1499 1258 1548 perseverasset
1281 1508 1288 1533 :
1310 1504 1402 1532 ver-

0 1553 173 1606 *borum
197 1560 508 1605 controversias
534 1558 806 1613 auferamus,
836 1568 878 1602 et
907 1559 1118 1603 nonnulla
1140 1561 1269 1602 etiam
1302 1575 1401 1618 quae

20 1647 106 1676 non
140 1632 384 1685 habentur,
422 1630 497 1674 sed
528 1630 728 1674 habenda
762 1640 1014 1689 sperantur,
1052 1646 1173 1689 posse
1209 1631 1404 1674 dicamus

21 1701 171 1745 amitti.
198 1701 321 1745 Dicat
341 1701 449 1744 mihi
472 1700 667 1759 quisquis
690 1700 849 1754 audet,
875 1709 1021 1744 utrum
1046 1704 1160 1745 Deus
1183 1700 1286 1744 dare
1314 1715 1402 1744 non

23 1772 174 1831 possit,
199 1771 320 1830 quod
355 1786 378 1814 a
411 1786 454 1814 se
476 1770 594 1829 posci
617 1770 871 1828 imperavit?
900 1775 993 1815 Hoc
1022 1781 1138 1815 certe
1166 1772 1240 1830 qui
1269 1771 1400 1829 sapit,

0 1854 110 1909 gnon
137 1842 234 1885 dico
255 1841 433 1899 desipit,
459 1839 534 1884 sed
555 1840 728 1884 insanit.
755 1842 989 1899 Imperavit
1022 1851 1165 1885 autem
1197 1845 1331 1894 Deus,
1357 1848 1406 1882 ut

25 1911 62 1955 ei
87 1911 224 1956 sancti
247 1912 339 1970 ejus
361 1910 508 1954 dicant
535 1919 706 1954 orantes
729 1929 737 1954 ε
767 1929 785 1951 «
812 1913 875 1955 Ne
902 1910 1059 1954 inferas
1090 1926 1168 1955 nos
1195 1912 1238 1954 in
1262 1919 1406 1954 tenta-

29 1999 48 2023 »
73 1982 234 2026 tionem
254 1984 283 2025 ¹.
316 1999 335 2023 »
362 1981 564 2039 Quisquis
582 1980 712 2037 igitur
734 1980 963 2024 exauditur
987 1982 1070 2024 hoc
1088 1996 1291 2040 poscenS,
1318 1996 1407 2024 non

27 2051 211 2096 infertur
228 2053 271 2095 in
289 2051 575 2096 contumaciae
594 2051 893 2105 tentationem,
914 2068 998 2110 qua
1016 2052 1148 2111 possit
1167 2051 1236 2096 vel
1254 2051 1409 2109 dignus

28 2121 80 2166 sit
99 2123 458 2181 perseverantiam
479 2121 714 2165 sanctitatis
738 2122 948 2165 amittere.

85 2194 186 2236 XII.
222 2195 279 2236 At
296 2192 410 2235 enim
425 2225 436 2245 ‚
464 2209 483 2233 «
508 2190 732 2235 voluntate
753 2207 826 2234 sua
850 2193 1033 2251 quisque
1061 2191 1215 2235 deserit
1238 2194 1374 2235 Denm
1396 2225 1406 2245 ,

34 2279 54 2303 »
83 2270 133 2305 ut
154 2261 307 2306 merito
338 2262 560 2304 deseratur
583 2277 606 2304 a
632 2263 738 2304 Deo.
767 2278 787 2301 »
811 2261 914 2313 Quis
945 2262 1028 2306 hoc
1050 2263 1300 2320 negaverit?
1325 2261 1407 2304 Sed

0 2338 2 2371 i
31 2330 127 2375 ideo
141 2331 343 2390 petimus,
361 2346 416 2374 ne
428 2329 666 2374 inferamur
678 2331 721 2374 in
734 2331 1034 2385 tentationem,
1054 2340 1100 2374 ut
1113 2332 1196 2375 hoc
1212 2347 1299 2375 non
1314 2332 1404 2374 fiat.

33 2402 86 2446 Et
108 2400 141 2445 si
160 2400 412 2459 exaudimur
429 2435 439 2454 ,
464 2400 615 2459 utique
637 2415 724 2444 non
746 2401 818 2457 fit,
841 2402 941 2460 quia
963 2405 1074 2444 Deus
1092 2417 1178 2445 non
1198 2402 1409 2460 permittit

0 2485 1 2514 1
34 2480 80 2516 ut
101 2472 192 2516 fiat.
217 2471 332 2518 Nihil
360 2471 475 2516 enim
498 2471 572 2526 fit,
596 2470 678 2516 nisi
698 2472 818 2532 quod
840 2481 915 2516 aut
936 2473 1026 2531 ipse
1049 2472 1178 2526 facit,
1211 2480 1285 2516 aut
1316 2472 1407 2515 fieri

83 2560 90 2575 ¹
114 2552 227 2587 Matth.
249 2564 299 2595 vi,
325 2554 375 2586 13.

1194 2608 1218 2646 8

11 2710 15 2740 ι

11 2746 16 2868 ἓ

13 2878 17 2967 2

14 2971 18 3015 Ξ

15 3053 20 3136 ἒ

0 3167 2 3190 ;
17 3138 20 3168 ι

0 3205 11 3264 ἱ
