1821 3264
0 0 24 92 r}

18 137 22 172 l

17 188 22 282 ἶ
253 212 397 241 οΡΕΒῙε
431 212 607 238 IMPERF.
640 212 804 239 CONTRA
836 214 1004 241 JUL1AN.
1042 216 1123 240 Lus.
1161 216 1207 240 11.
1339 202 1422 242 403

0 292 19 374 Ι
44 278 318 334 erubescitis3
349 291 439 321 non
466 277 764 335 expavescitis,
797 293 884 322 non
907 280 1085 323 tacetis?
1110 279 1152 324 Si
1174 287 1316 322 autem
1341 280 1423 323 ho-

15 375 19 413 ,
45 350 179 400 mines
214 362 392 407 peccare
427 347 704 405 incipientes,
740 356 784 391 et
818 349 1014 392 nondum
1049 349 1257 392 habentes
1288 348 1426 393 multa

14 419 19 492 i
46 420 224 474 delicta,
246 417 496 478 percipiunt
517 425 663 460 tamen
682 418 862 476 gratiam
884 434 936 462 ex
955 419 1100 463 multis
1117 419 1427 479 justificantem

14 493 17 511 '
42 489 231 547 delictis3
253 504 331 533 cur
352 489 398 532 in
419 487 581 532 eisdem
609 488 759 532 multis
781 490 911 532 etiam
933 489 1103 547 singula
1127 490 1427 549 quorumlibet

12 559 16 629 j
43 570 291 620 computare
317 574 409 604 non
435 558 589 614 vultis,
618 574 708 603 non
733 560 790 603 ob
819 559 963 613 aliud,
994 561 1075 604 nisi
1104 571 1149 603 ut
1177 562 1232 604 ab
1256 576 1304 604 ea
1327 577 1429 619 par-

11 635 18 675 2
40 631 162 681 vulos
182 631 312 689 impie
333 628 563 688 separeti83
583 628 793 689 vobisque
812 629 1023 688 pernicies
1046 630 1244 688 pessimae
1266 631 1430 689 iniqui.-

0 679 16 791 ,ξ
43 702 138 754 fiatis
163 700 412 754 incumbat,
439 708 488 751 ut
515 699 570 742 ab
595 697 668 742 illa
690 699 820 743 etiam
843 700 1092 757 grandiores
1114 699 1305 758 primum
1329 714 1434 758 pec-

0 788 15 828 *0
41 787 137 824 gare
153 771 424 830 incipientes,
445 769 734 828 nondumque
750 769 960 813 habentes
974 770 1131 825 multa,
1149 769 1227 814 sed
1240 768 1430 828 singula,

9 844 14 922 ἰ
47 842 116 887 vel
138 856 275 900 pauca
296 849 473 899 peccata
490 875 500 894 ‚
527 838 689 883 alienos
712 854 801 882 esse
823 838 1004 883 dicatis?

8 924 14 1006 ἰ
94 913 323 957 CXXXII.
351 913 375 954 J
382 928 578 954 t'LIANUs.
610 927 630 950 «
656 908 888 967 Apostolus
905 923 1006 966 ergo
1026 908 1103 956 ubi
1125 908 1316 967 praetulit
1332 924 1423 967 gra·

0 982 12 1044 i,
44 983 152 1034 fiam
175 992 377 1042 peccato,
402 991 601 1026 nostrum
622 980 782 1039 dogma
804 980 1062 1025 communit.
1088 998 1108 1020 »

7 1046 12 1116 Ῑ
66 1091 72 1096 .
96 1056 389 1098 Amtswnvns.
422 1055 516 1096 Imo
536 1060 730 1096 vestrum
757 1050 916 1109 dogma
939 1050 1161 1095 subvertit
1185 1069 1193 1093 :
1232 1050 1332 1108 quia
1355 1051 1432 1094 ista

0 1128 9 1179 3¹
41 1124 179 1183 gratia
197 1139 329 1183 quam
346 1132 527 1182 peccato
549 1119 743 1181 praetulit
759 1155 770 1175 ‚
791 1137 841 1164 ex
861 1120 1008 1164 multis
1026 1119 1192 1163 delictis
1205 1120 1428 1178 justificat,

0 1142 13 1248 l
39 1202 83 1244 et
103 1193 203 1238 ideo
222 1194 444 1253 pertin-ens
465 1194 520 1236 ad
539 1191 716 1251 pusillos
739 1206 841 1235 cum
858 1191 1026 1248 magnis
1041 1224 1052 1244 ,
1073 1205 1154 1233 nec
1169 1188 1309 1232 ullum
1326 1204 1431 1247 prae-

0 1249 11 1394 =t
37 1265 137 1316 terit
158 1265 440 1323 pusillorum,
461 1264 535 1323 qui
560 1262 740 1306 remittit
763 1262 908 1306 omnia
931 1261 1128 1305 omnium
1157 1275 1361 1314 suorum,
1384 1260 1429 1302 id

0 1354 3 1380 t
37 1344 122 1390 est,
154 1334 411 1393 pusillorum
435 1342 567 1393 atque
592 1345 864 1388 magnorum.

0 1396 9 1479 J
94 1408 343 1452 CXXXII-I.
366 1408 389 1449 J
396 1421 594 1448 omanus.
620 1422 641 1444 «
660 1405 786 1447 Nunc
800 1411 848 1445 tu
865 1401 962 1455 ede,
983 1401 1060 1444 ubi
1074 1400 1312 1459 aequaverit
1322 1415 1428 1458 pec-

0 1495 2 1528 ὲ
36 1485 134 1529 cato
148 1477 346 1534 gratiam,
366 1485 415 1519 ut
426 1474 632 1535 quoniam
655 1471 763 1517 fides
776 1480 850 1519 tua
866 1486 955 1521 non
969 1472 1085 1529 capit
1103 1468 1297 1513 remedia
1310 1485 1425 1528 prae-

36 1546 121 1598 lata
142 1546 397 1591 vulneribus
408 1580 418 1600 ‚
440 1545 593 1588 saltem
609 1541 750 1601 capiat
762 1543 808 1584 in
823 1549 1057 1599 angustum
1068 1555 1158 1583 non
1175 1539 1427 1584 excedentia

0 1610 1 1616 ¹
37 1617 406 1677 comparationem
428 1613 602 1659 redacta
630 1633 638 1658 ε
665 1611 785 1672 quod
815 1612 849 1655 si
877 1611 1087 1670 scriptum
1110 1610 1274 1669 uspiam
1302 1626 1426 1669 repe-

37 1688 168 1746 reri53
193 1686 379 1732 Paulum
400 1695 546 1730 tamen
570 1685 625 1728 ab
648 1684 729 1727 hac
754 1681 972 1727 constabit
993 1681 1226 1725 abhorrere
1247 1690 1424 1724 senten·-

0 1803 6 1830 Ι
38 1758 96 1803 tia
122 1777 131 1803 :
164 1767 208 1802 et
229 1766 278 1801 ut
295 1755 555 1815 compendio
574 1762 690 1798 totus
711 1751 909 1811 Apostoli
929 1765 1078 1795 sensus
1102 1749 1291 1804 eluceat,
1322 1750 1380 1797 ait
1410 1768 1420 1796 2

0 1834 5 1858 ἲ
43 1847 64 1873 ι(
78 1829 224 1873 Gra-tia
238 1825 448 1873 exmultis
459 1824 627 1869 delictis
641 1824 684 1867 in
691 1822 1044 1882 justificationem
1062 1839 1070 1864 ;
1091 1838 1109 1861 »
1126 1820 1263 1864 multa
1275 1828 1422 1864 autem

0 1859 6 1947 l
38 1899 196 1945 delicta
221 1914 308 1950 ,nec
339 1896 582 1942 secundum
606 1904 649 1939 te
671 1892 840 1953 parvuli
866 1892 1051 1947 habent,
1079 1890 1157 1951 qui
1183 1889 1424 1934 secundum

39 1969 297 2030 Apostolum
313 2004 324 2024 ‚
348 1967 520 2013 nullum
544 1966 724 2010 habent.
752 1982 773 2005 »

97 2044 390 2086 Auarsmws.
426 2037 568 2083 Multa
595 2035 754 2080 delicta
781 2048 861 2078 nec
893 2030 1136 2077 secundum
1162 2039 1203 2075 te
1234 2030 1422 2086 habent,

40 2112 117 2172 qui
136 2111 326 2170 primum
348 2123 527 2169 peccare
545 2113 776 2165 coeperunt
798 2123 806 2147 :
831 2112 875 2147 et
897 2112 1042 2147 tamen
1064 2117 1135 2146 eos
1159 2116 1317 2159 negare
1337 2110 1429 2144 non

41 2191 164 2241 potes
177 2182 232 2226 ad
243 2182 357 2226 hanc
371 2195 422 2224 ex
435 2177 583 2223 multis
597 2175 766 2220 delictis
779 2173 1090 2234 justificantem
1110 2171 1307 2230 gratiam,
1326 2186 1427 2214 cum

43 2252 99 2300 ad
129 2251 344 2310 baptisma
371 2250 576 2302 veniunt,
601 2246 833 2306 pertinere.
864 2242 1004 2288 Multa
1027 2257 1128 2300 ergo
1151 2240 1307 2285 delicta
1328 2248 1430 2284 sunt

0 2320 2 2334 ¹
43 2323 176 2372 totius
197 2321 372 2381 populi,
396 2321 443 2364 in
462 2334 552 2380 quo
574 2325 677 2362 sunt
700 2325 743 2359 et
764 2314 961 2374 parvuli3
986 2312 1041 2358 ad
1063 2327 1195 2372 quem
1218 2310 1431 2370 populum

44 2393 227 2445 ,civitatis
245 2392 323 2436 Dei
344 2406 444 2436 cum
467 2387 665 2449 pervenit
682 2387 818 2445 gratia
840 2400 892 2430 ex
914 2383 1063 2433 multis
1085 2382 1253 2426 delictis
1267 2381 1432 2440 justifl-

47 2478 148 2508 cans
164 2497 176 2519 ‚
203 2462 371 2506 invenit
391 2460 453 2505 ibi
474 2468 518 2504 et
538 2457 678 2503 multa
700 2455 945 2515 aliquorum
962 2488 972 2508 ‚
997 2461 1041 2496 et
1062 2466 1197 2510 pauca
1226 2450 1408 2494 aliorum
1422 2485 1433 2505 ‚

0 2547 1 2596 Τ
48 2542 92 2579 et
114 2531 283 2592 singula
302 2529 584 2593 parvulorum
602 2547 613 2586 3
636 2541 737 2587 quae
750 2524 881 2571 simul
902 2523 1054 2583 utique
1073 2520 1211 2567 multa
1231 2529 1332 2565 sunt
1348 2536 1439 2566 om·
1478 2523 1486 2529 ’

0 2601 1 2642 5
1183 2588 1249 2630 20,
