1821 3264
674 165 694 187 9

400 273 453 298 DE
485 273 598 300 DONo
629 273 994 301 PEnsEvERANTm.
1313 264 1387 302 131

21 337 107 383 aliis
139 350 232 380 eam
256 335 332 380 dat
350 370 361 390 ‚
385 335 476 379 aliis
498 351 586 381 non
609 338 683 381 dat
703 372 713 391 ‚
739 354 818 382 cur
838 340 995 384 nolunt
1017 349 1189 383 cantare
1212 340 1396 384 Domino

21 406 352 450 misericordiam
371 414 414 450 et
429 406 643 465 judicium
660 409 704 448 1?
722 409 811 452 Cur
829 417 972 451 autem
994 408 1076 452 illis
1101 410 1241 468 potius
1263 424 1397 467 quam

19 475 101 521 iliis
121 476 264 530 detur,
289 477 385 536 quis
407 477 611 535 cognovit
634 492 805 521 sensum
831 479 1034 522 Domini?
1058 480 1161 531 Quis
1186 480 1398 525 inscruta-

19 546 118 592 haia
136 547 316 591 scrutari
338 546 510 592 valeat?
526 548 622 607 quis
640 547 955 605 investigabilia
975 550 1185 608 vestigare
1203 553 1252 593 ²?

74 620 281 663 XXVIII.
308 619 549 664 Conficitur
577 619 725 679 itaque
744 620 923 676 gratiam
951 620 1023 663 Dei
1046 636 1135 664 non
1156 620 1396 664 secundum

19 689 166 734 merita
188 689 490 748 accipientium
515 688 624 744 dari,
644 689 719 733 sed
741 689 981 734 secundum
1008 689 1215 750 placitum
1238 691 1398 735 volun·

20 761 112 804 tatis
141 761 230 818 ejus
243 761 275 814 3,
303 761 349 804 in
375 760 549 804 laudem
585 768 628 803 et
665 760 844 818 gloriam
869 761 1002 820 ipsius
1032 762 1177 818 gratiae
1200 763 1291 820 ejus
1313 797 1322 809 ,
1352 770 1399 804 ut

18 830 92 889 qui
111 829 343 888 gloriatur,
366 829 488 874 nullo
510 829 642 874 modo
664 831 709 873 in
728 846 771 874 se
790 831 902 889 ipso,
928 832 1003 875 sed
1027 832 1070 874 in
1094 832 1278 875 Domino
1303 831 1399 890 glo-

17 901 148 944 rietur
170 900 208 944 ⁴:
233 901 310 960 qui
328 901 579 945 hominibus
600 900 676 945 dat
696 901 854 960 quibus
870 901 982 954 vult,
1000 903 1205 960 quoniam
1230 902 1401 945 miseri-

17 984 108 1015 cors
129 980 214 1027 est3
238 970 358 1031 quod
372 980 416 1014 et
427 971 462 1014 si
480 987 567 1015 non
590 971 835 1031 det‚justus
851 980 914 1015 est
938 991 945 1015 :
967 981 1009 1014 et
1032 987 1120 1015 non
1142 972 1217 1015 dat
1241 972 1402 1031 quibus

16 1055 104 1085 non
121 1041 231 1096 vult,
258 1051 306 1085 ut
324 1051 446 1086 notas
468 1040 598 1086 faciat
619 1041 792 1086 divitias
815 1042 964 1101 gloriae
981 1057 1069 1086 suae
1088 1042 1132 1085 in
1153 1058 1250 1085 vasa
1272 1043 1403 1085 mise-

15 1110 211 1155 ricordiae
235 1114 264 1154 ⁵.
296 1111 448 1156 Dando
468 1113 582 1155 enim
611 1112 871 1171 quibusdam
899 1111 1018 1171 quod
1045 1128 1132 1156 non
1162 1122 1400 1166 merentur,

15 1181 211 1240 profecto
229 1183 458 1241 gratuitam
474 1217 485 1236 ‚
517 1193 559 1226 et
583 1198 658 1241 per
685 1184 769 1227 hoc
788 1198 933 1226 veram
954 1198 1076 1226 suam
1105 1183 1286 1241 gratiam
1314 1197 1403 1226 esse

17 1251 184 1296 voluit:
208 1267 297 1296 non
325 1253 528 1296 omnibus
559 1252 705 1296 dando
728 1287 738 1307 ‚
764 1253 872 1312 quid
896 1268 1044 1297 omnes
1079 1262 1298 1296 merentur
1331 1268 1403 1296 os-

17 1320 168 1364 tendit.
194 1324 341 1365 Bonus
368 1323 414 1364 in
439 1322 650 1365 beneficio
685 1333 900 1366 certorum
922 1342 929 1366 z
955 1324 1095 1381 justus
1127 1324 1168 1365 in
1192 1322 1405 1382 supplicio

17 1400 267 1435 caeterorum
297 1410 305 1434 :
331 1403 372 1434 et
408 1391 546 1434 bonus
571 1394 612 1433 in
640 1393 863 1442 omnibus,
896 1393 1103 1449 quoniam
1129 1394 1291 1436 bonum
1323 1403 1401 1446 est,

17 1475 114 1505 cum
140 1460 337 1504 debitum
367 1461 563 1504 redditur
585 1481 595 1517 3
620 1471 662 1504 et
680 1462 822 1520 justus
854 1461 899 1503 in
934 1462 1136 1505 omnibus
1158 1497 1167 1515 ‚
1197 1462 1405 1521 quoniam

11 1530 174 1590 justum
194 1540 258 1575 est
276 1566 288 1585 ‚
312 1546 412 1575 cum
438 1532 683 1574 indebitum
720 1532 811 1575 sine
841 1533 1103 1591 cujusquam
1137 1531 1291 1575 fraude
1324 1532 1404 1576 do-

17 1612 160 1644 natur.

73 1673 236 1716 XXIX.
263 1670 676 1715 Defenditurantem
697 1671 787 1714 sine
802 1672 964 1715 meritis
990 1672 1064 1715 Dei
1084 1674 1235 1730 gratia,
1257 1672 1302 1715 id
1320 1682 1398 1727 est,

17 1757 115 1786 vera
154 1743 289 1801 gratia
307 1777 317 1796 ‚
355 1743 521 1786 etiamsi
561 1742 728 1801 parvuli
764 1742 967 1801 baptizati
986 1778 996 1794 ‚
1035 1744 1146 1786 sicut
1185 1743 1402 1801 Pelagiani

18 1813 234 1867 sentiunt,
262 1829 351 1857 non
379 1823 595 1856 eruuntur
626 1812 680 1855 de
710 1822 922 1870 potestate
954 1813 1235 1856 tenebrarum
1259 1847 1269 1866 ,
1301 1815 1400 1872 quia

18 1882 125 1926 nulli
148 1894 327 1942 peccato
344 1918 354 1937 ‚
380 1885 491 1927 sicut
512 1891 670 1942 putant
694 1883 910 1939 pelagiani
928 1917 938 1936 ,
964 1892 1171 1926 tenentur
1200 1884 1397 1937 obnoxii,

17 1954 90 1996 sed
119 1961 289 1997 tantum
323 1950 367 1996 in
397 1967 575 2010 regnum
612 1952 778 1996 Domini
812 1952 1162 1997 transferuntur:
1188 1953 1316 1996 etiam
1343 1954 1402 1996 sic

18 2023 132 2067 enim
161 2024 252 2067 sine
280 2023 379 2067 ullis
411 2024 536 2066 bonis
570 2023 732 2066 meritis
771 2022 898 2066 datur
933 2023 991 2065 eis
1026 2038 1208 2080 regnum
1240 2023 1401 2081 quibus

18 2093 162 2147 datur,
187 2103 230 2136 et
262 2094 352 2137 sine
381 2092 480 2136 ullis
510 2092 631 2135 malis
666 2092 828 2135 meritis
863 2107 951 2134 non
984 2091 1113 2135 datur
1148 2092 1207 2135 eis
1242 2092 1402 2151 quibus

17 2176 106 2207 non
141 2162 284 2206 datur.
310 2162 440 2215 Quod
462 2163 665 2206 adversus
690 2161 863 2205 eosdem
888 2161 1141 2220 Pelagianos
1172 2163 1315 2205 dicere
1336 2178 1401 2205 so-

16 2230 171 2287 lemus,
192 2232 369 2291 quando
386 2232 509 2276 nobis
539 2231 752 2290 objiciunt
772 2233 918 2290 ‚quod
941 2231 1030 2275 fato
1059 2232 1300 2275 tribuamus
1328 2231 1400 2275 Dei

18 2303 214 2359 gratiam,
237 2301 422 2346 dicendo
439 2316 534 2345 eam
549 2317 637 2344 non
653 2301 893 2344 secundum
917 2301 1067 2345 merita
1092 2311 1236 2346 nostra
1260 2301 1395 2345 darie.

17 2373 102 2430 Ipsi
113 2371 228 2416 enim
243 2372 385 2430 potius
403 2372 479 2415 Dei
492 2372 671 2429 gratiam
693 2370 784 2414 fato
806 2371 850 2414 in
865 2370 1052 2429 parvulis
1075 2371 1299 2424 tribuunt,
1324 2370 1400 2429 qui

19 2440 169 2486 dicunt
181 2460 200 2483 (ι
210 2440 351 2486 fatum
374 2456 480 2496 esse,
503 2441 579 2484 ubi
600 2441 804 2484 meritum
826 2456 915 2484 non
935 2451 1012 2484 est.
1051 2461 1064 2481 ι)
1086 2439 1213 2485 Nulla
1236 2441 1401 2499 quippe

64 2548 76 2564 ¹
95 2542 173 2574 Psal.
193 2552 222 2578 c,
254 2548 371 2573 1.—²
393 2544 483 2573 Rom.
512 2553 553 2579 xi,
588 2540 724 2578 34.—3
756 2541 869 2583 Ephes.
898 2552 918 2572 ι.
947 2542 975 2572 5.
995 2541 1062 2568 -4
1097 2552 1107 2571 1
1134 2543 1203 2572 Cor
1236 2551 1258 2579 1,
1289 2540 1340 2571 31.
1359 2556 1400 2561 ——
1450 2561 1457 2567 -

17 2593 32 2620 ⁵
53 2598 142 2630 Rom.
161 2608 206 2636 ix,
225 2597 279 2629 23.
298 2613 338 2619 —
351 2595 367 2619 6
382 2597 461 2629 Vide
479 2601 591 2629 conii-a
609 2596 684 2628 duas
699 2596 797 2638 Epist.
818 2596 974 2637 Pelagian.
994 2595 1051 2627 lib.
1073 2607 1106 2636 ιι,
1122 2605 1195 2637 cap.
1211 2595 1244 2626 6.

1169 2651 1206 2688 9.
