1821 3264
424 294 476 319 ηε
510 288 622 318 nouo
656 287 1021 314 PERSEVERANTIAE.
1332 266 1412 304 169

33 361 236 424 prompti,
257 359 356 403 etin
369 355 637 402 orationibus
656 353 993 411 pigri.Oremus,
1014 344 1294 398 dilectissimi,
1315 357 1413 387 ore·

33 449 151 485 mus,
172 440 220 475 ut
241 434 350 474 Deus
372 428 519 487 gratiae
541 426 614 469 det
636 425 762 467 etiam
786 421 966 465 inimicis
998 419 1153 463 nostris
1170 452 1180 470 ‚
1206 415 1414 459 maxime-

0 520 1 532 *
34 519 118 565 que
139 501 344 546 fratribus
367 509 410 543 et
440 496 720 542 dilectoribus
751 493 929 546 nostris,
955 489 1196 546 intelligere
1214 496 1256 530 et
1278 485 1416 530 confi-

36 576 134 628 teri,
171 580 268 631 post
299 571 519 628 ingentem
552 576 594 609 et
627 563 896 608 ineffabilem
924 561 1116 612 ruinam,
1153 573 1238 617 qua
1260 557 1304 599 in
1326 570 1416 599 uno

34 659 181 690 omnes
200 641 457 694 cecidimus,
488 636 703 682 neminem
730 634 809 677 nisi
833 632 964 691 gratia
991 629 1066 674 Dei
1081 628 1276 682 liberari,
1297 640 1414 668 eam-

0 723 2 750 {
36 730 120 776 que
150 729 239 758 non
268 710 506 756 secundum
534 708 687 752 merita
721 702 1026 763 accipientium
1050 709 1257 758 tanquam
1291 695 1417 739 debi-

37 795 119 831 tam
150 783 297 837 reddi,
334 780 409 826 sed
441 790 650 839 tanquam
683 791 827 821 veram
865 773 1049 833 gratiam
1080 768 1212 815 nullis
1255 766 1418 811 meritis

35 853 379 916 praecedentibus
401 850 530 910 gratis
552 849 658 893 dari.

94 926 272 970 LXVII.
304 921 482 968 Nullum
516 929 660 963 autem
698 925 761 961 est
788 914 999 959 illustrius
1028 906 1420 971 praedestinationis

38 995 281 1054 exemplum
304 1007 436 1053 quam
457 991 547 1050 ipse
568 992 691 1033 Jesus
718 1006 726 1031 z
758 984 876 1030 unde
903 992 946 1027 et
975 983 1020 1026 in
1042 980 1184 1041 primo
1207 977 1318 1021 libro
1330 977 1422 1036 jam

38 1065 275 1125 disputavi,
300 1073 343 1107 et
368 1063 413 1106 in
440 1062 571 1121 hujus
597 1061 684 1103 fine
712 1055 1019 1102 commendare
1041 1050 1183 1110 delegi
1218 1068 1226 1093 :
1250 1046 1424 1092 nullum

39 1146 123 1192 est,
149 1138 352 1196 inquam,
378 1133 586 1177 illustrius
609 1125 998 1190 praedestinationis
1015 1121 1261 1181 exemplum
1293 1131 1426 1178 quam

39 1207 129 1267 ipse
151 1206 380 1251 Mediator.
407 1202 612 1261 Quisquis
630 1199 768 1243 fidelis
789 1197 884 1241 vult
901 1210 994 1240 eam
1024 1195 1135 1238 bene
1160 1188 1423 1247 intelligere,
1474 1210 1476 1212 v

42 1277 238 1323 attendat
255 1276 419 1335 ipsum,
446 1283 577 1333 atque
595 1273 640 1315 in
655 1270 729 1314 illo
751 1269 944 1314 inveniat
965 1276 1065 1310 etse
1082 1265 1238 1323 ipsum.
1266 1258 1426 1304 Fidelis

43 1350 219 1408 inquam
232 1382 242 1402 ,
267 1347 344 1407 qui
357 1347 402 1389 in
420 1360 471 1388 eo
486 1358 632 1388 veram
651 1350 851 1386 naturam
870 1339 1007 1384 credit
1024 1346 1067 1380 et
1089 1334 1322 1379 confitetur
1339 1332 1426 1374 hu-

44 1433 234 1472 manam,
256 1416 301 1461 id
325 1425 412 1470 est,
441 1423 656 1467 nostram,
680 1411 878 1471 quamvis
902 1407 1145 1466 sigulariter
1168 1402 1429 1460 suscipiente

46 1493 133 1535 Deo
151 1487 319 1541 Verbo,
340 1487 384 1530 in
407 1485 584 1529 unicum
608 1481 761 1526 Filium
782 1480 857 1523 Dei
883 1477 1183 1527 sublimatam,
1209 1473 1267 1515 ita
1289 1470 1431 1529 utqui

45 1559 229 1618 suscepit
242 1566 285 1600 et
307 1554 427 1616 quod
447 1553 656 1612 suscepit,
691 1566 778 1595 una
798 1558 906 1593 esset
926 1548 970 1590 in
994 1545 1204 1589 Trinitate
1229 1554 1428 1600 persona.

47 1634 195 1689 Neque
220 1629 335 1672 enim
365 1626 542 1670 homine
566 1631 787 1680 assumpto
810 1617 1077 1678 quaternitas
1099 1613 1209 1658 facta
1240 1621 1324 1665 est,
1360 1608 1433 1653 sed

49 1700 233 1745 Trinitas
249 1697 422 1751 mansit,
445 1693 738 1752 assumptione
755 1689 827 1733 illa
847 1685 1125 1732 ineffabiliter
1139 1683 1324 1727 faciente
1342 1694 1435 1739 per·

48 1786 164 1816 sonae
192 1770 321 1813 unius
347 1769 390 1811 in
420 1770 508 1810 Deo
542 1775 584 1808 et
616 1763 794 1807 homine
820 1761 1061 1804 veritatem.
1099 1754 1313 1808 Quoniam
1348 1765 1436 1794 non

50 1846 186 1886 Deum
204 1850 376 1884 tantum
392 1837 576 1881 dicimus
592 1834 831 1886 Christum,
849 1832 958 1874 sicut
970 1826 1162 1871 haeretici
1179 1821 1408 1869 Manichaei
1425 1840 1435 1877 3

52 1929 133 1957 nec
144 1912 365 1956 hominem
384 1917 571 1960 tantum,
588 1907 698 1949 sicut
712 1902 905 1948 haeretici
923 1897 1186 1953 Pliotiniani3
1202 1909 1281 1938 nec
1293 1894 1352 1937 ita
1365 1893 1438 1935 ho-

53 1985 231 2036 minem,
248 1990 297 2024 ut
310 1977 474 2039 aliquid
491 1978 632 2020 minus
646 1975 805 2019 habeat
817 1971 937 2032 quod
952 1970 1005 2014 ad
1019 1971 1255 2013 humanam
1270 1972 1436 2008 certum

54 2064 112 2098 est
127 2053 341 2112 pertinere
354 2059 571 2104 naturam,
587 2049 673 2091 sive
691 2046 894 2097 animam,
907 2042 1048 2085 sivein
1060 2041 1148 2099 ipsa
1163 2036 1305 2080 anima
1318 2049 1441 2078 men-

54 2134 141 2168 tem
166 2120 418 2165 rationalem
434 2154 444 2172 ,
465 2119 553 2161 sive
573 2130 744 2160 carnem
761 2149 771 2168 ,
798 2128 885 2156 non
915 2111 970 2154 de
994 2109 1172 2153 foemina
1195 2114 1412 2164 sumptam
1429 2139 1439 2158 ,

56 2193 131 2239 sed
162 2192 321 2236 factam
339 2189 393 2233 de
416 2188 562 2232 Verbo
584 2188 628 2231 in
650 2200 821 2229 carnem
853 2196 1061 2227 converso
1090 2189 1219 2238 atque
1249 2185 1442 2232 mutat03

58 2279 155 2324 quae
178 2261 323 2306 omnia
345 2260 425 2303 tria
449 2257 553 2301 falsa
573 2266 614 2300 et
638 2271 772 2309 vana,
794 2253 1098 2297 haereticorum
1121 2247 1447 2308 Apollinarista·

61 2349 156 2378 rum
178 2343 264 2377 tres
286 2339 428 2390 partes
451 2329 587 2372 varias
611 2326 886 2384 diversasque
906 2323 1106 2367 fecerunt
1132 2341 1139 2365 2
1167 2319 1240 2364 sed
1263 2318 1447 2362 dicimus

62 2404 281 2449 Christum
297 2404 436 2445 Deum
452 2413 620 2452 verum,
639 2406 789 2440 natum
802 2395 856 2438 de
873 2397 960 2437 Deo
977 2396 1102 2436 Patre
1113 2390 1204 2433 sine
1220 2387 1310 2432 ullo
1328 2387 1449 2430 initio

64 2474 294 2533 temporis,
326 2470 618 2528 eumdemque
647 2468 870 2511 hominem
900 2478 1069 2515 verum,
1104 2470 1253 2504 natum
1282 2457 1336 2501 de
1370 2458 1451 2500 ho-

5 2555 7 2595 }
65 2546 179 2589 mine
201 2552 339 2587 matre
360 2549 475 2586 certa
496 2537 767 2599 plenitudine
789 2534 996 2594 temporis
1010 2568 1020 2588 ,
1043 2547 1123 2576 nec
1146 2531 1238 2590 ejus
1254 2526 1452 2572 humani·
1483 2559 1489 2565 .

66 2624 198 2660 tatem
215 2649 226 2669 ,
246 2629 332 2673 qua
354 2612 496 2656 minor
517 2619 580 2654 est
603 2612 730 2653 Patre
744 2642 754 2661 ,
779 2606 971 2650 minuere
995 2601 1159 2662 aliquid
1178 2601 1268 2659 ejus
1290 2597 1451 2643 divini-
