1821 3264
569 259 899 290 ANNOTATIONBS.
1327 241 1412 282 489

36 338 307 398 episcopatus
336 331 479 376 locum
496 364 506 384 ‚
538 336 580 372 et
602 324 817 371 scribendi
840 330 1096 367 caracterem
1123 335 1171 364 ac
1194 319 1414 377 ingenium

37 409 197 455 referre
211 415 343 466 atque
357 405 538 448 innuere
559 398 732 443 videtur
752 416 760 441 :
783 396 883 440 Aac
904 393 1011 438 huic
1035 393 1289 451 Campano
1305 406 1415 451 gra-

38 482 164 525 mine
186 474 336 522 eorda
361 481 553 518 tament.
583 473 723 523 Quem
745 480 916 511 rursum
934 468 1116 522 Prosper
1138 462 1182 505 in
1200 461 1417 506 Chronico

27 549 439 617 jactantissimum
470 540 735 602 Pelagiani
756 536 930 582 erroris
957 542 1244 578 assertorem
1269 531 1417 591 appel-

38 625 113 668 lat.
141 624 322 666 Sanctus
340 630 516 677 quoque
536 611 803 671 Augustinus
827 609 964 667 ipsum
985 604 1139 648 merito
1159 605 1256 663 jure
1275 601 1418 646 nomi-

39 703 114 739 nat
140 692 365 755 jiwenem
403 683 854 747 confidemtissimum
935 686 1064 736 atque
1104 689 1203 718 eum
1248 673 1417 731 lingua,

39 780 170 826 quam
190 771 381 807 mentem
401 758 536 817 magis
557 755 740 800 valuisse
759 752 905 797 asserit
927 769 934 794 :
957 765 977 792 a
997 762 1084 807 quo
1108 754 1150 789 et
1170 745 1330 789 dicitur
1345 778 1356 798 ,
1376 759 1423 787 m

39 835 362 895 disputatione
407 827 791 888 loquacissimas,
830 824 875 866 in
905 818 1205 864 contentione
1242 813 1424 859 calum-

38 906 332 952 niosissimus
340 938 354 958 ,
378 902 426 945 in
440 897 746 960 professione
755 893 824 956 fa
832 891 1128 936 llacz'ssz·1m‹s.

97 979 208 1022 Cum
232 984 358 1018 aetate
386 973 475 1031 jam
499 967 647 1013 adulta
681 974 816 1017 esset,
849 962 886 1005 ei
919 969 1040 1020 pater
1067 971 1245 1001 uxorem
1268 955 1387 998 dedit
1414 973 1423 998 :

43 1057 310 1105 testaturque
353 1041 553 1102 pluribus
594 1037 700 1082 locis
739 1033 1007 1092 Augustinus
1046 1029 1169 1073 illum
1210 1024 1427 1084 conjugali

40 1117 215 1165 vinculo
245 1115 373 1159 fuisse
408 1111 645 1156 astrictum.
676 1104 921 1151 Fatendum
955 1111 1017 1145 est
1043 1108 1159 1144 certe
1179 1133 1190 1151 ,
1215 1111 1314 1140 curn
1339 1096 1428 1154 ejus

43 1189 204 1235 familia
227 1184 588 1230 necessitudinem
609 1178 791 1224 Paulino
814 1176 1014 1235 episcopo
1033 1169 1206 1216 Nolensi
1226 1169 1432 1211 interces-

43 1264 143 1307 sisse
165 1260 295 1317 longe
318 1256 597 1300 arctissimam
628 1271 636 1296 z
663 1244 1022 1310 quandoquidem
1044 1242 1115 1286 hic
1140 1256 1182 1284 se
1204 1238 1431 1295 indignum

43 1332 222 1376 minime
242 1327 430 1388 putavit,
452 1324 625 1382 nuptias
642 1321 757 1365 illius
774 1333 851 1378 pro
870 1312 1165 1375 epithalamio,
1186 1309 1304 1369 quod
1321 1308 1434 1351 inter

45 1402 176 1461 ipsius
198 1414 329 1458 opera
353 1395 571 1454 hodieque
594 1391 753 1450 legitur
770 1424 780 1443 ‚
805 1386 1040 1432 celebrare.
1070 1386 1120 1425 ln
1143 1382 1225 1424 hoc
1247 1378 1319 1422 ille
1340 1386 1434 1421 tum

46 1477 70 1518 J
76 1473 270 1517 ulianum
290 1505 300 1525 ,
326 1483 457 1528 quem
480 1479 665 1525 puerum
690 1461 833 1505 adhuc
853 1465 1002 1510 vocat,
1029 1464 1122 1499 tum
1141 1454 1238 1495 Jam
1254 1462 1436 1493 uxorem

47 1547 137 1604 ejus
169 1544 393 1593 hortatur,
425 1537 600 1594 dignam
624 1528 857 1592 episcopali
889 1527 1021 1570 domo
1042 1521 1298 1567 modestiam
1325 1529 1364 1561 et
1392 1518 1437 1560 in

50 1614 301 1673 nuptiarum
324 1608 596 1654 solemnitate
613 1641 622 1659 ,
655 1613 697 1647 et
725 1603 770 1645 in
793 1609 886 1644 toto
904 1598 1003 1642 vitae
1027 1592 1244 1639 curriculo
1266 1603 1440 1634 conser-

50 1694 152 1729 vent
174 1703 182 1728 :
206 1683 313 1742 quin
335 1679 465 1723 etiam
483 1676 587 1730 illis,
610 1674 673 1717 uti
691 1670 982 1728 virginitatem
1001 1665 1147 1709 colant
1165 1669 1437 1721 perpetuam,

50 1763 268 1816 precatur.
298 1748 510 1794 Poematis
529 1744 710 1789 inlibris
732 1738 996 1801 quibusdam
1019 1734 1145 1778 editis
1162 1730 1316 1776 titulus
1339 1737 1403 1772 est
1429 1746 1438 1772 :

54 1821 444 1886 Epithalamium
463 1819 508 1861 in
525 1814 557 1860 J
561 1813 775 1859 alianum
798 1807 1009 1869 episcopi
1028 1802 1258 1850 Memoris
1260 1798 1439 1861 filium,

54 1907 97 1941 et
119 1895 235 1940 Jam
259 1884 857 1947 clarissimam.foeminam
880 1891 1079 1923 imorem
1102 1874 1217 1935 ejus.
1244 1871 1355 1915 Hinc
1372 1867 1444 1911 Vi-

55 1968 226 2026 gncrius
262 1961 425 2008 ,tuliani
460 1973 637 2003 uxorem
676 1954 854 2013 antiqua
890 1960 932 1993 et
965 1945 1181 1992 consulari
1217 1940 1444 1986 nobilitate

56 2036 332 2099 splendidam
350 2033 480 2077 fuisse
498 2027 748 2082 contendit3
768 2033 898 2083 atque
917 2019 969 2065 ad
986 2016 1183 2062 eamdem
1202 2017 1296 2058 Jam
1315 2011 1446 2054 refert

59 2109 166 2154 illud
198 2123 248 2151 ex
280 2104 445 2149 inedito
475 2100 668 2161 quodam
700 2093 920 2153 Fulgentii
949 2104 1078 2149 opere
1110 2083 1404 2131 testimonium
1435 2099 1444 2123 :

60 2180 169 2227 Nec
193 2176 266 2223 illi
291 2171 556 2237 sufficiebat
591 2177 811 2229 pateras&
845 2160 1110 2214 nobilitati,
1141 2152 1448 2201 AEmz'lz'ornm

49 2308 55 2315 ι
59 2252 224 2313 fasces
241 2244 536 2298 admovisse,
561 2255 677 2298 quos
696 2237 868 2282 [πενθεῖ
880 2232 1114 2294 degenere
1139 2226 1338 2286 turpiter
1352 2237 1452 2266 ma-

62 2322 254 2368 culavit.
296 2315 502 2362 Interfuit
533 2327 680 2371 reapse
712 2307 874 2367 nuptiis
904 2304 1130 2363 episcopus
1159 2296 1334 2357 quidam
1368 2308 1450 2337 no-

63 2396 181 2439 mine
204 2389 403 2436 AEmilius
430 2407 439 2432 2
466 2395 509 2430 at
532 2399 632 2429 eum
659 2384 723 2426 Jae
744 2389 938 2440 patrem,
972 2372 1091 2434 quod
1114 2368 1340 2427 Vignerius
1366 2364 1451 2421 pri-

67 2480 161 2510 mus
179 2461 385 2514 asseruit,
410 2457 616 2502 Paulinus
634 2467 723 2496 non
741 2450 846 2494 dicit
869 2446 1078 2500 extitisse3
1103 2450 1232 2499 atque
1254 2438 1337 2480 hoc
1361 2436 1452 2493 ipso

65 2535 185 2597 quod
209 2547 296 2576 non
318 2530 444 2583 dicit,
470 2531 777 2585 argumentum
801 2520 845 2562 in
868 2514 1123 2561 contrariam
1151 2518 1315 2569 partem
1344 2520 1470 2563 sup--

69 2606 248 2667 peditat.
279 2602 393 2655 Quin
423 2609 465 2643 et
489 2597 643 2655 saepius
666 2592 886 2637 Julianum
919 2589 1098 2645 ejusque
1125 2581 1350 2639 conjugem
1377 2589 1451 2633 ap-
