1884 3285
443 282 524 321 448
873 290 907 317 s.
944 292 1174 319 Aooes'rim
1208 292 1386 319 zriscom

437 359 568 402 etiam
587 356 777 416 parvuli,
797 356 995 415 quamvis
1013 357 1180 416 operari
1195 357 1407 417 justitiam
1426 371 1515 400 non
1530 355 1746 414 valentes,
1768 358 1827 402 ita
1844 407 1845 410 Ἰ

437 443 535 471 cum
567 427 749 471 transitu
769 426 932 485 peccati
959 442 1007 470 ex
1025 428 1165 471 Adam
1188 428 1277 471 nati
1300 437 1424 480 sunt,
1449 427 1536 471 sive
1564 437 1823 482 nascuntur,
1852 423 1853 427 ’

436 499 634 558 quamvis
666 513 745 543 nec
776 507 1000 558 peccatum
1038 499 1181 544 adhuc
1213 497 1386 543 valeant
1414 499 1597 557 operari.
1629 501 1855 556 Agnosce

438 569 622 615 formam
642 604 653 624 ,
678 579 722 614 et
744 570 833 614 noli
851 584 941 614 esse
957 570 1302 615 contradictione
1325 568 1546 614 deformis.
1842 567 1863 632 ξ

495 642 649 686 CXCI.
685 643 912 685 JLLIANbs.
943 659 962 682 «
983 643 1108 686 Nunc
1125 642 1310 695 intuere,
1331 649 1547 700 quantum
1563 655 1584 683 a
1607 650 1679 683 tua
1695 655 1847 698 expo-¹

434 711 587 755 sitione
602 709 876 765 discordent,
903 720 953 754 ut
974 720 1127 755 caetera
1150 711 1341 771 ejusdem
1367 710 1472 765 loci,
1494 710 1552 754 ita
1575 709 1647 754 illa
1669 709 1823 763 verba,
1848 731 1858 746 v

434 781 594 840 quibus
631 781 864 840 Apostolus
894 782 1178 840 pronuntiat,
1220 801 1238 823 «
1272 781 1400 825 otiam
1435 781 1480 824 in
1521 796 1591 824 eos
1628 794 1826 838 regnasse
1845 786 1855 850 ,ζ

438 870 457 892 »
483 861 690 907 mortem,
715 852 791 912 qui
813 867 901 896 non
929 862 1219 911 peccaverunt
1239 853 1282 896 in
1308 850 1593 896 similitudine
1619 850 1825 910 praevari-
1848 861 1856 904 ζ

438 941 457 963 »
482 923 663 967 cationis
692 922 827 978 Adae,
855 924 930 982 qui
958 933 1020 967 est
1043 922 1181 968 forma
1205 923 1341 967 futuri
1357 926 1385 967 ¹.
1416 941 1435 963 »
1466 922 1507 967 Si
1531 923 1645 965 enim
1671 921 1726 965 de
1749 937 1825 965 na·
1850 930 1856 936 ·

434 992 562 1037 turali
586 1001 763 1052 peccato
793 1002 968 1051 ageret,
1000 993 1054 1036 de
1081 1009 1169 1052 quo
1207 993 1397 1047 dixerat,
1430 1001 1478 1035 ut
1507 990 1680 1035 videtur
1717 991 1793 1035 tibi
1811 1026 1821 1046 ,
1849 1005 1851 1010 ¹

436 1081 456 1104 «
485 1066 534 1106 In
551 1078 640 1122 quo
658 1078 808 1107 omnes
824 1072 1115 1122 peccaverunt
1134 1083 1142 1107 ;
1166 1082 1185 1104 »
1212 1064 1286 1123 qui
1306 1071 1445 1107 essent
1462 1062 1506 1105 hi
1519 1097 1533 1117 ,
1554 1077 1663 1121 quos
1680 1061 1824 1105 statim

432 1134 709 1192 pronuntiat,
735 1149 823 1178 non
846 1133 985 1178 solum
1012 1135 1056 1177 in
1079 1134 1435 1193 praevaricatione
1452 1134 1586 1191 Adae,
1610 1132 1684 1177 sed
1707 1148 1762 1176 ne
1780 1132 1824 1175 in
1848 1136 1849 1178 j

432 1203 716 1248 similitudine
738 1203 915 1264 quidem
940 1204 1081 1264 culpae
1104 1204 1219 1249 illius
1242 1205 1451 1249 obnoxios
1477 1202 1773 1262 deprehendi?
1800 1220 1819 1244 »

491 1276 782 1319 Ateus-rmus.
821 1274 906 1319 Sed
934 1284 982 1318 tu
1012 1276 1070 1319 sic
1100 1275 1326 1334 intelligis,
1362 1275 1438 1335 qui
1461 1290 1550 1318 non
1578 1273 1783 1332 intelligis
1812 1292 1821 1317 ε

431 1344 665 1403 Apostolus
686 1353 831 1389 autem
854 1345 1062 1389 rationem
1088 1345 1301 1401 reddidit,
1324 1361 1458 1405 quare
1478 1360 1591 1389 mors
1614 1359 1819 1403 regnave·

431 1414 486 1459 rit
509 1425 552 1459 et
578 1416 624 1459 in
645 1431 717 1460 eos
739 1416 813 1475 qui
844 1431 932 1461 non
953 1427 1266 1476 peccaverunt,
1300 1415 1502 1460 addendo
1525 1425 1569 1460 et
1602 1414 1788 1460 dicendo
1803 1450 1814 1469 ‚
1850 1449 1855 1459 -,

430 1484 476 1528 in
501 1485 831 1530 similitudinem
866 1487 1232 1546 praevaricationis
1261 1487 1396 1544 Adae3
1429 1486 1472 1530 id
1503 1496 1566 1531 est
1593 1496 1819 1545 propterea

432 1570 629 1613 regnasse
643 1557 875 1600 ostendens
894 1567 1077 1601 mortem
1097 1567 1139 1601 et
1159 1558 1204 1601 in
1222 1573 1294 1602 eos
1311 1559 1387 1617 qui
1409 1573 1496 1602 non
1513 1565 1817 1616 peccaverunt,
1849 1545 1855 1610 ,¹

430 1627 636 1685 quoniam
661 1627 897 1687 quamdam
921 1627 1214 1673 similitudinis
1237 1628 1421 1673 formam
1450 1644 1500 1672 cx
1524 1626 1630 1672 Adae
1654 1643 1820 1687 praeva-

431 1696 636 1741 ricatione
656 1706 896 1742 traxerunt.
919 1699 1059 1742 Adam
1077 1700 1239 1758 quippe
1260 1699 1454 1743 induunt
1470 1699 1544 1758 qui
1561 1708 1816 1753 naseuntur,

427 1767 540 1811 sicut
561 1768 783 1813 Christum
806 1768 998 1813 induunt
1019 1771 1093 1829 qui
1117 1779 1416 1814 renascuntur.
1850 1819 1852 1822 v

486 1840 665 1884 CXCII.
702 1842 929 1883 JLLIANUS.
972 1859 992 1882 «
1017 1840 1452 1900 Regnavit‚.inquit,
1479 1855 1593 1884 mors
1613 1839 1743 1883 etiam
1774 1840 1818 1882 in
1849 1848 1855 1854 “

432 1926 451 1949 »
479 1924 552 1953 eos
574 1910 651 1970 qui
674 1926 762 1954 non
784 1921 1075 1969 peccaverunt
1091 1912 1135 1955 in
1158 1910 1440 1956 similitudine
1458 1910 1819 1969 praevaricationis

435 2000 450 2020 »
478 1980 641 2025 Adae2:
671 1999 690 2022 »
723 1980 842 2026 vides
875 1997 975 2026 eum
999 1982 1323 2027 distinctionem
1349 1981 1494 2026 secisse
1525 1983 1815 2040 perspicuam,
1847 1994 1854 2024 ;

427 2048 540 2094 inter
573 2066 645 2096 eos
676 2051 753 2111 qui
780 2052 974 2096 similiter
1002 2062 1049 2097 ut
1072 2055 1238 2108 Adam,
1269 2062 1311 2097 et
1345 2068 1417 2097 eos
1448 2051 1525 2112 qui
1553 2051 1818 2097 dissimiliter
1852 2071 1853 2075 ¹

426 2131 691 2166 erraverant.
719 2140 737 2163 »

486 2194 778 2237 Aucrsnms.
818 2193 859 2237 Si
889 2192 1154 2237 dissimiliter
1186 2203 1461 2248 erraverant,
1498 2195 1574 2238 ubi
1617 2202 1680 2237 cst
1714 2208 1817 2251 ergo
1847 2185 1857 2205 ⁸

428 2261 680 2307 imitationis
692 2264 964 2322 exemplum?
981 2266 1371 2323 Regenerationem
1385 2264 1519 2308 redde
1533 2263 1813 2322 generationi,
1847 2275 1853 2307 ζ

430 2347 517 2376 non
549 2333 836 2377 imitationem
873 2335 1131 2392 imitationi,
1162 2345 1205 2379 et
1235 2336 1423 2379 invenies
1449 2334 1657 2388 formam,
1684 2349 1816 2393 quam
1849 2333 1854 2393 f

428 2402 751 2447 commendavit
776 2404 1009 2463 Apostolus
1031 2406 1222 2449 veritatis
1237 2441 1247 2460 ,
1275 2421 1362 2450 non
1390 2420 1522 2464 quam
1545 2404 1668 2448 finxit
1691 2403 1815 2448 Pela—

429 2474 523 2531 gius
545 2475 675 2519 vestri
698 2484 849 2519 auctor
867 2477 1035 2519 erroris.
1848 2522 1849 2536 ,

486 2547 688 2590 Cxcffl.
725 2548 952 2591 Jcmimus.
993 2566 1011 2588 «
1032 2549 1141 2600 Quae
1159 2547 1311 2593 divisio
1330 2546 1515 2592 naturali
1531 2554 1708 2606 peccato
1727 2562 1814 2589 non
1848 2539 1849 2543 ¹

479 2635 485 2649 ¹
513 2631 605 2662 ltoin.
629 2640 660 2668 v,
693 2628 741 2672 ιζ.
759 2647 798 2653 -
816 2637 827 2652 ²
852 2630 932 2662 lbid.
