1884 3285
422 255 501 294 138
849 262 883 291 s.
920 243 1149 292 Aucusnm
1180 264 1361 292 EPISCOPI

413 333 531 390 J'usto
548 329 696 373 divino
712 327 878 388 judicio
899 328 1233 387 relinquuntur?
1252 328 1335 373 Ubi
1351 327 1467 385 Tyrii
1485 328 1623 373 relicti
1639 339 1796 377 suntet
1840 315 1849 393 J
1880 320 1883 332 ⁴

419 399 597 453 Sidonii,
616 399 691 459 qui
713 399 840 442 etiam
864 398 1040 443 credere
1067 408 1331 458 potuerunt,
1357 400 1391 443 si
1414 398 1520 443 mira
1540 399 1614 444 illa
1635 401 1795 446 Christi
1881 394 1884 400 ¹

414 470 533 527 signa
556 469 776 513 vidissent.
812 469 896 514 Sed
924 469 1128 528 quoniam
1160 478 1208 513 ut
1237 468 1484 524 crederent,
1510 481 1598 513 non
1621 478 1712 514 erat
1736 471 1795 516 eis
1850 472 1853 481 ⁴

414 539 586 594 datum,
612 540 739 583 etiam
762 539 881 582 unde
902 538 1128 582 crederent
1144 547 1208 582 est
1229 547 1450 598 negatum.
1477 541 1541 582 Ex
1553 552 1641 598 quo
1660 550 1796 598 appa·-
1883 554 1884 561 ¹

413 618 476 652 ret
494 609 652 653 habere
674 609 885 669 quosdam
915 610 960 652 in
989 609 1083 667 ipso
1112 610 1286 667 ingenio
1315 610 1512 653 divinum
1541 609 1797 655 naturaliter

413 695 571 723 munus
587 679 907 738 intelligentiae,
929 694 1017 738 quo
1036 690 1296 723 moveantur
1317 679 1371 723 ad
1390 668 1538 734 fidem,
1554 680 1585 723 si
1603 693 1796 738 congrua
1848 683 1854 730 g

412 751 498 794 suis
519 751 752 805 mentibus,
771 749 838 794 vel
857 749 1035 793 audiant
1047 751 1196 805 verba,
1212 750 1281 795 vel
1303 751 1421 809 signa
1445 749 1712 809 conspiciant
1729 759 1796 796 :et
1845 747 1848 753 ’

385 879 387 881 J
411 832 557 866 tamen
579 823 612 866 si
629 823 703 865 Dei
722 822 872 866 altiore
894 822 1076 882 judicio,
1098 838 1119 866 a
1140 822 1393 882 perditionis
1419 836 1552 866 massa
1581 836 1671 865 non
1696 831 1798 866 sunt
1850 822 1856 870 ἱ,

378 883 396 892 λ
411 892 559 950 gratiae
577 891 956 950 praedestinatione
982 892 1175 946 discreti5
1211 907 1290 936 nec
1312 892 1401 951 ipsa
1435 893 1494 936 eis
1532 891 1798 936 adhibentur
1851 887 1854 889 ’

410 962 478 1006 vel
510 963 624 1006 dicta
657 962 801 1006 divina
833 962 902 1006 vel
940 962 1075 1017 facta,
1114 959 1192 1022 per
1219 978 1318 1023 quae
1341 971 1514 1025 possent
1543 962 1736 1018 credere,
1763 962 1798 1006 si
1851 988 1858 1022 '.

410 1032 611 1076 audirent
633 1033 785 1091 utique
809 1032 907 1076 talia
939 1033 1008 1076 vel
1031 1032 1241 1076 viderent.
1274 1036 1322 1076 In
1360 1031 1510 1076 eadem
1543 1032 1798 1091 perditionis

410 1117 548 1145 massa
570 1101 705 1146 relicti
726 1111 827 1146 sunt
840 1103 967 1146 etiam
985 1105 1007 1145 J
1013 1101 1144 1155 udaei,
1165 1103 1239 1162 qui
1253 1117 1342 1146 non
1362 1110 1603 1161 potuerunt
1622 1102 1798 1146 credere

410 1171 537 1215 factis
558 1171 604 1214 in
633 1181 869 1230 conspectu
892 1187 971 1215 suo
993 1180 1080 1215 tam
1103 1173 1268 1230 magnis
1292 1171 1505 1230 clarisque
1541 1171 1792 1219 virtutibus.
1854 1198 1859 1218 Ι;

409 1242 499 1284 Cur
516 1241 629 1284 enim
649 1256 737 1284 non
759 1249 962 1300 poterant
989 1241 1180 1295 credere,
1207 1256 1296 1284 non
1320 1240 1457 1285 tacuit
1480 1238 1765 1300 Evangelium
1782 1275 1794 1298 ‚
1854 1233 1862 1300 ξ

409 1310 571 1363 dicens,
597 1330 615 1351 «
639 1312 750 1355 Cum
775 1320 920 1354 autem
945 1320 1066 1354 tanta
1095 1311 1217 1370 signa
1243 1312 1413 1355 fecisset
1434 1325 1580 1355 coram
1605 1311 1687 1366 eis,
1707 1326 1797 1356 non
1855 1310 1862 1363 ἶ

411 1399 431 1422 »
450 1380 731 1424 crediderunt
761 1382 805 1425 in
829 1397 931 1425 eum
949 1384 980 1438 ¹,
1010 1391 1058 1425 ut
1080 1397 1222 1426 sermo
1252 1383 1372 1426 Isaiae
1393 1383 1619 1441 prophetae
1638 1382 1797 1442 imple·

414 1469 433 1492 »
460 1460 595 1506 retur,
614 1467 742 1512 quem
763 1452 884 1507 dixit,
903 1453 1100 1507 Domine,
1122 1453 1218 1513 quis
1238 1453 1421 1497 credidit
1445 1453 1613 1497 auditui
1629 1462 1792 1510 nostro,
1864 1447 1866 1449 ¹

412 1539 432 1562 »
458 1531 501 1565 et
525 1522 747 1566 brachium
785 1523 955 1567 Domini
985 1523 1055 1567 cui
1088 1524 1327 1567 revelatum
1355 1525 1473 1567 est2?
1494 1526 1550 1568 Et
1577 1523 1676 1568 ideo
1707 1539 1796 1569 non

412 1610 432 1631 ›.=
458 1601 658 1650 poterant
685 1592 882 1646 credere,
908 1594 1008 1652 quia
1039 1594 1196 1637 iterum
1227 1593 1335 1637 dixit
1373 1597 1520 1648 lsa'i'as‚
1555 1595 1797 1639 Excaecavit

412 1679 432 1701 »
458 1661 608 1705 oculos
627 1677 792 1716 eorum⁷
813 1672 855 1705 et
877 1663 1097 1706 induravit
1119 1678 1192 1707 cor
1217 1662 1410 1719 illorum,
1437 1672 1485 1707 ut
1509 1679 1596 1708 non
1619 1663 1796 1708 videant

411 1749 431 1771 »
456 1732 591 1775 oculis
606 1767 616 1786 ‚
636 1748 716 1776 nec
738 1733 985 1790 intelligant
1006 1733 1152 1787 corde,
1175 1742 1217 1776 et
1234 1743 1562 1788 convertantur,
1588 1743 1631 1778 et
1648 1749 1795 1778 sanem

411 1818 431 1841 »
458 1800 552 1844 illos
567 1802 598 1843 3.
623 1819 643 1841 η
662 1804 760 1846 Non
777 1811 898 1845 erant
911 1817 1014 1861 ergo
1032 1803 1091 1846 sic
1114 1804 1312 1846 excaecati
1332 1803 1463 1857 oculi,
1490 1818 1570 1847 nec
1592 1804 1651 1847 sic
1671 1802 1795 1859 induf

407 1878 547 1913 ratum
573 1887 646 1914 cor
670 1872 898 1929 Tyriorum
921 1882 962 1915 et
999 1871 1273 1917 Sidoniorum
1303 1893 1310 1917 :
1349 1872 1556 1932 quoniam
1584 1873 1794 1917 credidis-

407 1950 523 1994 sent,
546 1941 578 1984 si
599 1941 741 2000 qualia
767 1943 970 1986 viderunt
990 1944 1058 1986 isti
1087 1945 1203 2001 signa
1230 1944 1448 1988 vidissent.
1483 1944 1567 1988 Sed
1602 1959 1683 1988 nec
1714 1942 1795 1988 illis

410 2010 573 2069 profuit
604 2012 723 2070 quod
764 2021 964 2070 poterant
987 2013 1183 2067 credere,
1222 2015 1323 2073 quia
1370 2013 1663 2072 praedestinati
1705 2029 1793 2058 non

410 2089 531 2123 erant
553 2080 607 2124 ab
630 2096 680 2124 eo
702 2083 826 2141 cujus
856 2082 1147 2126 inscrutabilia
1172 2092 1273 2126 sunt
1290 2083 1454 2143 judicia
1469 2119 1479 2139 ,
1501 2094 1543 2127 et
1560 2084 1792 2142 investiga-

407 2150 512 2194 biles
536 2151 662 2209 viae43
683 2166 762 2195 nec
786 2152 874 2195 istis
897 2152 1106 2197 obfuisset
1125 2153 1244 2213 quod
1263 2169 1351 2198 non
1374 2163 1574 2214 poterant
1597 2154 1788 2208 credere,

406 2220 439 2262 si
461 2220 517 2264 ita
543 2220 832 2278 praedestinati
856 2231 1018 2276 essent,
1041 2232 1090 2266 ut
1113 2238 1184 2267 eos
1207 2239 1344 2268 caecos
1370 2227 1480 2268 Deus
1508 2224 1790 2280 illuminaret,

407 2301 449 2334 et
479 2290 690 2336 induratis
726 2308 801 2337 cor
831 2293 1052 2353 lapideum
1090 2294 1222 2338 vellet
1255 2295 1441 2339 auferre.
1477 2298 1639 2340 Verum
1671 2295 1792 2355 quod

407 2361 513 2404 dixit
548 2362 755 2405 Dominus
787 2361 842 2406 de
865 2364 1003 2420 Tyriis
1033 2374 1075 2407 et
1107 2354 1316 2420 Sidoniis,
1364 2364 1510 2425 aliquo
1541 2364 1625 2409 alio
1660 2364 1793 2409 modo

408 2441 547 2490 potest
570 2431 757 2477 fortassis
778 2433 962 2493 intelligi
982 2453 990 2479 :
1009 2436 1225 2479 neminem
1250 2444 1396 2480 tamen
1415 2436 1562 2481 venire
1579 2436 1634 2480 ad
1650 2435 1792 2481 Chris-

455 2540 461 2556 ¹
485 2535 576 2566 Joan„
603 2544 666 2575 ιιι,
695 2534 732 2576 37
763 2539 796 2567 et
825 2546 911 2578 seqq.
931 2543 995 2560 —2
1015 2536 1086 2568 lsai.
1108 2547 1176 2575 mn,
1216 2548 1324 2570 11.·-
1343 2536 1357 2559 3
1391 2538 1435 2570 ld.
1459 2549 1504 2578 vi,
1540 2548 1588 2569 10.
1606 2535 1673 2566 -4
1697 2538 1788 2570 Rom.

407 2601 455 2631 xi,
477 2589 531 2623 33.
