1821 3264
459 304 514 332 nn
545 304 659 332 nouo
690 303 1058 334 PERSEVERANTIAE.
1369 297 1451 336 123

69 377 113 417 et
133 370 189 415 ab
220 384 272 414 eo
294 370 370 429 qui
393 368 499 413 dixit
525 387 534 414 :
566 387 585 411 «
616 370 801 413 Omnem
829 370 981 414 flatum
1010 385 1089 428 ego
1108 372 1192 416 feci
1216 374 1248 427 ²,
1275 390 1296 414 »
1322 373 1452 417 unius

69 439 348 501 ejusdemque
365 447 533 482 naturae
554 438 716 482 animas
740 450 997 498 acceperant
1017 443 1034 483 ‘2
1056 443 1211 486 Nonne
1232 451 1452 501 postremo

69 512 243 570 utrique
264 511 406 554 vocati
436 509 612 554 fuerant
630 544 640 564 ‚
673 519 717 554 et
746 519 974 554 vocantem
1010 512 1176 566 secuti,
1201 514 1378 572 utrique
1402 529 1453 558 ex

67 580 209 640 impiis
232 580 483 640 justificati,
509 589 553 623 et
571 594 649 639 per
672 579 894 624 lavacrum
918 582 1256 639 regenerationis
1278 584 1454 643 utrique

67 651 292 695 renovati?
313 650 396 695 Sed
417 651 450 694 si
466 650 560 693 haec
578 649 748 694 audiret
770 649 859 706 ille,
877 650 952 710 qui
970 652 1132 694 sciebat
1148 652 1454 710 proculdubio

67 720 187 780 quod
208 721 403 775 dicebat,
431 720 691 779 respondere
708 730 852 780 posset
864 729 906 764 et
929 721 1072 765 dicere
1086 724 1212 765 :Vera
1225 731 1327 765 sunt
1342 723 1450 775 haec,

66 789 305 834 secundum
323 790 415 834 haec
432 791 577 834 omnia
590 805 642 833 ex
665 791 791 834 nobis
812 800 938 834 erant
953 812 963 848 3
981 800 1284 835 verumtamen
1303 806 1453 836 secun·

68 860 173 904 dum
201 859 327 903 aliam
361 859 595 919 quamdam
625 860 931 904 discretionem
956 876 1045 904 non
1068 869 1192 904 erant
1219 876 1269 904 ex
1297 862 1453 919 nobis;

67 945 165 974 nam
189 930 221 973 si
250 929 434 973 fuissent
461 945 512 972 ex
538 929 661 974 nobis
683 963 694 984 ,
728 931 982 974 mansissent
1017 930 1170 989 utique
1206 931 1451 975 nobiscum.

65 1003 171 1054 Quae
193 1010 256 1044 est
274 1000 450 1045 tandem
466 1000 546 1044 ista
565 1000 792 1045 discretio?
811 1004 967 1045 Patent
987 1000 1087 1044 libri
1109 1001 1213 1058 Dei3
1233 1017 1320 1045 non
1338 1016 1456 1046 aver-

65 1079 208 1115 tamus
230 1081 451 1131 aspectum
479 1091 487 1116 :
520 1072 679 1116 elamat
702 1072 925 1132 Scriptura
955 1071 1100 1116 divina
1121 1107 1132 1126 ,
1168 1071 1455 1116 adhibeamus

65 1141 280 1185 auditum.
314 1144 410 1187 Non
441 1151 564 1186 erant
586 1158 637 1186 ex
663 1143 722 1186 eis
748 1177 759 1197 ,
791 1143 894 1202 quia
933 1158 1021 1186 non
1053 1151 1175 1186 erant
1211 1143 1452 1186 secundum

63 1212 335 1270 propositum
378 1212 518 1256 vocati
558 1231 566 1257 ι
604 1228 694 1256 non
733 1222 859 1257 erant
897 1213 943 1256 in
981 1212 1156 1257 Christo
1196 1212 1322 1256 electi
1355 1222 1456 1257 ante

64 1283 422 1326 constitutionem
445 1282 615 1337 mundi,
639 1299 729 1327 non
752 1293 876 1327 erant
898 1284 942 1326 in
965 1299 1016 1327 eo
1033 1292 1190 1328 sortem
1213 1284 1451 1338 consecuti,

64 1367 153 1396 non
176 1361 299 1396 erant
326 1352 619 1411 praedestinati
650 1354 892 1398 secundum
933 1354 1203 1412 propositum
1228 1356 1319 1413 ejus
1335 1389 1346 1408 ,
1379 1354 1454 1413 qui

69 1424 264 1467 universa
297 1432 517 1481 operatur.
544 1426 652 1468 Nam
685 1425 719 1467 si
744 1425 828 1468 hoc
853 1433 1016 1479 essent,
1041 1439 1090 1467 ex
1113 1423 1196 1467 illis
1220 1434 1387 1479 essent,
1412 1434 1454 1468 et

63 1507 164 1537 cum
187 1492 268 1536 illis
290 1493 381 1536 sine
406 1491 683 1537 dubitatione
707 1494 977 1537 mansissent.

120 1564 265 1606 XXII.
304 1564 359 1606 Ut
379 1562 496 1605 enim
525 1578 616 1607 non
654 1561 827 1618 dicam,
859 1578 991 1624 quam
1019 1563 1072 1607 sit
1103 1562 1308 1622 possibile
1342 1565 1450 1618 Deo,

62 1647 228 1677 aversas
250 1641 294 1676 et
313 1631 512 1677 adversas
545 1633 590 1676 in
626 1632 759 1677 fidem
781 1649 903 1678 suam
938 1632 1166 1677 hominum
1197 1641 1454 1677 convertere

63 1702 323 1757 voluntates,
341 1711 384 1747 et
406 1703 451 1746 in
473 1718 624 1747 eorum
644 1703 849 1748 cordibus
872 1704 1058 1763 operari,
1084 1712 1134 1747 ut
1156 1702 1287 1746 nullis
1307 1702 1453 1746 adver-

62 1775 259 1818 sitatibus
291 1774 448 1817 cedant
472 1808 483 1828 ,
516 1789 595 1818 neo
629 1775 683 1817 ab
712 1774 788 1818 illo
818 1774 961 1834 aliqua
990 1774 1179 1833 superati
1213 1774 1453 1817 tentatione

61 1844 285 1888 discedant
312 1864 323 1902 3
347 1859 448 1887 cum
470 1844 604 1902 possit
632 1853 674 1887 et
703 1845 823 1903 quod
858 1846 917 1888 ait
947 1843 1181 1903 Apostolus
1208 1842 1351 1887 facere
1372 1877 1383 1898 ,
1404 1852 1453 1887 ut

62 1930 150 1959 non
173 1929 245 1958 eos
278 1914 501 1973 permittat
531 1914 689 1958 tentari
721 1929 851 1973 super
885 1914 930 1958 id
953 1913 1074 1973 quod
1103 1922 1286 1972 possunt
1309 1916 1325 1938 ²
1365 1932 1373 1957 :
1403 1922 1453 1957 ut

63 2000 165 2044 ergo
181 1984 226 2028 id
249 2001 338 2030 non
360 1984 662 2039 dicam‚,certe
684 1994 854 2043 poterat
869 1984 964 2040 illos
990 1988 1101 2028 Deus
1119 1984 1348 2042 praesciens
1365 1999 1453 2027 esse

62 2055 282 2115 lapsuros,
308 2064 541 2116 antequam
575 2055 620 2099 id
642 2056 780 2110 fieret,
808 2055 977 2100 auferre
1002 2056 1057 2099 de
1079 2056 1159 2099 hac
1181 2056 1283 2098 vita.
1310 2058 1378 2098 An
1402 2070 1452 2098 eo

64 2127 243 2170 redituri
266 2142 430 2180 sumus,
453 2136 501 2170 ut
526 2125 668 2170 adhuc
687 2125 980 2186 disputemus,
1006 2136 1169 2186 quanta
1186 2124 1453 2170 absurditate

64 2197 261 2255 dicatur,
286 2197 471 2257 judicari
489 2197 687 2241 homines
709 2207 903 2241 mortuos
931 2199 1059 2241 etiam
1088 2196 1142 2240 de
1164 2197 1228 2240 his
1247 2196 1450 2255 peccatis,

63 2282 163 2326 quae
185 2267 403 2326 praescivit
430 2282 502 2311 eos
522 2270 636 2311 Deus
661 2276 985 2326 perpetraturos
1004 2265 1150 2322 fuisse,
1170 2265 1204 2311 si
1223 2267 1418 2310 viverent
1435 2267 1453 2309 Ρ

62 2337 193 2390 Quod
215 2338 272 2381 ita
297 2338 504 2382 abhorret
526 2354 549 2381 a
572 2339 768 2382 sensibus
786 2339 1049 2393 christianis,
1076 2347 1151 2383 aut
1169 2353 1342 2397 prorsus
1365 2338 1451 2380 hu-

62 2409 216 2464 manis,
236 2409 341 2452 utid
358 2409 487 2452 etiam
506 2407 705 2452 refellere
720 2410 896 2468 pudeat.
920 2412 1009 2454 Cur
1026 2410 1139 2453 enim
1156 2424 1245 2453 non
1262 2408 1448 2463 dicatur,

62 2488 105 2523 et
131 2479 270 2538 ipsum
310 2480 596 2538 Evangelium
626 2495 725 2524 cum
760 2490 883 2525 tanto
916 2480 1067 2524 labore
1094 2479 1452 2539 passionibusque

62 2562 308 2595 sanctorum
344 2550 501 2595 frustra
539 2566 628 2594 esse
667 2551 950 2611 praedicatum
980 2586 989 2606 ,
1030 2550 1098 2595 vel
1134 2549 1278 2594 adhuc
1321 2550 1459 2593 etiam*

112 2641 119 2656 ¹
145 2635 215 2666 lsai.
238 2646 314 2673 nvn,
340 2635 387 2667 16.
405 2641 471 2660 --2
491 2636 563 2668 Cor.
585 2646 617 2675 x,
644 2635 694 2668 13.
