1884 3285
465 263 545 303 ⁴08
903 280 936 308 s.
974 283 1204 315 Ausus‘rtm
1241 289 1419 319 muscum

462 338 576 383 tibus
599 341 825 400 aequaliter
845 358 1146 406 censerentur,
1171 362 1220 398 ut
1242 355 1310 398 vel
1332 371 1516 404 numero
1538 365 1837 421 operationum
1878 375 1880 407 ἓ

456 423 577 465 pares
605 420 766 466 essent,
793 429 892 473 quae
922 419 1222 477 operationum
1253 440 1410 484 genere
1432 428 1728 494 dissidebant,
1757 437 1838 483 do-

451 478 643 523 cendum
665 490 779 537 erat,
806 485 935 530 tantis
958 489 1168 546 profuisse
1186 496 1365 552 gratiam
1381 532 1392 553 ‚
1420 502 1593 559 quantis
1617 504 1746 565 culpa
1765 523 1838 554 no·
1879 537 1881 557 ἢ

452 548 611 593 cuisset
631 568 640 594 ε
662 560 711 595 ut
728 556 1000 612 appensionis
1018 557 1156 617 illius,
1177 580 1264 624 qua
1287 567 1612 617 trutinabantur
1627 609 1638 629 ,
1658 578 1837 636 aequitas
1879 579 1881 616 ἓ

449 627 494 662 et
515 631 737 667 momenta
758 636 1021 673 constarent.
1051 633 1291 680 Subvenire
1313 654 1414 697 ergo
1431 639 1585 689 debuit
1602 646 1731 692 etiam
1753 648 1836 696 illis
1880 682 1882 687 >

450 691 630 736 omnino
659 692 764 738 locis
788 695 960 758 illisque
984 703 1179 760 partibus
1207 707 1444 767 medicina,
1477 715 1638 774 quibus
1663 718 1835 765 insede-

447 769 513 804 rat
536 763 772 820 aegritudo,
793 766 836 810 id
864 778 947 825 est,
972 771 1006 815 si
1025 773 1189 834 aliquid
1212 778 1256 821 in
1280 781 1470 827 motibus
1491 787 1766 845 genitalium,
1788 791 1832 838 in

446 831 640 876 sensibus
663 837 935 895 coeuntium,
962 841 1006 885 in
1024 844 1311 894 obscoenitate
1328 854 1644 913 membrorum,
1664 859 1709 904 in
1726 860 1832 906 infe·
1882 875 1884 879 ’

442 898 604 944 licitate
627 906 898 952 nascentium
913 944 925 965 ,
946 913 1176 973 antiquum
1194 920 1358 965 crimen
1375 923 1580 971 effecerat
1593 962 1603 982 ‚
1626 928 1832 978 immuta-

443 970 560 1014 tione
578 972 734 1018 horum
760 993 859 1036 quae
880 978 1087 1039 diximus,
1114 991 1303 1034 remedia
1325 994 1577 1041 contulisset
1602 1017 1611 1043 ε
1637 998 1831 1060 alioquin

441 1041 603 1096 grande
627 1047 922 1095 testimonium
942 1052 1172 1099 imbecillae
1190 1061 1290 1103 artis
1309 1097 1319 1115 ,
1343 1063 1544 1124 nihilque
1561 1070 1826 1128 profuturae,

438 1126 518 1155 nec
549 1111 695 1158 locum
725 1119 994 1174 aegritudinis
1015 1124 1254 1183 invenisse,
1287 1139 1329 1174 et
1365 1132 1676 1193 languentibus
1708 1156 1830 1186 ever-

438 1182 580 1240 sisque
613 1187 901 1244 naturalibus,
932 1192 1085 1239 inertia
1120 1197 1313 1246 fomenta
1347 1203 1647 1253 voluntatibus
1675 1212 1828 1258 admo·
1882 1230 1884 1234 ’

437 1251 558 1295 visse.
581 1271 600 1293 »

495 1324 607 1365 Auci
625 1343 786 1371 ὅπως.
825 1331 921 1374 Jam
939 1347 1191 1394 responsum
1213 1350 1293 1396 est,
1310 1357 1407 1386 cum
1427 1344 1481 1389 de
1499 1345 1703 1395 distantia
1719 1367 1824 1411 prae-
1882 1346 1884 1400 ἶ

429 1392 561 1436 sentis
584 1403 627 1438 et
659 1395 798 1441 futuri
825 1402 971 1446 saeculi
996 1404 1130 1451 locuti
1152 1424 1316 1456 sumus.
1346 1414 1425 1458 Hic
1450 1417 1565 1462 enim
1587 1421 1820 1480 accipimus
1882 1474 1884 1489 ι

430 1476 506 1520 per
529 1464 685 1522 pignus
710 1469 894 1527 Spiritus
911 1508 921 1527 ,
943 1484 985 1519 et
1001 1478 1196 1523 certandi
1218 1491 1261 1526 et
1279 1483 1482 1530 vincendi
1499 1489 1610 1534 vires
1632 1510 1641 1536 :
1666 1492 1726 1537 ibi
1743 1510 1818 1538 au-

426 1539 538 1588 tem,
574 1535 666 1580 sine
701 1538 823 1584 hoste
858 1543 948 1588 ullo
983 1555 1161 1593 externo
1198 1559 1240 1594 et
1275 1552 1473 1612 interno,
1518 1557 1731 1606 ineffabili
1771 1581 1821 1610 ac

426 1603 688 1661 sempiterna
723 1623 827 1666 pace
855 1612 1146 1671 perfruemur.
1174 1621 1378 1682 Quisquis
1411 1640 1513 1685 ergo
1543 1631 1690 1676 omnia
1719 1649 1820 1693 quae
1883 1628 1884 1638 ¹

423 1670 484 1713 ibi
508 1672 710 1720 habenda
732 1689 833 1724 sunt
852 1715 863 1735 ‚
889 1682 958 1727 hic
981 1685 1076 1730 vult
1103 1687 1286 1746 habere,
1312 1693 1444 1739 fidem
1465 1711 1510 1741 se
1541 1698 1705 1746 indicat
1726 1719 1815 1749 non

422 1741 597 1787 habere.

479 1813 655 1859 CXLII.
691 1820 918 1868 JULIANLS.
961 1843 981 1867 «
1006 1828 1207 1875 Ostendit
1225 1842 1370 1878 autem
1389 1836 1503 1882 inter
1520 1840 1614 1886 haec
1633 1844 1808 1902 veritas,

418 1883 518 1940 quia
553 1887 631 1930 etsi
664 1890 886 1947 prodesset
908 1895 1046 1942 effusa
1076 1903 1336 1958 generaliter
1371 1908 1588 1956 medicina
1618 1915 1809 1962 motibus

417 1960 549 2012 atque
571 1957 826 2005 mortalibus
842 1997 852 2017 ,
883 1964 967 2009 illis
990 1983 1168 2029 quoque
1189 1974 1261 2033 qui
1287 1989 1383 2020 eam
1412 1979 1536 2025 nullo
1553 1983 1698 2028 studio
1729 2002 1810 2031 nec

416 2021 502 2066 ulla
533 2025 776 2074 intentione
803 2035 1083 2097 meruissent,
1110 2056 1199 2087 non
1231 2053 1373 2090 tamen
1397 2050 1606 2097 continuo
1630 2067 1806 2102 noceret

410 2234 581 2293 catique
604 2241 787 2298 taxatio,
807 2244 998 2293 clarebat
1016 2260 1162 2297 tamen
1179 2290 1189 2311 ,
1213 2271 1266 2299 ne
1284 2266 1376 2303 tum
1395 2262 1570 2320 quidem
1590 2266 1800 2325 ejusmodi

410 2307 717 2363 appensionem
741 2327 791 2356 eo
815 2330 951 2376 usque
974 2332 1170 2369 constare
1185 2361 1196 2381 ,
1223 2337 1272 2371 ut
1294 2331 1524 2392 quisquam
1554 2338 1669 2381 nasci
1692 2355 1796 2398 pro-

411 2374 585 2421 baretur
609 2394 721 2425 reus.
751 2401 770 2423 »

466 2451 756 2498 Aversa-inis.
806 2458 857 2501 In
895 2459 969 2506 illo
1001 2465 1117 2520 gravi
1145 2467 1252 2527 jugo
1275 2505 1284 2524 ,
1324 2488 1413 2531 quo
1453 2476 1582 2521 etiam
1622 2481 1793 2538 parvuli

406 2530 679 2576 premuntur,
704 2529 926 2583 quomodo
954 2543 1015 2576 cst
1041 2535 1183 2593 justus
1218 2542 1342 2595 Deus,
1368 2544 1400 2586 si
1430 2545 1575 2592 nullus
1602 2551 1791 2595 nascitur

403 2590 531 2629 reus?
