1884 3285
1844 121 1852 212 ξ

442 205 522 242 192
863 217 896 240 s.
932 213 1043 241 AUGL
1040 216 1162 243 snm
1195 216 1281 243 Eris
1284 217 1376 243 com
1845 196 1851 264 f

435 253 778 355 disputationum
802 278 1029 324 anfiaetus
1065 281 1309 335 errabitur,
1335 289 1569 325 etcertum
1601 282 1721 341 quod.
1750 289 1853 327 te·
1877 342 1879 347 Ι

433 348 528 391 neri
551 348 709 392 debeat
725 349 964 407 apparebit.
987 368 1007 391 »

494 421 785 464 Atoiswmts.
824 420 928 464 Ideo
962 430 1109 465 centra
1139 437 1277 466 unum
1315 422 1477 467 librum
1511 437 1657 467 meum
1687 406 1853 492 libros}

435 497 536 533 octo
553 490 802 548 scripsisti1,
822 492 923 551 quia
944 507 1019 551 per
1037 502 1110 537 tua
1129 493 1385 553 compendia
1404 493 1626 539 dialectiea
1641 494 1718 539 diu
1730 494 1854 539 dis-¹
1877 495 1881 505 ⁴

435 568 590 618 putare
613 559 802 605 noluisti.
1847 520 1857 612 i
1878 587 1881 605 ‹

495 631 676 675 XXXV.
700 634 924 677 ἄτιμα-ηε.
965 652 984 675 (ι
1018 636 1234 679 Creatoris
1268 635 1338 678 hie
1375 635 1505 692 igitur
1536 644 1578 679 et
1611 644 1820 680 creaturae
1879 638 1881 644 '

434 700 544 744 ratio
563 701 760 756 vertitur,
785 702 831 746 id
848 712 927 757 est,
948 704 1026 747 Dei
1046 714 1087 748 et
1101 706 1287 749 hominis
1315 725 1322 749 ε
1343 704 1510 764 judicat
1530 705 1627 761 ille,
1648 706 1820 765 judica·
1849 739 1854 771 t
1876 709 1881 718 ''

433 779 507 814 tur
527 771 607 814 iste
633 790 642 815 ι
667 772 815 831 itaque
826 773 1007 832 justitiae
1022 783 1065 818 et
1082 775 1224 833 culpae
1241 791 1340 835 quae
1358 775 1411 819 sit
1433 783 1588 818 natura
1604 775 1817 820 videatur.
1848 780 1853 832 ζ

427 839 607 886 Justitia
621 851 699 896 est,
726 851 769 886 et
796 852 845 887 ut
863 844 918 888 ab
933 845 1110 889 eruditis
1133 845 1301 890 definiri
1323 846 1446 899 solet,
1468 855 1511 889 et
1531 855 1582 890 ut
1598 861 1677 890 nos
1693 845 1823 891 intel·
1849 850 1855 902 ξ

431 910 567 970 ligere
585 928 841 970 possumus,
867 915 1002 959 virtus
1014 916 1109 973 ,(si
1132 931 1208 993 per
1233 919 1399 961 Stoicos
1420 916 1546 960 liceat
1568 916 1691 960 alteri
1713 917 1857 967 alte-²⁸

431 996 524 1025 ram
550 982 779 1041 praeferre)
802 985 1015 1029 virtutum
1042 987 1237 1030 omnium
1273 988 1460 1030 maxima
1497 986 1685 1046 iungens
1722 974 1856 1059 (ΗΠ-Ξ

431 1062 585 1110 gentei
604 1055 751 1100 officio
765 1056 820 1101 ad
839 1056 1154 1102 iestituendum
1170 1073 1246 1102 sua
1272 1058 1522 1117 unicuique,
1544 1058 1635 1102 sine
1650 1040 1855 1113 fraude?
1850 1081 1855 1124 3

424 1122 524 1167 Sine
548 1125 698 1183 gratia.
724 1144 744 1167 »
1850 1139 1855 1192 ξ

490 1198 785 1241 Amisum-,s
814 1198 891 1241 Dic
924 1212 1026 1256 eigo
1055 1198 1324 1257 quajustitia
1347 1198 1612 1242 retiibutum
1645 1200 1700 1244 sit
1723 1214 1855 1258 par·
1856 1228 1857 1231 =

430 1263 542 1307 vulis
565 1279 693 1322 grave
705 1267 863 1326 jugum
882 1276 970 1311 tam
995 1282 1161 1326 magnae
1176 1268 1506 1347 manifestaeque
1527 1269 1740 1314 miseriae:
1757 1266 1870 1314 dic
1850 1285 1871 1319 5

428 1350 515 1394 qua
527 1336 694 1395 justitia
720 1336 795 1381 ille
815 1338 1026 1397 parvulus
1053 1340 1325 1399 adoptetur
1315 1356 1361 1384 m
1383 1340 1620 1400 baptismo,
1641 1340 1714 1385 ille
1733 1341 1824 1385 sine
1850 1347 1855 1372 ¹

428 1405 510 1450 hae
528 1407 764 1467 adoptione
780 1410 1019 1468 moriatur3
1045 1425 1124 1454 cur
1150 1426 1239 1454 non
1263 1411 1316 1455 sit
1341 1410 1555 1455 ambobus
1583 1412 1724 1456 honor
1745 1411 1852 1454 iste
1851 1418 1884 2674 ἒί

427 1479 694 1534 communis,
721 1488 798 1524 aut
815 1480 870 1524 ab
891 1482 973 1525 isto
990 1446 1157 1526 honore
1175 1481 1402 1537 alienatio,
1424 1497 1526 1526 cum
1539 1483 1594 1526 sit
1609 1481 1823 1526 ambobus

426 1564 504 1593 seu
524 1550 643 1595 bona
669 1566 747 1595 seu
762 1551 877 1595 mala
898 1567 1028 1597 causa
1048 1555 1306 1597 communis
1331 1556 1429 1599 Non
1459 1553 1586 1608 dicis,
1618 1553 1720 1613 quia
1743 1567 1824 1597 nec

426 1620 506 1663 Dei
533 1621 741 1678 gratiam,
767 1637 848 1668 nec
875 1622 953 1666 Dei
984 1623 1198 1682 justitiam
1229 1624 1362 1669 homo
1395 1624 1530 1683 magis
1568 1623 1825 1682 Pelagianus
1851 1630 1858 1694 ξ

425 1705 560 1749 quam
582 1692 855 1738 Christianus
877 1693 1008 1754 sapis.
1851 1698 1856 1774 l

485 1762 691 1806 XXXVI.
713 1766 767 1807 Jt
774 1780 902 1809 mam
907 1786 940 1810 s.
974 1785 994 1808 «
1022 1764 1153 1816 Quod
1175 1765 1208 1808 si
1232 1779 1326 1808 eam
1349 1765 1578 1809 maximam
1599 1764 1684 1808 dici
1708 1766 1824 1809 Zeno

426 1845 516 1876 non
540 1832 714 1888 siverit,
740 1835 816 1895 qui
847 1845 1014 1881 tantam
1047 1835 1263 1881 virtutum
1290 1835 1492 1894 copulam
1522 1836 1825 1895 unitatemque

420 1902 678 1958 confirmat,
700 1913 750 1948 ut
772 1905 848 1949 ubi
871 1904 1006 1950 fuerit
1023 1923 1132 1962 una,
1155 1920 1304 1949 omnes
1322 1905 1438 1949 dicat
1458 1905 1606 1950 adesse
1624 1906 1820 1960 virtutes,
1852 1927 1859 1968 ι

422 1981 469 2016 et
489 1973 672 2018 ubiuna
692 1990 784 2019 non
803 1976 962 2031 fuerit,
988 1993 1141 2022 omnes
1171 1977 1342 2034 deesse·
1375 1985 1505 2035 atque
1537 1976 1655 2021 illam
1680 1990 1825 2020 veram
1851 1972 1858 2036 ξ

425 2058 514 2087 esse
546 2045 782 2100 vir,tutem
820 2063 920 2106 quae
956 2049 1036 2092 hae
1076 2046 1281 2109 quadrua
1313 2047 1543 2106 jugalitate
1570 2047 1821 2106 perficitur:
1851 2038 1857 2128 ξ

426 2124 532 2159 tunc
552 2132 729 2175 quoque
756 2080 882 2162 riobis
916 2117 1156 2177 plurimum
1180 2118 1403 2180 praebebit
1424 2118 1594 2172 auxilii,
1622 2133 1723 2162 cum
1742 2117 1826 2162 do-
1851 2130 1858 2196 ἰ

427 2187 591 2240 cuerit,
632 2203 710 2232 nec
742 2187 1019 2247 prudentiam
1036 2225 1047 2244 ,
1083 2206 1163 2234 nec
1191 2187 1527 2243 fortitudinem,
1554 2204 1633 2233 nec
1655 2197 1858 2248 tempe-¹

429 2257 612 2302 rantiam
651 2273 773 2317 posse
809 2260 899 2303 sine
925 2261 1093 2319 justitia
1136 2260 1379 2318 contineri3
1410 2260 1651 2304 secundum
1692 2274 1854 2321 quam

428 2328 651 2372 veritatem
675 2338 717 2372 et
739 2329 1016 2375 Ecclesiastes
1042 2333 1321 2389 pronuntiat,
1348 2331 1470 2383 «Qui
1499 2330 1544 2373 in
1567 2346 1656 2375 uno
1673 2345 1857 2390 pecca-

430 2414 450 2438 »
477 2398 610 2453 verit,
637 2398 774 2443 multa
795 2399 908 2444 bona
931 2400 1125 2459 perdet2.
1156 2420 1174 2442 »

487 2472 778 2513 Atetsnms.
832 2469 948 2514 Audi
989 2472 1194 2516 eumdem
1233 2471 1531 2518 Ecclesiasten
1568 2471 1820 2517 dicentem:

478 2558 486 2576 ¹
508 2555 624 2586 Contra
638 2553 694 2592 lib,
714 2565 735 2587 11
753 2555 793 2589 de
811 2555 934 2599 Nuptiis
953 2561 986 2589 et
1001 2557 1192 2600 Concupisc.
1209 2575 1249 2584 -·-·
1267 2565 1279 2581 2
1301 2558 1413 2591 Eccle.
1435 2569 1482 2602 ix,
1504 2562 1553 2594 18.
