1821 3264
62 351 519 369 WMssvmm=uwm=Wssn
526 350 729 366 νὶΜῶἱΜωὶ
735 350 799 364 ννῑὶ
804 350 1010 365 ΊΛἋΛΝἉΝἏῚ
1016 350 1151 365 mm!
1155 350 1429 366 mssflmmmflm

370 546 1124 614 ANNOTATIONES.

468 1011 723 1051 Armorum
746 1004 809 1063 (1)
830 1019 928 1065 pag.
958 1007 1027 1048 64.

116 1178 374 1224 Revelatum
404 1178 449 1221 id
479 1177 560 1221 sibi
597 1192 620 1220 a
654 1178 743 1220 Deo
775 1174 907 1232 dicit3
938 1174 1040 1233 quia
1073 1187 1161 1216 non
1192 1172 1367 1229 ingenio
1397 1180 1441 1215 et

55 1250 277 1309 sagacitati
308 1264 420 1303 suae,
459 1246 534 1291 sed
555 1246 713 1291 divinae
742 1245 888 1304 gratiae
916 1244 1134 1302 adjutorio
1157 1242 1439 1285 tribuendum

55 1322 209 1376 sentit,
243 1321 361 1380 quod
387 1320 471 1364 hoc
499 1319 639 1377 ipsum
662 1315 716 1360 de
738 1332 826 1374 quo
851 1315 974 1358 aliter
995 1313 1215 1372 sapiebat,
1242 1312 1440 1355 conside-

56 1401 150 1437 rato
168 1391 374 1436 attentius
396 1387 592 1448 Apostoli
616 1386 864 1431 testimonio
882 1384 1059 1429 tandem
1074 1382 1347 1428 intellexerit.

450 1562 705 1603 Anno-rum
727 1559 788 1613 (2)
808 1570 908 1615 pag.
945 1560 1043 1598 171.

114 1735 259 1777 Hocce
281 1729 366 1775 fuit
382 1727 587 1773 ultimum
607 1724 840 1784 Augustini
856 1738 986 1783 opus,
1010 1722 1053 1766 in
1070 1736 1159 1781 quo
1182 1719 1333 1763 beatus
1350 1732 1442 1776 gra-

54 1805 125 1848 tiae
147 1801 307 1848 Christi
329 1797 487 1844 vindex
502 1833 513 1851 ‚
539 1796 645 1841 dum
668 1794 860 1839 haeretici
884 1796 907 1837 J
913 1792 1045 1837 uliani
1076 1805 1176 1835 eum
1200 1788 1345 1833 denuo
1367 1802 1441 1845 ag-

55 1873 287 1934 gredientis
309 1872 521 1930 impetum
543 1866 818 1926 comprimit,
848 1864 1045 1908 nondum
1068 1861 1266 1906 absoluto
1289 1859 1441 1903 eodem

54 1960 184 2006 opere
202 1979 213 1999 ‚
237 1951 377 1988 morte
399 1947 639 1999 occupatur
655 1972 665 1992 ‚
691 1946 735 1980 et
757 1951 780 1979 e
797 1934 939 1978 medio
966 1932 1199 1978 certamine
1223 1929 1277 1974 ad
1299 1928 1441 1988 perci-

54 2015 258 2078 piendam
279 2026 484 2058 coronam
504 2018 683 2055 vocatur
699 2007 745 2051 in
763 2006 942 2051 coelum.

114 2084 312 2131 Julianus
329 2086 524 2129 Memore
544 2095 592 2124 ac
608 2081 632 2123 J
639 2077 780 2122 uliana
795 2112 806 2131 ,
837 2085 1025 2134 utroque
1043 2081 1221 2133 parente
1254 2070 1308 2114 ab
1341 2068 1439 2128 opi-

55 2158 186 2203 nione
201 2157 371 2217 pietatis
387 2153 519 2207 claro,
538 2158 777 2211 prognatus
795 2157 871 2192 est.
894 2149 1130 2191 Memorem
1149 2151 1264 2187 certe
1279 2140 1441 2185 Marius

55 2231 270 2274 Mercator
296 2227 341 2269 in
365 2220 700 2269 commonitorio
723 2216 1082 2262 subnotationum
1109 2214 1151 2257 in
1176 2210 1332 2270 scripta
1363 2212 1443 2252 Ju-

56 2299 183 2353 liani,
208 2306 389 2342 sanctae
413 2310 474 2339 ac·
499 2292 651 2337 beata)
676 2286 1022 2335 reeordationis
1046 2284 1338 2343 episcopum,
1364 2281 1443 2322 Ju-

55 2369 213 2415 lianam
231 2378 376 2413 autem
394 2364 598 2411 Memoris
615 2362 864 2421 conjugem,
880 2356 1168 2417 primariam
1175 2351 1442 2413 foeminam

57 2449 202 2494 vocat,
224 2454 319 2497 qua
343 2431 485 2491 nihil,
511 2435 569 2478 ait
585 2469 595 2488 ,
624 2430 863 2476 honestius
886 2429 1008 2471 inter
1029 2420 1439 2469 reverantissz'nzas

58 2518 309 2554 matronas
334 2505 547 2551 invenias
567 2520 577 2547 .·
599 2512 730 2561 atque
752 2515 849 2543 mox
870 2498 923 2540 de
946 2498 1137 2540 Memore
1157 2488 1281 2535 simul
1302 2504 1349 2532 ac
1368 2489 1439 2530 Ju-

58 2581 172 2625 liana
195 2579 405 2639 loquens,
434 2575 518 2633 qui
535 2581 758 2626 sanctos,
792 2568 954 2627 inquit,
984 2562 1168 2609 illorum
1199 2559 1455 2604 Ιιοιηίηιιιη·
