1884 3285
442 291 525 330 436
876 297 908 324 s.
948 298 1175 324 AUGUSTINI
1211 298 1389 323 EPISCOPI

1860 191 1867 289 Μ

436 372 665 425 peccatum
683 362 881 407 videatur
903 362 1130 406 ostendere
1156 382 1167 420 3
1196 361 1270 406 sed
1290 380 1307 400 «
1328 361 1374 405 in
1398 375 1486 420 quo
1513 378 1533 402 »
1559 376 1707 406 omnes
1729 377 1824 421 pec·
1882 380 1884 382 ·

436 445 582 481 cantes
603 433 872 492 intelligatur
893 432 1144 492 exprimere,
1166 451 1186 474 »

495 512 786 554 Aret-smnus.
822 504 953 563 Aperi
975 502 1123 547 oculos
1145 522 1153 547 :
1174 503 1219 546 in
1240 502 1380 547 Adam
1398 516 1546 546 omnes
1559 502 1821 559 moriuntur,

434 581 481 625 in
496 595 585 640 quo
607 579 641 622 si
670 592 760 621 non
790 583 892 619 sunt
913 573 1075 618 mortui
1100 571 1266 632 parvuli
1286 608 1296 628 ,
1322 588 1402 617 nec
1421 573 1466 616 in
1487 572 1659 617 Christo
1679 573 1823 617 vivifi-

433 659 590 697 cantur
611 683 622 704 ,
655 656 703 691 ut
737 644 845 706 quid
878 659 979 689 cum
1001 643 1062 687 eis
1084 643 1145 687 ad·
1175 643 1438 702 baptismum
1473 643 1746 688 vivificatoris
1781 654 1824 688 et

432 720 657 767 salvatoris
691 716 968 763 simulatione
999 714 1238 758 damnabili
1259 714 1427 758 curritis
1446 748 1457 769 ⁷
1484 729 1594 774 quos
1619 715 1736 760 vivos
1757 731 1823 759 sa·

433 807 601 852 nosque
619 787 848 835 clamando
869 786 1076 833 vivificari
1094 786 1320 846 sanarique
1342 801 1431 829 non
1446 784 1578 829 vultis
1599 786 1618 828 Ρ

492 862 705 907 CLXXV.
743 862 1000 903 humisa
1036 858 1197 900 Omnes
1233 865 1378 900 autem
1410 870 1490 914 pro
1513 854 1659 899 multis
1688 857 1820 914 poni,

428 933 660 976 innumera
701 929 1020 989 Scripturarum
1052 926 1250 986 exempla
1291 935 1506 970 testantur
1526 961 1536 980 ,
1578 925 1820 970 secundum

425 1003 538 1048 illud
556 1022 564 1049 ε
581 1003 775 1046 «Omnes
791 999 1137 1053 declinaverunt,
1154 999 1283 1051 simul
1304 997 1481 1042 inutiles
1504 996 1606 1041 facti
1628 1007 1728 1042 sunt
1748 1001 1779 1042 ¹:
1800 1016 1818 1039 »

426 1083 469 1119 et
489 1084 587 1134 post
615 1088 753 1133 pauca
780 1092 788 1117 ;
825 1090 844 1113 «
875 1071 960 1124 Qui
993 1070 1234 1125 devorant,
1262 1069 1438 1129 inquit,
1469 1068 1643 1127 plebem
1661 1084 1818 1123 meam,

426 1161 448 1186 »
469 1145 579 1189 sicut
598 1145 746 1188 cibum
760 1142 884 1201 panis
899 1145 916 1167 ‘²
938 1160 946 1185 :
970 1160 989 1182 «
1010 1139 1258 1195 ostendens,
1284 1140 1339 1184 ab
1362 1138 1445 1183 illis
1471 1140 1691 1194 omnibus,
1712 1154 1821 1200 quos

420 1214 586 1259 malum
607 1213 966 1273 pronuntiaverat
989 1211 1180 1270 operari,
1212 1211 1324 1255 hanc
1352 1209 1526 1269 plebem
1561 1210 1692 1255 fuisse
1730 1210 1820 1254 dis-

422 1293 600 1328 cretam.
638 1286 692 1327 In
729 1280 964 1340 Evangelio
1006 1280 1194 1326 refertur
1229 1300 1238 1326 z
1280 1300 1298 1321 «
1341 1283 1397 1324 Et
1431 1279 1648 1324 clamabat
1682 1281 1822 1325 omnis

424 1371 444 1395 »
472 1352 676 1413 populus,
701 1351 934 1410 Crucifige‚
960 1351 1164 1410 crucifige
1187 1353 1218 1393 3.
1245 1368 1264 1391 n
1291 1353 1347 1394 Et
1369 1359 1515 1394 tamen
1539 1350 1819 1409 generalitate

419 1424 544 1468 verbi
585 1424 713 1483 hujus
747 1437 1025 1482 nequaquam
1057 1432 1133 1465 aut
1158 1420 1387 1480 Apostoli,
1414 1430 1488 1465 aut
1520 1420 1784 1466 Nicodemus
1805 1456 1815 1476 ,

421 1503 498 1538 aut
529 1503 689 1538 sanctae
725 1493 927 1536 mulieres
952 1491 1241 1536 includuntur
1263 1492 1294 1535 4.
1327 1492 1408 1535 Hic
1443 1491 1534 1550 ipse
1562 1491 1815 1550 Apostolus,

420 1580 530 1624 quos
548 1578 667 1608 nunc
688 1562 796 1607 dixit
819 1577 985 1617 omnes,
1010 1562 1143 1621 paulo
1166 1571 1263 1621 post
1285 1561 1425 1606 multo
1444 1562 1656 1606 nominat.
1677 1581 1696 1603 n

479 1636 770 1678 Atotstrmus.
809 1632 876 1676 Ad
893 1633 977 1676 hoc
994 1633 1083 1691 jam
1103 1647 1357 1691 responsum
1376 1641 1454 1686 est,
1473 1647 1561 1676 non
1576 1647 1818 1692 repugnare

419 1703 621 1747 omnibus
644 1702 806 1746 multos
826 1737 836 1756 ‚
858 1702 960 1761 quia
996 1702 1076 1761 ipsi
1106 1717 1256 1746 omnes
1279 1717 1368 1746 non
1400 1704 1527 1761 pauci
1547 1737 1557 1757 ‚
1591 1702 1666 1746 sed
1688 1696 1817 1746 multi

420 1782 536 1817 sunt.
562 1776 619 1817 Et
640 1772 762 1832 quod
780 1772 834 1816 de
855 1772 1027 1817 Psalmo
1050 1773 1424 1817 commemorasti:
1454 1791 1473 1813 «
1499 1774 1660 1816 Omnes
1682 1771 1816 1817 decli·

427 1861 448 1885 »
465 1842 839 1901 naverunt,simul
860 1843 1036 1887 inutiles
1060 1842 1161 1888 facti
1177 1846 1350 1900 sunt53»
1368 1859 1541 1902 prorsus
1558 1859 1707 1887 verum
1724 1853 1811 1888 est:

419 1913 531 1958 filios
549 1914 712 1974 quippe
728 1913 975 1968 hominum,
996 1914 1071 1973 qui
1087 1913 1415 1958 declinaverunt
1431 1929 1596 1966 omnes,
1613 1914 1814 1959 discrevit

419 1999 442 2028 a
465 1983 562 2028 filiis
591 1985 669 2029 Dei
689 2020 700 2040 ,
723 1999 832 2045 quos
850 1999 939 2029 non
962 1984 1229 2028 declinantes
1251 1984 1534 2028 devorabant.
1562 1987 1676 2028 Deus
1697 1986 1811 2028 enim

418 2055 606 2114 respexit
630 2070 761 2114 super
785 2053 896 2098 filios
918 2055 1148 2098 hominum
1172 2074 1180 2099 ι
1207 2055 1250 2098 hi
1273 2070 1423 2099 omnes
1450 2054 1779 2100 declinaverunt
1799 2076 1810 2112 3

420 2124 474 2168 ab
493 2125 551 2168 eis
574 2126 737 2185 quippe
760 2125 930 2185 excepti
948 2134 1050 2169 sunt
1071 2125 1148 2168 filii
1173 2125 1263 2168 Dei.
1291 2128 1354 2169 Ex
1376 2125 1441 2169 his
1464 2139 1564 2183 ergo
1587 2125 1811 2170 declinan-

417 2194 534 2238 tibus
558 2197 762 2241 omnibus
779 2196 878 2241 filiis
899 2197 1144 2251 hominum,
1160 2206 1251 2240 erat
1272 2197 1402 2240 etiam
1417 2195 1489 2239 ille
1509 2197 1648 2240 omnis
1670 2212 1811 2256 popu-

416 2262 486 2307 lus
515 2265 592 2324 qui
615 2264 859 2320 clamabat,
892 2267 1109 2325 Crucifige
1126 2301 1137 2321 ,
1171 2267 1392 2325 crucifige.
1420 2266 1488 2310 Ad
1509 2268 1626 2311 hunc
1647 2267 1810 2326 quippe

418 2335 632 2394 populum
663 2335 786 2381 nullo
809 2336 940 2380 modo
961 2337 1022 2380 illi
1041 2372 1050 2392 ‚
1085 2339 1161 2397 qui
1178 2338 1264 2396 jam
1289 2337 1335 2380 in
1367 2337 1587 2382 Christum
1609 2338 1808 2382 credide-

416 2415 531 2461 rant,
553 2407 846 2465 pertinebant.
875 2407 986 2451 Hinc
1005 2417 1046 2451 te
1068 2424 1202 2462 exue,
1222 2409 1255 2451 si
1278 2417 1400 2467 potes
1418 2443 1428 2462 ,
1449 2408 1569 2467 quod
1594 2424 1708 2452 unus
1729 2425 1808 2468 pro

417 2476 619 2521 omnibus
638 2486 837 2521 mortuus
852 2486 915 2522 est
929 2498 939 2535 3
955 2477 1122 2522 etaude
1136 2477 1294 2534 dicere,
1312 2493 1400 2522 non
1423 2493 1572 2523 omnes
1593 2489 1803 2536 mortuos,

465 2584 474 2599 ¹
507 2579 587 2611 Psal.
614 2590 684 2621 xm,
706 2580 735 2612 3.
756 2598 793 2602 --
813 2586 824 2603 ²
841 2579 922 2612 lbid.
947 2580 979 2622 4.
994 2598 1033 2604 -
1050 2579 1063 2604 3
1081 2581 1191 2614 Mauh.
1217 2592 1319 2614 xxvu.
1336 2597 1373 2604 --
1392 2580 1406 2604 ⁶
1426 2583 1502 2613 Luc.
1523 2581 1610 2614 xxiii.
1626 2599 1662 2606 ·-
1680 2581 1695 2605 ⁵
1721 2582 1801 2615 Psal-

412 2642 480 2672 xm,
502 2631 533 2665 3.

1866 596 1884 709 ιζ

1879 2077 1884 2307 ι
