1821 3264
441 227 493 251 DE
529 226 640 252 nono
674 224 1043 252 PERSEVERANTIAE.
1352 218 1427 255 161

0 307 3 332 ι
51 303 145 343 nos,
171 297 214 332 et
235 287 402 333 fecisset
426 288 654 333 dilectores
677 289 801 331 suos?
825 290 1030 347 quoniam
1059 290 1243 335 charitas
1267 306 1317 335 ex
1342 293 1436 352 ipso

0 384 2 402 ÷
52 369 115 404 est
133 379 142 403 :
160 359 270 402 sicut
292 358 497 403 dixerunt
518 374 626 418 quos
647 356 751 401 feeit
773 373 968 417 magnos,
995 375 1083 404 non
1105 362 1242 406 solum
1266 372 1434 407 amato-

0 448 5 455 ’
52 443 132 483 res,
158 443 308 472 verum
329 429 457 473 etiam
479 427 781 488 praedicatores
804 443 903 472 suos
920 431 949 471 ¹.
978 430 1094 481 Quid
1117 440 1179 474 est
1201 441 1343 476 autern
1368 433 1436 476 in-

52 499 229 558 gratius,
255 514 385 558 quam
410 515 567 557 negare
584 499 718 557 ipsam
739 498 917 554 gratiam
938 500 1030 553 Dei,
1053 499 1239 546 dicendo
1257 518 1349 546 eam
1369 519 1435 547 sc-

0 585 4 615 :
51 569 243 613 cundum
281 569 435 612 merita
472 579 617 613 nostra
654 567 777 611 dari?
815 569 940 619 Quod
976 569 1020 612 in
1056 568 1292 628 Pelagianis
1328 572 1434 616 fides

0 658 3 683 t
51 638 259 683 catholica
297 640 547 692 exhorruit,
584 637 703 698 quod
739 638 816 695 ipsi
854 637 1024 695 Pelagio
1054 639 1238 698 capitale
1271 642 1435 685 crimen

0 721 13 752 i·
50 708 208 767 objecit
234 727 243 752 t
265 708 386 768 quod
407 709 498 768 ipse
522 707 735 765 Pelagius,
763 722 851 750 non
874 706 1052 766 quidem
1075 723 1221 753 amore
1245 711 1435 754 veritatis

0 815 5 822 ,.
49 778 156 831 Dei,
182 777 257 821 sed
281 788 423 822 tamen
446 794 533 822 suae
556 777 844 822 damnationis
873 778 1025 821 timore
1047 776 1282 824 damnavit.
1310 782 1434 833 Quis-

4 906 5 909 *
49 847 143 908 quis
175 857 320 891 autem
346 848 488 891 dicere
514 848 694 905 gratiam
731 847 804 889 Dei
832 848 1073 890 secundum
1104 851 1255 894 merita
1289 860 1434 895 nostra

48 916 155 972 dari,
187 919 299 962 sicut
328 917 565 962 catholicus
593 917 732 960 fidelis
761 917 993 974 exhorret,
1023 933 1103 962 nec
1130 919 1264 977 ipsam
1304 921 1433 964 fidem

0 1004 3 1014 ⁴
47 987 270 1030 subtrahat
303 987 377 1030 Dei
405 987 569 1045 gratiae,
603 1002 689 1046 qua
717 987 1055 1030 misericordiam
1087 999 1344 1033 consecutus
1373 1001 1437 1034 est

47 1066 97 1102 ut
110 1057 247 1101 fidelis
269 1067 378 1101 esset
400 1077 408 1101 ε
432 1073 480 1101 ac
502 1073 578 1116 per
600 1058 683 1101 hoc
705 1057 850 1114 gratiae
874 1057 949 1101 Dei
973 1058 1136 1102 tribuat
1158 1074 1434 1117 perseveran-

0 1127 2 1149 ³
47 1127 152 1171 tiam
175 1142 351 1186 quoque
380 1128 586 1187 usquein
613 1127 743 1170 finem
762 1161 772 1179 ‚
801 1143 887 1186 qua
917 1127 1252 1172 misericordiam
1284 1145 1436 1174 conse-

7 1183 10 1193 .
47 1197 210 1258 quitur,
247 1213 381 1256 quam
411 1197 547 1256 poscit
575 1196 786 1256 quotidie,
822 1212 877 1240 ne
911 1197 1124 1241 inferatur
1153 1200 1196 1242 in
1230 1202 1435 1245 tentatio-

47 1282 162 1312 nem.
193 1269 310 1310 Inter
334 1267 504 1310 initium
536 1276 680 1310 autem
705 1267 803 1310 fidei
829 1276 870 1310 et
901 1267 1206 1325 perfectionem
1234 1285 1433 1328 perseve-

0 1343 1 1379 ξ
48 1338 213 1391 tantiae,
241 1336 383 1380 media
411 1346 513 1379 sunt
536 1337 624 1390 illa,
657 1337 816 1394 quibus
840 1346 955 1380 recte
982 1338 1194 1394 vivimus,
1222 1356 1320 1399 quae
1353 1342 1432 1400 ipsi

1 1441 4 1448 .
47 1408 175 1451 etiam
209 1406 361 1451 donari
392 1407 517 1451 nobis
551 1422 575 1449 a
609 1409 697 1449 Deo
732 1405 817 1448 fide
849 1406 1108 1464 impetrante
1138 1411 1430 1455 consentiunt.

0 1480 5 1503 ³
48 1480 152 1522 Haec
171 1486 317 1521 autem
337 1477 479 1520 omnia
496 1511 507 1530 ,
535 1475 703 1519 initium
729 1475 891 1519 scilicet
912 1477 1029 1530 fidei,
1055 1487 1097 1520 et
1120 1488 1273 1523 caetera
1295 1495 1433 1539 usque

46 1547 92 1592 in
118 1548 249 1591 finem
273 1547 388 1591 dona
412 1562 505 1601 sua,
537 1549 650 1589 Deus
680 1545 938 1603 largiturum
970 1561 1015 1590 se
1042 1549 1203 1591 vocatis
1231 1550 1316 1592 suis
1344 1566 1433 1594 esse

0 1671 1 1676 Ἰ
46 1617 272 1677 praescivit.
298 1618 449 1663 Nimiae
478 1617 611 1675 igitur
636 1615 926 1660 contentionis
953 1625 1032 1670 est,
1063 1617 1435 1675 praedestinationi

47 1688 359 1742 contradicere,
385 1686 454 1730 vel
479 1687 533 1730 de
556 1686 937 1745 praedestinatione
959 1687 1177 1730 dubitare.

106 1762 243 1802 LVII.
280 1761 389 1811 Quae
416 1767 562 1801 tamen
586 1771 674 1800 non
704 1757 761 1798 ita
791 1756 962 1814 populis
983 1756 1261 1814 praedicanda
1283 1767 1362 1812 est,
1390 1769 1437 1803 ut

3 1867 5 1871 Α
48 1831 165 1889 apud
187 1830 432 1888 imperitam
460 1827 528 1872 vel
557 1826 754 1870 tardioris
782 1825 1079 1883 intelligentiae
1108 1827 1438 1873 multitudinem

0 1927 1 1932 =
48 1899 249 1958 redargui
277 1897 469 1958 quodam
494 1896 624 1940 modo
649 1897 738 1954 ipsa
765 1911 840 1938 sua
869 1895 1177 1954 praedicatione
1206 1897 1436 1943 videatur:

0 1970 2 2012 Ξ
48 1971 157 2015 sieut
189 1968 388 2026 redargui
420 1967 593 2012 videtur
624 1975 667 2009 et
699 1966 968 2024 praescientia
1004 1965 1107 2018 Dei,
1141 1978 1287 2025 (quam
1321 1977 1437 2011 certe

0 2090 1 2094 Ἰ
48 2055 206 2098 negare
228 2055 315 2083 non
335 2042 546 2098 possunt),
570 2038 603 2081 si
625 2035 796 2080 dicatur
819 2035 1096 2079 hominibus:
1122 2055 1140 2077 «
1169 2037 1265 2081 Sive
1289 2053 1438 2082 curra-

53 2128 72 2151 »
98 2111 151 2154 tis
171 2144 181 2163 ,
201 2109 287 2153 sive
305 2108 528 2152 dormiatis
545 2141 555 2161 ,
578 2106 698 2166 quod
716 2121 789 2149 vos
808 2105 1024 2164 praescivit
1040 2106 1116 2164 qui
1135 2105 1227 2149 falli
1247 2122 1336 2151 non
1355 2123 1435 2167 po-

0 2223 3 2235 ,
55 2199 73 2221 »
101 2188 207 2232 test,
232 2180 316 2222 hoc
337 2178 466 2222 eritis.
493 2195 512 2217 »
541 2175 688 2219 Dolosi
711 2184 854 2218 autem
877 2174 947 2217 vel
968 2175 1156 2233 imperiti
1179 2176 1336 2220 medici
1355 2188 1433 2233 est,

0 2244 1 2247 ¹
52 2251 179 2294 etiam
204 2249 308 2293 utile
330 2248 695 2292 medicamentum
715 2237 774 2290 sic
792 2245 982 2303 alligare,
1006 2255 1056 2290 ut
1077 2255 1152 2291 aut
1174 2262 1262 2291 non
1286 2250 1435 2307 prosit,

0 2319 3 2381 ’μ
52 2330 126 2365 aut
147 2319 264 2364 obsit
280 2354 290 2370 ,
326 2318 408 2364 Sed
435 2317 671 2362 dicendum
700 2327 762 2361 est
786 2336 794 2361 :
817 2335 836 2358 «
862 2317 930 2361 Sic
954 2318 1130 2371 currite,
1164 2328 1212 2361 ut
1238 2334 1437 2377 compre-

0 2439 2 2446 Ι
55 2409 75 2433 »
91 2390 305 2443 hendatis,
325 2398 454 2448 atque
476 2397 525 2432 ut
545 2389 637 2447 ipso
654 2403 783 2431 cursu
803 2396 943 2431 vestro
965 2388 1022 2431 ita
1045 2402 1119 2431 vos
1138 2403 1228 2432 esse
1246 2403 1436 2448 praecog-

0 2470 2 2527 ζ
57 2480 77 2504 n
94 2463 207 2506 nitos
229 2460 432 2505 noveritis
450 2495 459 2513 ,
487 2468 536 2503 ut
561 2457 753 2517 legitime
775 2459 1002 2502 curreretis
1027 2460 1043 2483 2
1067 2477 1075 2501 ε
1101 2475 1120 2497 ))
1145 2458 1221 2501 etsi
1244 2473 1333 2518 quo
1356 2460 1440 2504 alio

104 2552 112 2568 ¹
136 2557 145 2577 ι
168 2548 259 2577 Joan.
281 2557 325 2584 iv,
347 2556 378 2582 τ,
395 2562 434 2568 --—
453 2551 463 2565 ²
494 2555 501 2574 ι
530 2542 739 2583 C⁴)1·.1x,24.

243 2607 390 2638 cxmu.
1173 2596 1219 2634 11
