1821 3264
410 250 464 278 DE
495 245 786 276 comme-monn
818 245 870 272 BT
900 241 1073 272 cumn.
1388 230 1434 266 11

57 342 78 366 »
105 330 149 366 et
165 317 391 379 accepisti,
411 313 519 375 quid
542 309 736 371 gloriaris
752 310 874 369 quasi
893 324 982 353 non
1004 307 1245 368 acceperis1
1269 306 1287 348 ?
1312 323 1331 346 »
1352 306 1442 350 Cur

2 409 4 411 ’
55 409 158 453 ergo
172 388 428 448 corripimur
443 421 454 441 ,
479 383 728 442 arguimur,
755 379 1112 439 reprehendimur
1127 413 1138 433 ,
1158 378 1442 422 accusamur?

56 463 171 518 Quid
186 461 382 513 facimus,
405 457 480 517 qui
500 470 588 499 non
611 450 1010 511 aceepimiis?»Qui
1027 449 1110 493 hoc
1130 449 1298 502 dicunt,
1323 456 1441 491 extra

56 535 229 594 culpam
252 547 296 576 se
312 528 451 575 videri
471 525 642 578 volunt,
658 525 703 567 in
721 523 804 567 hoc
828 520 950 581 quod
974 535 1061 564 non
1086 518 1301 563 obediunt
1325 521 1439 562 Deo:

56 606 158 667 quia
186 603 338 662 utique
358 602 448 660 ipsa
460 596 708 644 obedientia
738 608 896 637 munus
915 592 1005 651 ejus
1025 599 1088 634 est
1115 608 1125 641 3
1149 604 1248 648 quae
1271 603 1442 632 necesse

57 687 120 722 est
143 685 193 720 ut
212 675 264 718 sit
289 674 333 716 in
356 687 407 716 eo
430 671 500 714 cui
522 666 707 713 charitas
724 666 859 719 inest,
884 678 982 722 quae
1006 662 1095 705 sine
1117 659 1255 704 dubio
1282 674 1333 702 ex
1355 661 1443 702 Deo

58 756 143 801 est,
163 755 207 790 et
234 743 309 787 dat
332 757 425 786 eam
452 744 578 785 Pater
601 737 698 781 filiis
725 735 811 780 suis
827 737 857 775 ⁴2.
884 753 903 774 (ι
932 734 1072 785 Hanc,
1097 730 1320 790 inquiunt,
1355 743 1443 772 non

57 818 304 876 accepimus
323 834 334 870 3
352 810 459 872 quid
481 812 629 870 itaque
658 806 932 865 corripimur,
958 803 1080 863 quasi
1100 817 1178 846 nos
1200 815 1293 845 eam
1316 799 1443 843 nobis

58 890 149 935 dari
165 886 393 947 possimus,
420 893 464 928 et
480 890 628 926 nostro
650 878 825 923 arbitrio
839 876 941 920 dare
962 874 1175 919 nolimus?
1200 875 1288 916 Nec
1307 880 1443 914 atten-

57 959 230 1014 dunt,si
250 957 447 1002 nondum
463 952 833 1012 regeneratisunt,
849 947 1030 1008 primam
1051 960 1140 989 esse
1157 957 1346 995 causam,
1367 956 1445 984 cur

56 1029 275 1090 objurgati
289 1026 409 1088 quod
430 1026 515 1070 sint
532 1021 833 1068 inobedientes
855 1023 963 1074 Deo,
985 1018 1065 1062 sibi
1082 1016 1272 1060 debeant
1295 1012 1446 1072 displi-

56 1116 169 1155 cere,
198 1100 300 1160 quia
321 1098 425 1143 fecit
446 1100 561 1141 Deus
582 1094 806 1139 hominem
829 1101 997 1135 rectum
1019 1091 1073 1133 ab
1094 1088 1217 1132 initio
1240 1087 1446 1130 humanae

61 1181 269 1218 creaturae
290 1205 302 1225 ,
322 1179 366 1214 et
384 1184 474 1213 non
496 1176 560 1212 est
583 1166 788 1225 iniquitas
810 1163 927 1223 apud
950 1165 1090 1206 Deum
1114 1161 1146 1202 3.
1173 1162 1235 1204 Ac
1263 1172 1338 1217 per
1362 1157 1446 1200 hoc

59 1244 198 1304 prima
227 1241 415 1301 pravitas
448 1255 535 1299 qua
557 1241 647 1282 Deo
670 1252 758 1281 non
791 1235 1018 1289 obeditur,
1047 1232 1101 1276 ab
1118 1231 1297 1275 homine
1313 1237 1378 1273 est
1396 1230 1411 1253 4
1431 1249 1443 1286 3

56 1315 159 1375 quia
181 1328 233 1356 ex
254 1310 532 1363 rectitudine,
567 1310 614 1352 in
643 1323 729 1367 qua
753 1322 854 1351 eum
876 1310 989 1350 Deus
1010 1303 1210 1363 primitus
1232 1300 1348 1354 fecit,
1370 1314 1446 1343 sua

58 1385 172 1430 mala
197 1383 424 1429 voluntate
460 1380 690 1433 decidens,
726 1392 884 1436 pravus
920 1376 1102 1419 effectus
1134 1383 1211 1416 est.
1250 1375 1320 1416 An
1345 1384 1446 1413 vero

58 1457 157 1502 ideo
174 1455 362 1515 pravitas
383 1454 463 1497 ista
481 1449 754 1510 corripienda
777 1463 866 1492 non
887 1446 1006 1490 estin
1025 1443 1218 1497 homine,
1241 1441 1345 1501 quia
1360 1455 1448 1484 non

59 1529 148 1588 ejus
169 1527 344 1586 propria
371 1526 447 1585 qui
469 1523 702 1581 corripitur
720 1556 730 1575 ,
754 1519 829 1564 sed
855 1516 1099 1563 communis
1121 1524 1184 1559 est
1207 1512 1410 1558 omnibus
1432 1513 1449 1554 P

61 1602 261 1643 Imovero
273 1596 532 1654 corripiatur
549 1603 592 1637 et
613 1594 657 1636 in
680 1587 1010 1649 singulis,quod
1034 1596 1097 1630 est
1120 1583 1332 1630 omnium.
1351 1585 1449 1628 Non

60 1671 175 1714 enim
203 1678 435 1728 propterea
465 1667 723 1725 cujusquam
752 1679 842 1707 non
873 1670 959 1716 est,
986 1657 1105 1720 quod
1132 1658 1187 1701 ab
1221 1672 1270 1700 ea
1302 1653 1450 1699 nullus

58 1741 264 1785 immunis
282 1750 360 1783 est.
381 1743 560 1783 Peccata
584 1735 763 1796 quidem
787 1735 865 1778 ista
883 1730 1106 1789 originalia
1127 1728 1226 1772 ideo
1244 1727 1451 1771 dicuntur

59 1812 221 1866 aliena,
246 1810 367 1870 quod
394 1826 444 1854 ea
466 1808 625 1867 singuli
649 1807 704 1851 de
733 1805 985 1865 parentibus
1013 1802 1191 1846 trahunt
1220 1819 1227 1844 :
1254 1797 1331 1842 sed
1360 1812 1449 1841 non

59 1884 151 1928 sine
165 1897 294 1926 causa
315 1881 524 1925 dicuntur
541 1889 583 1923 et
598 1887 744 1923 nostra
760 1912 770 1931 ,
790 1876 867 1936 qui
884 1876 929 1918 in
950 1874 1026 1917 illo
1042 1887 1132 1916 uno
1153 1885 1320 1923 omnes,
1339 1869 1450 1912 sicut

61 1954 168 1999 dicit
204 1952 438 2013 Apostolus
458 1986 469 2006 ,
509 1956 798 2009 peccaverunt
821 1949 850 1989 5.
895 1944 1166 2002 Corripiatur
1199 1955 1300 1998 ergo
1329 1939 1450 1997 origo

58 2023 319 2070 damnabilis
338 2058 350 2079 ,
371 2033 421 2068 ut
439 2038 490 2066 ex
511 2020 663 2065 dolore
685 2016 969 2076 correptionis
992 2013 1194 2057 voluntas
1218 2025 1450 2069 regenera-

60 2097 188 2141 tionis
205 2096 369 2140 oriatur
395 2114 403 2138 :
427 2095 459 2138 si
480 2102 625 2136 tamen
642 2090 718 2150 qui
734 2088 966 2146 corripitur
982 2084 1094 2128 filius
1119 2093 1181 2127 est
1199 2081 1450 2142 promissio-

61 2169 126 2212 nis
146 2202 157 2222 ‚
183 2176 233 2210 ut
265 2166 450 2224 strepitu
474 2161 758 2221 correptionis
782 2158 1019 2203 forinsecus
1042 2158 1270 2199 insonante
1302 2168 1349 2196 ac
1373 2152 1451 2195 ssa-

61 2238 249 2296 gellante
268 2271 280 2292 ‚
318 2240 431 2279 Deus
462 2236 508 2278 in
545 2233 621 2277 illo
656 2231 915 2275 intrinsecus
957 2226 1128 2271 occulta
1169 2223 1452 2283 inspiratione

61 2317 263 2369 operetur
284 2316 327 2351 et
348 2305 475 2350 velle.
506 2305 547 2349 Si
562 2312 707 2348 autem
729 2303 817 2362 jam
842 2306 1119 2357 regeneratus
1136 2305 1180 2340 et
1193 2294 1452 2356 justificatus

59 2381 105 2424 in
133 2380 296 2423 malum
328 2377 462 2422 vitam
490 2391 566 2419 sua
589 2373 816 2419 voluntate
853 2369 1092 2422 relabitur,
1117 2376 1233 2411 certe
1262 2366 1341 2408 iste
1364 2379 1454 2408 non

63 2459 206 2510 potest
223 2449 388 2494 dicere:
408 2450 506 2494 Non
524 2447 669 2505 accepi
689 2464 697 2490 :
716 2444 817 2504 quia
842 2450 1061 2501 acceptam
1080 2438 1259 2499 gratiam
1279 2436 1354 2480 Dei
1377 2449 1454 2478 suo

114 2561 122 2574 ¹
149 2562 159 2585 i
181 2555 255 2586 Cor.
278 2563 325 2589 iv,
351 2563 381 2594 7.
398 2558 466 2574 -2
501 2562 511 2582 ι
533 2552 624 2581 Joan.
645 2559 689 2589 iv,
710 2558 740 2589 7.
761 2563 798 2569 ·—
819 2544 832 2568 3
852 2543 1038 2581 Eccle.v1r‚
1055 2542 1110 2575 30.
1130 2539 1199 2569 -4
1226 2543 1316 2572 Rom.
1333 2548 1379 2579 ix,
1400 2535 1450 2577 14.

67 2628 102 2634 --
122 2607 202 2642 ⁵1d.
222 2620 253 2650 v,
276 2617 326 2642 12.
