1884 3285
882 263 914 288 S.
951 258 1033 287 AUG
1043 262 1059 286 L
1069 260 1179 287 snm
1214 260 1392 288 Emscopl

500 330 592 374 nisi
613 344 703 387 per
731 326 887 371 Deum
906 326 1027 386 fieri
1050 334 1100 369 ut
1123 325 1289 384 prosit.
1325 324 1747 369 Perseverandum
1774 324 1823 368 in

502 398 623 444 bono
643 412 871 458 magnum
891 412 940 440 re
967 412 1082 440 vera
1105 411 1205 440 esse
1225 395 1323 440 Dei
1334 411 1505 440 munus
1523 412 1534 439 .·
1553 410 1640 439 nec
1662 404 1824 439 tamen

504 468 611 512 ideo
631 467 731 529 ejus
748 469 942 525 quinon
957 468 1344 527 perseveraverit,
1361 464 1701 529 negligendam
1723 480 1824 510 esse

502 540 848 599 correptionem
873 556 884 583 .·
911 548 955 583 et
977 539 1060 597 qui
1078 554 1173 584 non
1198 547 1396 598 accepto
1425 535 1514 581 lzoc
1536 536 1660 582 dono
1667 536 1827 598 fuerit
1882 556 1884 569 ι

500 624 590 654 3ιια
615 609 861 656 voluntate
885 609 1099 671 relapsus
1119 611 1168 654 in
1189 619 1458 670 peccatum,
1481 624 1584 653 eum
1603 623 1699 653 non
1720 622 1827 652 cor-

503 682 714 740 reptione
745 691 946 737 tantum,
975 679 1062 726 sed
1083 681 1127 725 si
1146 696 1290 739 usque
1319 679 1389 724 ad
1408 688 1608 724 mortem
1628 680 1676 723 in
1697 675 1828 722 malo

500 754 824 808 permanserit
839 788 854 807 ,
889 752 1033 796 etiam
1071 760 1253 802 §eterna
1284 749 1596 795 damnatione
1631 747 1828 810 dignum
1882 781 1884 801 2

503 836 618 865 esse.
637 821 736 866 Cur
755 820 845 866 lzoc
862 821 1037 867 donum
1051 820 1128 866 ille
1146 822 1374 881 accipiat,
1397 819 1474 865 ille
1488 836 1584 865 non
1599 820 1826 878 accipiat,
1883 857 1884 863 ,

503 906 605 935 6336
632 891 955 937 inscrutabile.
980 892 1068 938 Ex
1084 891 1441 952 prcedestinatis
1464 889 1645 935 nullum
1671 889 1830 950 perire

498 977 639 1022 posse
659 980 669 1007 :
687 979 747 1008 ac
769 963 969 1009 subinde
988 963 1397 1024 perseverantiam
1404 999 1419 1019 ,
1444 979 1591 1021 quam
1610 978 1706 1007 non
1727 976 1829 1006 om-

504 1048 589 1078 nes
604 1035 847 1094 accipiunt
860 1037 943 1094 qui
956 1034 1136 1096 lzicfilii
1148 1035 1245 1080 Dei
1264 1033 1591 1094 appellantur,
1607 1034 1664 1077 iis
1683 1032 1830 1077 omni-

506 1100 589 1148 bus
614 1104 727 1148 dari
746 1107 829 1165 qui
848 1122 957 1151 vere
965 1105 1065 1167 filii
1089 1116 1197 1151 sunt
1212 1106 1518 1166 prce-scientia
1547 1114 1592 1149 et
1614 1102 1828 1163 proedes-

504 1174 734 1220 tz'natione
759 1175 868 1221 Dei.
897 1176 1174 1237 Respondet
1207 1176 1278 1221 ad
1303 1177 1611 1234 quoesti‘onem
1642 1190 1748 1233 quse
1770 1172 1829 1218 de

503 1244 699 1290 Adamo
721 1263 771 1291 36
793 1247 953 1309 offert,
976 1246 1212 1305 quomodo
1235 1248 1336 1305 ipse
1364 1263 1459 1291 non
1476 1243 1830 1305 perseverando

498 1317 733 1371 peccavit,
751 1317 834 1374 qui
844 1318 1255 1375 perseverantiam
1273 1332 1366 1361 non
1384 1318 1586 1376 accepit.
1609 1314 1831 1362 Ostendit

501 1383 597 1428 tale
613 1388 821 1445 primum
856 1388 949 1445 ipsi
968 1386 1135 1432 datum
1158 1404 1258 1433 esse
1281 1388 1594 1451 adjutorium,
1616 1389 1717 1432 sine
1737 1402 1829 1446 quo

499 1469 592 1498 non
621 1466 784 1514 posset
808 1473 1096 1515 permanere
1125 1459 1167 1502 si
1192 1457 1346 1514 vellet,
1380 1475 1476 1504 non
1507 1474 1600 1517 quo
1613 1461 1759 1520 steret
1780 1465 1830 1502 ut

501 1522 642 1569 vellet
672 1543 684 1569 .·
715 1543 840 1571 nunc
863 1544 974 1572 vero
997 1544 1089 1587 per
1120 1527 1361 1573 Christum
1391 1528 1523 1585 dari,
1553 1545 1649 1574 non
1678 1527 1830 1573 solum

497 1595 598 1638 sine
610 1612 703 1653 quo
711 1614 999 1656 permanere
1012 1615 1108 1644 non
1114 1615 1382 1658 possumus,
1401 1600 1547 1643 etiam
1560 1600 1604 1643 si
1614 1597 1826 1654 velimus,

499 1680 664 1710 verum
693 1670 839 1713 etiam
863 1679 1051 1714 tantum
1079 1686 1138 1714 ac
1169 1668 1282 1725 tale,
1314 1685 1406 1728 quo
1414 1672 1515 1732 fiat
1538 1680 1588 1714 ut
1616 1668 1826 1714 velimus.

499 1736 982 1797 Proeclestinatorum,
1008 1739 1177 1799 quibus
1195 1742 1444 1801 proprium
1468 1752 1537 1786 est
1558 1738 1834 1802 hujusmodi

503 1806 701 1865 donum,
728 1810 909 1869 probat
936 1822 1116 1856 certum
1145 1828 1245 1856 esse
1273 1829 1536 1868 numerum,
1563 1828 1716 1870 neque
1740 1828 1828 1856 au-

496 1879 722 1938 gendum,
763 1898 914 1940 neque
943 1881 1251 1927 minuendum
1275 1900 1286 1926 .·
1313 1893 1358 1927 et
1383 1899 1491 1928 cum
1526 1884 1743 1946 ignotum
1767 1883 1827 1926 sit

499 1949 604 2004 quis
631 1949 702 1993 ad
730 1966 837 1994 eum
868 1968 1114 1995 numerum
1137 1954 1403 2010 pertineat,
1440 1954 1544 2012 quis
1565 1969 1659 1998 non
1678 1953 1829 2013 perti-

502 2029 635 2076 neat,
659 2020 995 2066 medicinalem
1011 2025 1357 2084 correptionem
1377 2023 1708 2070 adhibendam
1729 2039 1830 2069 esse

504 2088 722 2135 omnibus
738 2091 1075 2150 peccantibus,
1100 2110 1159 2138 ne
1179 2093 1257 2138 vel
1278 2095 1372 2155 ipsi
1384 2104 1590 2155 pereant
1610 2093 1688 2139 vel
1708 2092 1830 2139 alios

498 2158 722 2217 perdant.
755 2160 1007 2206 Concludit
1033 2161 1243 2215 demum,
1284 2181 1370 2209 nec
1396 2166 1564 2227 gratia
1582 2162 1834 2224 prohiberi

501 2232 864 2290 correptionem,
884 2248 972 2278 nec
988 2234 1285 2292 correptione
1306 2236 1482 2295 negari
1497 2235 1728 2297 gratiam.

493 2331 502 2348 ¹
527 2326 606 2359 Vide
619 2328 762 2362 Retract.
782 2328 839 2361 lib.-
856 2339 891 2371 n,
909 2339 980 2371 cap.
997 2328 1151 2363 ultimum.
