1821 3264
336 290 389 316 DE
421 283 819 315 PRAEDESTINATIONE
852 285 1116 313 ςΑΝεΤοῐιιΜ.
1365 277 1420 315 69

41 367 90 402 ut
103 371 332 416 operemur
346 354 488 415 jubet.
509 352 718 395 Dixerunt
736 352 851 394 enim
875 351 930 395 ad
951 367 1050 395 eum
1071 354 1095 395 J
1102 351 1213 396 udaei
1232 371 1240 398 z
1260 372 1279 395 «
1301 354 1416 406 Quid

43 446 63 470 »
90 427 311 479 faciemus,
345 433 396 467 ut
426 436 655 482 operemur
684 436 792 480 opus
827 421 928 464 Dei?
960 421 1199 480 Respondit
1229 425 1351 468 Jesus
1376 431 1423 469 et

45 519 62 541 »
88 497 196 541 dixit
220 495 302 540 illis
323 514 333 540 :
355 497 447 539 Hoc
469 501 531 538 est
553 507 661 552 opus
684 492 790 547 Dei,
816 500 867 536 ut
889 490 1069 535 credatis
1092 493 1138 536 in
1167 508 1267 536 eum
1289 509 1420 553 quem

43 587 63 610 »
88 568 202 612 misit
224 565 297 610 ille
319 568 350 608 1.
381 584 399 606 »
428 564 496 609 Sic
517 577 618 621 ergo
639 562 865 621 distinguit
886 561 1118 620 Apostolus
1142 562 1195 605 ab
1217 564 1422 621 operibus

39 637 186 692 fidem,
198 634 568 696 quemadmodum
583 634 627 676 in
640 632 812 677 duobus
826 633 967 690 regnis
981 633 1265 676 Hebraeorum
1278 632 1425 677 distin-

40 710 185 768 guitur
200 710 224 752 J
230 707 334 751 udas
348 707 403 750 ab
416 703 547 750 Israe'l
561 739 571 759 ,
593 719 692 748 cum
708 712 750 747 et
766 704 856 763 ipse
875 702 1006 747 Judas
1024 703 1077 747 sit
1094 703 1240 747 Israel.
1259 706 1325 747 Ex
1340 703 1426 749 fide

39 788 184 824 autem
207 778 306 822 ideo
327 776 432 821 dicit
454 774 678 836 justificari
694 774 917 819 hominem
934 808 945 828 ,
969 788 1059 818 non
1082 789 1132 817 ex
1153 774 1357 833 operibus
1380 777 1426 833 23

39 850 141 911 quia
168 849 258 908 ipsa
286 847 423 906 prima
453 845 597 899 datur,
625 859 675 888 ex
704 859 790 904 qua
813 844 1101 902 impetrentur
1127 853 1299 898 caetera,
1327 859 1428 904 quae

38 919 210 980 proprie
232 933 362 977 opera
384 924 711 976 nuncupantur,
736 915 780 958 in
806 914 964 974 quibus
982 915 1096 974 juste
1115 914 1290 958 vivitur.
1316 917 1427 959 Nam

39 990 142 1034 dicit
163 989 290 1032 etiam
308 997 350 1032 et
364 988 475 1047 ipse:
490 986 669 1031 «Gratia
681 985 785 1030 salvi
799 985 896 1029 estis
908 984 1013 1029 facti
1032 1000 1110 1044 per
1127 984 1275 1039 fidem,
1291 994 1334 1028 et
1345 985 1429 1029 hoc

40 1080 61 1103 n
86 1077 175 1105 non
197 1076 247 1104 ex
269 1060 392 1105 vobis
413 1096 424 1115 ,
449 1059 524 1104 sed
545 1059 623 1103 Dei
643 1058 808 1103 donum
832 1067 895 1102 est
918 1077 926 1102 :
948 1057 995 1101 id
1017 1065 1105 1111 est,
1133 1065 1175 1100 et
1199 1055 1319 1117 quod
1337 1056 1427 1100 dixi

42 1151 62 1175 «
86 1147 163 1191 per
181 1132 329 1187 fidem,
352 1149 373 1172 η
398 1146 487 1175 non
507 1145 558 1174 ex
575 1130 711 1184 vobis,
743 1129 818 1173 sed
840 1129 916 1172 Dei
941 1129 1108 1172 donum
1133 1136 1195 1171 est
1219 1128 1349 1170 etiam
1376 1127 1428 1171 fi-

39 1203 135 1248 des:
153 1221 172 1244 «
192 1204 288 1247 Non
303 1217 353 1245 ex
370 1200 588 1260 operibus,
615 1200 773 1259 inquit,
791 1213 846 1242 ne
863 1199 976 1243 forte
990 1198 1086 1258 quis
1101 1196 1333 1242 extollatur
1351 1198 1383 1240 3.
1405 1214 1427 1238 »

41 1274 158 1320 Solet
180 1273 296 1317 enim
319 1272 423 1327 dici,
447 1272 552 1316 Ideo
574 1271 750 1316 credere
772 1270 947 1324 meruit,
973 1270 1075 1330 quia
1097 1270 1161 1313 vir
1180 1269 1320 1313 bonus
1339 1277 1430 1313 erat

39 1354 81 1390 et
98 1353 333 1404 antequam
353 1343 562 1388 crederet.
585 1343 714 1394 Quod
732 1341 786 1385 de
805 1340 1009 1386 Cornelio
1031 1341 1114 1385 dici
1131 1349 1290 1399 potest,
1310 1341 1435 1398 cujus

39 1425 228 1475 acceptae
246 1424 348 1459 sunt
365 1413 651 1470 eleemosynae
670 1421 712 1456 et
730 1412 946 1456 exauditae
963 1412 1178 1455 orationes
1201 1419 1436 1468 antequam

38 1485 287 1531 credidisset
308 1485 353 1528 in
378 1485 598 1529 Christum
624 1484 641 1507 4
662 1501 670 1527 :
692 1497 772 1526 nec
794 1491 942 1526 tamen
964 1481 1058 1525 sine
1077 1479 1220 1539 aliqua
1244 1479 1330 1522 fide
1351 1479 1434 1524 do-

37 1557 172 1601 nabat
200 1565 243 1600 et
265 1555 432 1600 orabat.
463 1556 572 1600 Nam
596 1552 821 1613 quomodo
847 1551 1094 1605 invocabat,
1121 1551 1165 1593 in
1192 1564 1322 1609 quem
1344 1565 1434 1593 non

38 1627 308 1672 crediderat?
338 1625 420 1670 Sed
453 1626 487 1669 si
520 1634 662 1684 posset
696 1624 785 1668 sine
816 1623 903 1666 fide
932 1622 1093 1667 Christi
1120 1636 1210 1665 esse
1237 1619 1378 1664 salvus
1396 1622 1429 1674 ⁵,

38 1714 126 1742 non
155 1697 209 1741 ad
239 1713 339 1741 eum
369 1696 676 1740 aedificandum
704 1696 950 1739 mitteretur
973 1693 1234 1737 architectus
1259 1700 1433 1750 aposto-

36 1770 104 1814 lus
128 1773 279 1813 Petrus
305 1789 313 1813 :
336 1768 532 1828 quamvis
559 1767 685 1812 «Nisi
713 1766 920 1810 Dominus
943 1764 1222 1808 aedificaverit
1243 1763 1427 1817 donum,

41 1858 60 1882 »
86 1841 132 1884 in
154 1855 316 1884 vanum
339 1838 649 1883 laboraverunt
671 1836 935 1881 aedificantes
963 1850 1055 1879 eam
1079 1836 1111 1876 ⁶.
1141 1851 1162 1874 »
1190 1836 1246 1877 Et
1272 1831 1432 1875 dicitur

37 1911 163 1955 nobis
191 1930 200 1955 ε
232 1930 249 1950 «
277 1910 404 1954 Fides
436 1919 500 1954 est
529 1926 553 1954 a
580 1909 732 1963 nobiS,
762 1917 915 1952 caetera
945 1923 968 1950 a
1002 1907 1190 1950 Domino
1218 1903 1272 1949 ad
1300 1918 1430 1962 opera

39 2000 60 2023 »
79 1981 258 2041 justitiae
278 1981 539 2040 pertinentia
561 1999 572 2024 :
590 1998 609 2021 υ
635 1979 757 2039 quasi
779 1978 833 2022 ad
850 1977 1084 2021 aedificium
1106 1991 1195 2020 non
1213 1976 1429 2034 pertineat

38 2052 172 2106 fide53
197 2053 319 2113 quasi
343 2051 396 2095 ad
419 2050 671 2105 aedificium,
696 2051 893 2110 inquam,
920 2064 1009 2092 non
1031 2047 1246 2106 pertineat
1267 2043 1431 2090 funda-

40 2133 254 2168 mentum.
283 2121 412 2176 Quod
438 2123 470 2165 si
498 2122 545 2164 in
573 2121 723 2180 primis
751 2129 794 2164 et
825 2119 1011 2163 maxime
1037 2118 1250 2177 pertinet,
1280 2117 1326 2160 in
1354 2131 1432 2161 va-

40 2208 146 2237 num
175 2192 344 2236 laborat
371 2190 649 2250 praedicando
679 2190 896 2233 aedificans
922 2189 1071 2242 fidem,
1101 2187 1182 2231 nisi
1214 2201 1307 2230 eam
1341 2188 1430 2230 Do-

40 2264 183 2307 minus
208 2262 453 2307 miserando
477 2262 594 2304 intus
617 2259 818 2304 aedificet.
845 2258 1071 2318 Quidquid
1094 2259 1226 2316 igitur
1248 2265 1291 2300 et
1314 2265 1431 2300 ante-

41 2349 173 2394 quam
205 2334 249 2376 in
285 2332 501 2377 Christum
534 2330 756 2385 crederet,
795 2338 838 2374 et
871 2344 969 2374 cum
1003 2327 1223 2381 crederet,
1257 2335 1299 2370 et
1330 2340 1431 2370 cum

43 2403 294 2448 credidisset
314 2438 324 2458 ,
351 2404 464 2446 hene
487 2410 688 2460 operatus
708 2409 771 2444 est
790 2399 1034 2453 Cornelius,
1056 2406 1198 2442 totum
1219 2399 1308 2440 Deo
1329 2395 1432 2439 dan-

44 2474 149 2518 dum
172 2482 236 2518 est
251 2508 261 2527 ‚
288 2488 343 2517 ne
369 2472 481 2517 forte
503 2472 599 2532 quis
622 2470 868 2515 extollatur.

92 2588 100 2603 1
124 2572 214 2601 Joan.
238 2582 281 2612 w,
303 2569 356 2601 28.
373 2585 414 2592 —
431 2576 442 2591 ²
464 2567 532 2599 Gal.
551 2579 585 2608 11,
613 2565 937 2609 19.-3Ephes.11‚
957 2567 989 2602 S,
1009 2568 1041 2595 et
1056 2562 1085 2603 4.
1103 2580 1145 2586 -
1160 2560 1175 2590 4
1193 2564 1262 2593 Act.
1284 2572 1316 2601 x,
1333 2561 1363 2601 4.
1390 2574 1427 2581 -
1448 2605 1455 2611 -

49 2626 62 2648 5
82 2629 172 2659 Rom.
195 2636 226 2663 x,
249 2625 350 2668 14—-
372 2623 386 2647 6
404 2624 482 2658 Psal.
503 2635 609 2662 cxxvi,
633 2635 658 2655 ῐ.
