1884 3285
466 281 547 319 468
878 290 930 321 ss.
966 286 1195 317 Acccsnm
1230 289 1411 317 Emscol'l

463 371 559 415 gem
585 368 674 398 esse
706 352 937 397 desiisse1?
970 369 1087 398 nunc
1117 363 1261 399 autem
1289 354 1343 398 de
1376 354 1526 398 eadem
1560 354 1692 411 dicit,
1722 355 1842 416 quod

460 425 641 484 coeperit
663 439 851 468 crescere
874 433 916 468 et
933 423 1156 468 abundare
1174 434 1269 483 post
1290 424 1446 483 legem.
1471 426 1697 471 Catholico
1715 426 1844 470 intel-

459 496 591 542 lectui
613 510 741 554 quem
763 495 1005 554 sequimur,
1025 504 1259 556 utrumque
1276 496 1359 540 hoc
1379 496 1611 541 convenire
1629 506 1844 542 monstra-

459 569 600 613 vimus
628 586 635 611 ε
661 576 737 610 tuo
759 581 860 610 vero
882 565 1072 624 dogmati
1095 582 1179 625 qua
1202 565 1472 626 impudentia
1500 566 1769 623 vindicatur,
1796 578 1850 612 ut

459 652 595 682 unum
619 636 822 696 idemque
845 649 1069 694 peccatum
1091 636 1185 695 lege
1204 636 1317 693 lata,
1343 638 1539 697 superius
1560 637 1736 698 quidem
1765 638 1844 682 de-

458 708 608 753 fecisse
626 743 636 763 ,
664 723 781 751 nunc
801 716 945 751 autem
968 707 1149 751 crevisse
1171 707 1365 752 dicatur?
1383 709 1614 761 Quomodo
1631 724 1733 767 ergo
1751 717 1847 768 post

458 779 599 838 legem
614 777 810 822 abundat
821 777 1018 821 naturale
1030 780 1282 837 peccatum?
1298 779 1518 823 acrius-ne
1530 788 1756 838 coeperunt
1773 795 1846 837 ge-

458 849 606 894 nitalia
628 848 917 903 commoveri,
943 857 992 892 ut
1014 848 1068 892 de
1095 849 1337 907 augmentis
1360 858 1401 893 et
1425 849 1616 894 novitate
1644 858 1846 894 motuum

458 929 633 980 peccato
653 928 730 964 tuo
753 919 888 963 virtus
905 917 1103 963 videatur
1125 918 1359 978 adjuncta?
1377 922 1444 963 An
1466 918 1532 963 lex
1553 918 1652 963 data
1670 935 1846 964 nascen-

458 992 575 1035 tibus
591 1000 669 1045 est,
688 1000 737 1035 ut
758 990 834 1049 qui
849 990 904 1034 de
920 989 1115 1044 libidine,
1141 1005 1273 1049 quam
1288 989 1393 1034 dicis
1411 988 1671 1034 diabolicam
1691 1005 1781 1035 esse
1804 999 1847 1034 et

456 1061 642 1107 radicem
662 1061 943 1120 fructumque
964 1060 1129 1120 peccati
1145 1094 1155 1114 ,
1183 1060 1315 1118 geniti
1335 1069 1484 1114 erant,
1507 1059 1847 1104 admonerentur

455 1132 686 1177 emendare
708 1131 828 1191 quod
850 1130 956 1174 facti
973 1138 1121 1184 erant,
1145 1138 1187 1173 et
1205 1139 1372 1187 gestum
1395 1130 1610 1189 corrigere
1626 1145 1757 1190 quem
1775 1131 1845 1174 ha-

455 1206 655 1257 buerant,
673 1217 772 1246 cum
791 1217 862 1245 eos
880 1210 1134 1259 generarent
1148 1202 1378 1260 parentes?
1394 1202 1611 1260 Cogerent
1631 1211 1846 1261 postremo
1882 1230 1884 1267 3

455 1290 554 1335 quae
584 1272 696 1318 sacta
724 1281 871 1327 erant,
904 1271 1063 1316 infecta
1087 1287 1206 1329 esse,
1231 1272 1352 1332 quod
1379 1270 1441 1315 illi
1466 1272 1618 1316 audire
1647 1271 1848 1317 videlicet
1882 1297 1884 1318 i

456 1355 712 1398 renuentes,
748 1341 1055 1388 inobedientiae
1087 1343 1252 1386 crimen
1285 1342 1582 1387 incurrerent?
1614 1345 1671 1386 At
1703 1343 1786 1387 hoc
1822 1358 1846 1386 a

455 1416 579 1460 nullo
601 1414 858 1468 stultorum,
884 1413 1048 1457 nedum
1066 1429 1089 1457 a
1111 1411 1206 1472 lege
1225 1428 1359 1473 quam
1377 1416 1492 1457 Deus
1511 1412 1652 1469 dedit,
1677 1421 1847 1473 poterat

456 1486 677 1546 imputari.
707 1504 726 1526 »

512 1560 803 1601 Auensmus.
840 1553 1066 1613 Numquid
1088 1553 1248 1598 alieubi
1271 1553 1477 1609 diximus,
1504 1563 1731 1614 peccatum
1754 1555 1844 1600 ori—

458 1627 599 1686 ginale
631 1626 813 1671 crevisse
835 1634 932 1684 post
952 1624 1124 1683 legem?
1146 1628 1234 1668 Aut
1254 1625 1338 1668 hoc
1361 1623 1545 1683 intelligi
1568 1624 1768 1670 volumus
1800 1625 1844 1670 in

455 1712 507 1741 eo
535 1697 655 1756 quod
683 1697 741 1739 ait
763 1694 996 1754 Apostolus
1013 1730 1023 1748 ,
1063 1714 1083 1736 «
1109 1697 1197 1738 Lex
1218 1694 1501 1749 subintravit,
1527 1703 1576 1739 ut
1601 1694 1846 1740 abundaret

458 1786 478 1809 »
506 1766 774 1811 delictum¹P
805 1784 824 1806 >›
857 1764 1112 1810 Abundavit
1144 1765 1286 1820 enim,
1319 1779 1408 1809 non
1440 1765 1540 1825 quia
1573 1765 1682 1810 illud
1713 1780 1846 1824 genus

454 1837 616 1892 crevit,
642 1835 764 1898 quod
787 1845 887 1880 ante
905 1837 994 1896 jam
1024 1834 1186 1892 fuerat,
1211 1833 1287 1880 sed
1315 1836 1417 1895 quia
1440 1851 1576 1894 genus
1598 1836 1715 1881 aliud
1739 1852 1842 1895 pec-

453 1909 538 1953 cati
556 1908 747 1963 accessit,
768 1907 889 1967 quod
906 1907 997 1950 sine
1015 1906 1109 1964 lege
1125 1922 1213 1951 non
1232 1915 1344 1960 erat,
1368 1906 1410 1950 id
1429 1915 1507 1961 est,
1526 1907 1839 1966 praevaricatio,

452 1978 564 2023 sicut
587 1978 714 2036 paulo
735 1985 836 2022 ante
858 1978 1206 2022 monstravimus.
1229 1976 1591 2035 Concupiscentia
1611 1986 1676 2021 est
1696 1985 1840 2022 autem

452 2049 592 2093 carnis
612 2083 623 2104 ,
665 2058 707 2092 et
741 2047 879 2092 libido
908 2046 1158 2105 genitalium
1182 2081 1192 2101 ,
1231 2055 1379 2091 contra
1418 2061 1552 2106 quam
1591 2056 1840 2092 sanctorum

451 2120 623 2163 castitas
664 2127 846 2178 pugnat.
894 2120 1015 2161 Hanc
1058 2117 1137 2161 tibi
1181 2116 1369 2161 multum
1411 2116 1654 2176 placentem
1675 2152 1684 2172 ,
1729 2133 1841 2177 quo-

451 2190 567 2233 niam
599 2204 698 2232 cum
723 2190 814 2247 ipsa
839 2203 915 2232 sua
937 2202 1083 2246 pugna
1099 2220 1110 2242 ,
1137 2187 1212 2246 qui
1246 2196 1458 2246 repugnat
1480 2187 1609 2231 etiam
1632 2186 1840 2246 pudicitia

450 2260 710 2319 conjugalis,
734 2274 824 2304 non
847 2260 928 2303 nisi
949 2259 1004 2303 ad
1026 2258 1136 2303 filios
1162 2257 1453 2318 procreandos
1475 2273 1523 2302 ea
1550 2258 1660 2302 bene
1682 2267 1808 2303 utens
1824 2294 1834 2314 ,

448 2331 539 2376 aliis
566 2340 709 2375 autem
745 2330 935 2374 motibus
962 2331 1053 2390 ejus
1089 2329 1328 2388 obsistens,
1361 2330 1473 2374 hanc
1501 2344 1599 2387 ergo
1628 2345 1728 2374 eum
1758 2329 1837 2374 ista

446 2418 522 2446 sua
541 2417 687 2461 pugna
709 2401 812 2461 quia
830 2401 959 2445 etiam
981 2400 1025 2443 in
1044 2400 1229 2459 paradisi
1250 2416 1398 2459 pacem
1418 2400 1585 2445 conaris
1609 2399 1836 2444 admittere

446 2473 542 2518 vel‘2
567 2473 826 2527 immittere,
859 2473 949 2531 ipse
977 2472 1023 2515 in
1044 2471 1292 2530 paradisum
1315 2486 1405 2515 non
1432 2470 1625 2530 disponis
1654 2471 1831 2515 intrare.

444 2543 724 2596 Quantalibet
735 2551 880 2587 autem
897 2541 972 2585 abs
986 2550 1028 2585 te
1042 2539 1294 2585 defensione
1311 2541 1548 2596 muniatur,
1570 2550 1612 2585 et
1627 2539 1834 2586 laudibus

492 2634 499 2651 ¹
522 2630 612 2660 Rom.
635 2638 666 2666 v,
690 2627 737 2660 13.
758 2644 799 2650 —-
817 2633 828 2650 ²
849 2629 938 2660 Rom.
960 2637 993 2668 v,
1013 2635 1067 2659 20.
1084 2624 1153 2651 -..3
1177 2626 1284 2659 Forte
1301 2623 1480 2659 delendum
1494 2632 1557 2667 est,
1576 2624 1748 2659 admittere
1766 2625 1830 2659 vel.

1872 2923 1880 3067 <za-...m
1875 2888 1880 2903 ⁴
1874 2847 1880 2870 ·-
1874 2683 1884 2837 effla-v-
1875 1988 1884 2676 “anfflm—-Qu-—a-
1879 1397 1884 1978 --——.————-—-—————
1882 1369 1884 1388 —
1882 1351 1884 1360 ⁴

1870 3072 1884 3285 Q
