1884 3285
425 289 506 329 204
854 296 886 325 S.
925 298 1152 325 Ai‘oirs'rim
1190 299 1366 325 Eriseom

420 365 672 425 judicavit¹.
695 364 811 416 Quid
830 379 932 422 ergo
955 363 1008 407 de
1031 364 1112 407 hoe
1140 364 1258 424 quod
1281 364 1393 406 inter
1413 377 1490 406 nos
1511 362 1672 421 agitur,
1688 362 1802 423 judi-

422 436 534 480 cavit
559 434 844 478 Ambrosius?
871 434 966 477 Dixi
989 435 1184 493 superius
1208 435 1297 493 ejus
1322 433 1376 476 de
1407 442 1581 491 peccato
1610 432 1807 491 originali

422 508 512 551 sine
542 505 631 549 ulla
660 505 923 549 obscuritate
951 506 1019 549 vel
1051 506 1333 564 ambiguitate
1358 503 1592 548 sententias
1625 523 1633 549 :
1665 504 1740 548 sed
1772 505 1805 548 si

422 593 575 637 parum
599 586 682 631 est,
709 577 852 620 adhuc
874 576 990 620 audi.
1013 577 1188 631 Omnes,
1209 576 1372 635 inquit,
1403 576 1484 619 sub
1505 583 1682 634 peccato
1705 590 1806 619 nas-

423 649 588 703 cimur,
615 664 802 707 quorum
828 649 917 706 ipse
939 657 1058 691 ortus
1085 648 1129 690 in
1161 648 1263 691 vitio
1289 656 1365 690 est.
1395 644 1509 698 Quid
1538 644 1591 688 ad
1620 645 1698 689 ista
1725 661 1808 703 res·
1853 658 1857 685 1

422 718 620 779 pondes?
645 717 721 762 {lta
749 717 803 761 de
828 716 1056 761 Ambrosio
1085 717 1190 761 dixit
1224 715 1429 776 praeclara
1466 714 1689 773 Pelagius,
1729 715 1808 760 ista

423 805 501 848 pro
516 803 584 831 me
602 797 751 832 contra
770 797 812 831 te
829 786 1051 831 manifesta
1071 787 1365 846 pronuntiavit
1383 786 1633 830 Ambrosius
1654 786 1806 830 :istum

422 858 689 918 reprehende
708 857 762 901 de
783 874 871 917 quo
894 858 999 902 dicit
1021 859 1221 916 magister
1244 867 1370 912 tuus,
1392 856 1512 917 quod
1535 871 1633 900 eum
1654 871 1709 899 ne
1728 856 1806 899 ini-

422 929 557 973 micus
573 928 749 988 quidem
767 944 893 972 ausus
912 940 974 971 est
992 929 1331 988 reprehendere,
1352 938 1393 972 et
1409 931 1483 987 qui
1499 942 1623 971 sanos
1637 925 1808 987 judices

421 1001 604 1060 quaeris,
638 1001 768 1044 istum
791 1016 900 1058 nega
929 1016 1080 1044 sanum
1100 1035 1110 1054 ‚
1147 1009 1194 1044 ut
1218 1010 1258 1043 te
1279 1000 1407 1059 plane
1431 999 1669 1058 profitearis
1694 998 1809 1041 insa-

422 1087 544 1117 num.
574 1071 657 1116 Sed
684 1071 921 1129 indignaris
952 1071 1085 1115 homo
1110 1071 1347 1129 piissimus,
1379 1069 1496 1129 quod
1520 1069 1691 1128 parvuli
1722 1083 1811 1112 non

421 1142 582 1196 renati,
614 1141 647 1184 si
676 1141 917 1185 moriantur
942 1150 1042 1184 ante
1069 1142 1255 1199 propriae
1283 1140 1520 1184 voluntatis
1550 1139 1776 1183 arbitrium
1796 1174 1808 1193 ,

420 1222 596 1272 propter
619 1211 756 1255 aliena
778 1211 979 1255 dicantur
999 1220 1172 1270 peccata
1194 1211 1416 1265 damnari,
1444 1211 1499 1254 ab
1522 1226 1572 1254 eo
1593 1211 1670 1270 qui
1689 1226 1810 1255 com-

420 1282 598 1327 mendat
628 1282 882 1326 charitatem
916 1297 1040 1326 suam
1070 1282 1115 1325 in
1148 1281 1331 1336 nobis2‚
1356 1282 1430 1342 qui
1454 1281 1606 1325 dilexit
1640 1297 1735 1336 nos,
1769 1289 1812 1325 et

421 1352 532 1396 Filio
549 1368 626 1396 suo
645 1368 732 1396 non
751 1352 964 1410 pepercit,
986 1351 1060 1396 sed
1079 1368 1158 1411 pro
1178 1351 1303 1395 nobis
1319 1351 1441 1395 illum
1461 1350 1639 1395 tradidit
1660 1371 1668 1396 :
1689 1351 1811 1411 quasi

417 1439 505 1468 non
526 1422 580 1466 de
601 1422 676 1466 illo
701 1423 870 1481 gravius
893 1431 1218 1482 conquerantur
1241 1422 1361 1466 stulti
1385 1433 1428 1466 et
1459 1421 1624 1466 indocti
1646 1422 1808 1466 similes

423 1494 509 1545 tui,
535 1494 610 1551 qui
642 1492 817 1547 dicunt,
854 1495 906 1537 Ut
934 1493 1043 1553 quid
1071 1501 1209 1546 creat,
1241 1508 1350 1553 quos
1372 1493 1528 1551 impios
1559 1491 1733 1536 futuros
1767 1500 1810 1536 et

421 1564 690 1608 damnandos
717 1580 805 1608 esse
828 1565 1067 1624 praescivit?
1092 1567 1144 1608 Ut
1166 1563 1273 1624 quid
1301 1579 1373 1607 eos
1397 1573 1638 1622 postremo,
1671 1562 1811 1607 donec

421 1635 475 1680 ad
493 1636 758 1694 impietatem
779 1635 1071 1680 damnabilem
1092 1637 1347 1694 perveniant
1363 1670 1373 1689 ,
1395 1634 1498 1679 facit
1516 1635 1682 1689 vivere,
1704 1649 1813 1693 quos

421 1715 657 1766 antequam
682 1706 787 1750 tales
809 1707 963 1750 fierent
981 1742 990 1760 ,
1018 1722 1066 1749 ex
1086 1707 1166 1750 hac
1187 1707 1272 1750 vita
1292 1715 1432 1765 posset
1450 1706 1643 1762 auferre,
1664 1706 1695 1748 si
1722 1705 1814 1748 ani-

420 1792 509 1820 mas
543 1786 688 1831 amat,
714 1777 748 1820 si
778 1776 1055 1821 commendat
1081 1777 1335 1820 charitatem
1369 1792 1492 1820 suam
1520 1777 1565 1819 in
1601 1776 1747 1829 nobis,
1780 1775 1813 1819 si

421 1846 531 1891 Filio
562 1863 640 1890 suo
671 1862 760 1890 non
789 1847 1005 1906 pepercit,
1036 1848 1111 1891 sed
1140 1863 1218 1906 pro
1248 1847 1373 1891 nobis
1400 1847 1604 1890 omnibus
1634 1845 1813 1890 tradidit

419 1920 547 1962 eum?
569 1918 736 1971 Quibus
759 1919 792 1962 si
816 1919 987 1962 dicatur
1007 1938 1015 1963 :
1048 1938 1066 1960 «
1090 1920 1128 1961 Ο
1148 1920 1278 1962 homo
1296 1928 1344 1962 tu
1362 1919 1460 1978 quis
1479 1933 1521 1961 es
1536 1918 1611 1978 qui
1632 1932 1812 1976 respon-

423 2007 443 2030 »
469 1988 569 2032 deas
593 1991 711 2033 Deo?
737 1988 1037 2033 Inscrutabilia
1056 1989 1326 2048 suntjudicia
1352 1990 1466 2048 ejus3
1492 2009 1499 2032 ε
1525 1989 1813 2032 »irascuntur
1864 1998 1869 2036 ’ξ

420 2061 584 2119 potius,
611 2075 744 2119 quam
774 2060 1024 2105 mitescunt.
1066 2079 1086 2101 «
1119 2059 1203 2104 Sed
1227 2060 1348 2104 novit
1379 2060 1586 2104 Dominus
1615 2061 1689 2119 qui
1712 2068 1813 2103 sunt

423 2150 444 2173 »
470 2134 601 2191 ejus&
633 2150 650 2172 »
680 2132 721 2176 Si
745 2147 848 2190 ergo
871 2131 1219 2192 sanisjudicibus
1244 2132 1306 2175 uti
1328 2132 1470 2190 cupis,
1498 2130 1599 2175 audi
1618 2131 1811 2190 judicem

419 2218 573 2248 sanum
592 2202 864 2260 singulariter
879 2219 900 2246 a
918 2212 995 2246 tuo
1014 2202 1192 2246 doctore
1208 2202 1450 2246 laudatum.
1475 2203 1630 2256 «Fuit,
1652 2202 1809 2261 inquit,

421 2273 586 2327 Adam,
627 2283 669 2318 et
699 2274 742 2316 in
769 2272 842 2317 illo
874 2274 1038 2317 fuimus
1064 2289 1236 2331 omnes,
1261 2273 1388 2332 periit
1419 2273 1581 2327 Adam,
1608 2282 1650 2316 et
1672 2273 1716 2316 in
1737 2272 1812 2316 illo

421 2359 570 2388 omnes
590 2344 811 2403 perierunt
826 2346 854 2386 ⁵.
881 2362 899 2384 »
930 2343 1013 2388 Sed
1037 2343 1244 2403 peccatis,
1265 2343 1409 2402 inquis
1424 2378 1433 2396 ,
1455 2341 1604 2386 alienis
1627 2358 1714 2387 non
1731 2343 1811 2387 uti-

466 2470 474 2486 ¹
497 2464 600 2505 Pelag.
620 2463 711 2495 tibin
738 2465 779 2496 de
802 2464 904 2496 libero
922 2463 1074 2496 Arbitrio.
1101 2464 1179 2496 vide
1206 2464 1259 2495 lib.
1285 2465 1325 2496 de
1343 2464 1450 2495 Gratia
1470 2463 1599 2505 Chi-isti,
1619 2475 1692 2507 cap.
1714 2463 1755 2505 42
1777 2468 1811 2497 et.

420 2518 473 2558 43.
496 2519 641 2550 Anibi-os.
668 2519 724 2551 lib.
747 2532 757 2551 1
774 2520 814 2551 de
830 2519 1035 2561 Poenitentia,
1055 2530 1126 2562 cap.
1150 2529 1168 2551 2
1193 2519 1241 2551 vc}
1261 2520 1288 2550 3,
1306 2537 1344 2542 ——
1363 2526 1375 2540 2
1394 2520 1474 2550 Rom
1507 2529 1550 2556 vz,
1572 2521 1605 2556 8,
1624 2524 1657 2551 et
1673 2530 1736 2558 vni,
1753 2520 1806 2552 31.

421 2572 490 2596 ——3
513 2575 558 2606 ld.
581 2586 623 2615 ix,
649 2584 702 2613 20,
726 2581 757 2607 et
784 2588 828 2615 xi,
852 2577 902 2609 33.
922 2576 989 2606 -4
1010 2586 1028 2608 2
1050 2578 1130 2609 Tim.
1154 2587 1189 2618 ιι,
1214 2588 1262 2618 ¹9·
1281 2592 1319 2599 —
1337 2573 1351 2599 5
1367 2575 1513 2609 Ambros.
1536 2575 1591 2607 tib.
1612 2587 1655 2608 vii
1672 2576 1703 2607 in
1728 2578 1805 2609 Luc.

419 2640 491 2671 cap.
516 2630 567 2662 15.
