1884 3285
433 259 514 297 424
870 274 901 298 s.
938 270 1169 301 AUGUSTIM
1201 275 1386 303 13121500121

485 335 636 378 CLIX.
663 337 890 379 Jmmms.
922 335 1109 395 Collegit
1139 338 1285 399 itaque
1313 342 1545 400 Apostolus
1576 358 1808 403 argumen-

426 413 517 448 tum
550 406 633 448 hoc
656 405 786 450 modo
813 425 820 450 ε
850 407 892 451 Si
925 406 1033 450 nulli
1069 419 1208 454 essent
1237 411 1428 456 haeredes
1466 413 1803 471 benedictionis,

423 475 503 518 nisi
524 475 599 533 qui
622 490 673 518 ex
689 475 784 534 lege
806 485 928 526 sunt3
955 486 1003 521 ut
1026 480 1287 538 praeputium
1317 483 1542 528 constabat
1563 485 1803 542 exclusum,

420 545 480 588 ita
497 561 766 606 consequens
789 557 901 602 erat,
928 549 1146 593 neminem
1176 551 1250 611 qui
1273 551 1423 596 fuisset
1450 569 1500 598 ex
1523 554 1640 614 lege,
1672 556 1807 601 bene-

420 614 608 660 dictione
630 618 817 676 privari,
842 618 886 662 id
908 628 984 674 est,
1011 619 1043 663 si
1066 620 1330 666 circumcisio
1353 633 1521 668 tantum
1547 625 1730 682 valeret,
1755 637 1804 673 ut

418 687 507 730 sine
525 702 574 731 ea
595 687 701 732 fides
725 689 831 732 nihil
850 689 1033 747 valeret,
1058 691 1168 736 sicut
1191 703 1338 751 gentes
1361 694 1557 755 liquebat
1586 698 1801 756 repulsas,

416 756 473 800 ita
489 757 757 816 probabatur
771 758 825 802 de
840 762 865 803 J
871 760 1004 804 udaeis
1029 761 1082 805 ad
1109 762 1395 820 perditionem
1414 781 1638 826 nunquam
1655 784 1805 828 quem-

414 842 543 886 quam
570 828 631 870 ire
653 829 859 887 potuisse.
881 848 900 869 »

473 901 764 944 Arousrmns.
777 900 1010 953 Quomodo
1028 911 1118 946 erat
1136 917 1422 964 consequens,
1442 922 1467 950 0
1481 923 1625 966 grosse
1640 908 1803 954 dialec-

412 968 526 1012 tiee‘?
548 970 771 1028 quomodo
795 981 885 1015 erat
911 988 1209 1033 consequens,
1244 977 1276 1018 si
1299 975 1411 1020 nulli
1437 988 1576 1022 essent
1608 979 1803 1026 haeredes

411 1039 749 1096 benedictionis,
778 1042 856 1085 nisi
874 1045 948 1102 qui
967 1058 1017 1086 ex
1039 1043 1133 1102 lege
1160 1055 1288 1100 sunt,
1316 1048 1534 1091 neminem
1557 1050 1633 1109 qui
1654 1051 1804 1097 fuisset

409 1124 459 1154 ex
477 1110 566 1169 lege
591 1113 892 1156 benedictione
918 1115 1100 1172 privari?
1115 1116 1339 1175 Numquid
1357 1119 1459 1177 quia
1482 1135 1611 1164 nemo
1629 1130 1693 1165 est
1712 1122 1803 1167 hae0

408 1195 473 1222 res
492 1215 501 1233 ,
543 1182 624 1224 nisi
648 1182 907 1240 baptizetur.
948 1193 1177 1243 propterea
1213 1186 1288 1244 qui
1321 1187 1612 1247 baptizantur,
1652 1208 1802 1238 omnes

407 1250 602 1294 haeredes
623 1254 752 1296 sunt?
770 1253 854 1297 Sed
869 1254 952 1297 hoe
969 1252 1168 1309 dixerim,
1189 1272 1277 1299 non
1296 1258 1396 1317 quia
1415 1259 1475 1303 ibi
1494 1270 1556 1305 est
1573 1278 1672 1322 quae
1690 1263 1802 1308 inter

405 1335 482 1364 nos
505 1322 688 1366 vertitur
710 1325 914 1383 quaestio3
935 1341 1086 1369 verum
1111 1336 1160 1370 ut
1182 1328 1456 1373 ostenderem
1483 1347 1615 1390 quam
1633 1335 1686 1377 sis
1709 1335 1800 1393 ipse

405 1401 573 1446 acutus,
595 1394 668 1453 qui
696 1409 766 1437 me
788 1395 1088 1439 obtunsiorem
1113 1395 1218 1441 dicis
1241 1413 1329 1442 esse
1354 1399 1531 1458 pistillo.

463 1463 596 1525 CLX,
620 1465 832 1509 Jerms
878 1485 897 1505 «
919 1468 1046 1510 Nunc
1069 1476 1214 1510 autem
1244 1484 1343 1512 eum
1368 1472 1663 1516 confiteamini
1685 1489 1798 1534 prae-

403 1532 660 1577 varicatores
691 1535 737 1578 in
775 1535 870 1594 lege
890 1551 977 1579 non
1002 1552 1090 1580 esse
1123 1538 1438 1584 benedictionis
1460 1543 1670 1600 haeredes,
1697 1546 1798 1606 quia

403 1601 563 1646 talibus
596 1603 665 1647 lex
697 1605 803 1649 iram
841 1616 1068 1665 operatur,
1107 1619 1275 1653 constat
1308 1613 1638 1669 promissionem
1678 1615 1797 1661 illam

402 1687 491 1715 non
527 1673 843 1719 circumcisioni
863 1678 1112 1729 convenire,
1139 1679 1212 1723 sed
1238 1680 1354 1724 fidei.
1396 1685 1696 1729 Destrueretur
1716 1702 1796 1731 au-

401 1750 489 1786 tem
513 1745 755 1801 promissio,
773 1746 807 1789 si
821 1756 979 1805 praeter
993 1747 1134 1806 legem
1159 1752 1441 1811 nemojustus
1457 1764 1566 1799 esset
1588 1775 1595 1800 :
1617 1758 1797 1816 quando

401 1813 580 1870 quidem
603 1825 700 1873 post
724 1816 1067 1876 quadringentos
1091 1828 1133 1862 et
1157 1821 1327 1879 triginta
1353 1839 1488 1868 annos
1503 1827 1795 1883 promissionis

401 1882 530 1928 allata
550 1884 659 1939 lex¹,
684 1897 726 1930 et
748 1888 888 1946 ipsum
914 1889 1149 1945 Abraham,
1172 1900 1214 1935 et
1239 1895 1373 1949 Isaac,
1392 1904 1435 1938 et
1452 1898 1605 1953 Jacob,
1632 1908 1675 1942 et
1697 1915 1795 1944 orn-

401 1969 475 1997 nes
491 1955 535 1998 in
552 1958 783 2001 medietate
799 1968 967 2004 sanctos
986 1971 1182 2020 expertes
1197 1963 1511 2011 benedictionis
1527 1969 1790 2028 ostenderet,

400 2041 500 2085 quae
520 2042 609 2070 non
626 2030 835 2087 potuisset
858 2032 1061 2091 cuiquam
1084 2033 1174 2075 sine
1202 2033 1296 2092 lege
1317 2036 1522 2080 conferri.

461 2100 704 2144 Atersaemi
722 2120 753 2144 s.
782 2104 875 2145 Imo
920 2102 1214 2147 destrueretur
1253 2107 1500 2164 promissio,
1546 2110 1579 2153 si
1617 2126 1667 2154 ex
1699 2112 1793 2171 lege

400 2166 631 2225 quisquam
649 2171 790 2228 justus
808 2181 932 2216 esset.
962 2173 1005 2217 Si
1026 2175 1141 2217 enim
1160 2175 1235 2234 qui
1257 2175 1432 2235 exlege,
1456 2179 1651 2225 haeredes
1672 2193 1788 2240 sunt,

401 2235 617 2280 exinanita
635 2248 698 2283 est
715 2241 838 2295 fides,
860 2252 1065 2287 evacuata
1085 2254 1146 2288 est
1164 2246 1440 2305 promissio23
1465 2248 1533 2293 lex
1555 2251 1670 2295 enim
1685 2253 1790 2298 iram

401 2315 607 2363 operatur
629 2327 637 2351 ;
657 2310 713 2352 ad
731 2310 813 2353 hoc
832 2312 998 2371 utique,
1021 2322 1070 2356 ut
1087 2313 1141 2358 ad
1164 2316 1269 2360 iram
1291 2318 1576 2376 evadendam,
1594 2322 1670 2365 Dei
1695 2339 1790 2382 gra-

400 2375 460 2420 tia
477 2377 763 2436 requiratur3.

460 2448 611 2492 CLXI.
637 2452 863 2496 JUan‘s.
895 2470 915 2493 «
940 2453 1067 2505 Quod
1091 2455 1192 2514 quia
1211 2456 1441 2503 manifesto
1462 2458 1619 2505 falsum
1640 2473 1702 2508 est
1717 2485 1728 2522 ς
1745 2474 1788 2510 et

401 2517 482 2560 sub
508 2517 603 2577 lege
625 2522 786 2581 quippe
808 2532 1053 2582 peccatores
1083 2540 1261 2584 poenam
1293 2529 1590 2586 merebantur,
1616 2543 1659 2578 et
1686 2545 1786 2580 ante

451 2609 456 2620 ¹
476 2602 544 2634 Gal.
565 2614 610 2645 ιιι,
636 2615 685 2645 ¹7·
704 2623 738 2629 —
755 2613 766 2629 ²
787 2609 877 2639 Rom.
897 2618 939 2649 iv,
963 2607 1014 2650 ¹4.
1032 2607 1098 2631 ...3
1120 2610 1204 2642 Beda
1222 2615 1256 2644 et
1273 2612 1388 2645 Florus.
