1821 3264
253 255 396 283 omnus
429 254 604 283 1MPERF.
640 253 802 283 CONTRA
836 254 1004 284 stum.
1043 258 1124 284 Llss.
1162 259 1210 284 11.
1348 247 1431 286 397

47 320 179 365 refert
196 320 240 365 in
260 337 345 381 qua
366 320 508 380 specie
529 321 670 366 varios
703 322 832 366 unius
855 324 1003 382 gratiae
1029 323 1202 367 fatearis
1224 323 1406 369 effectus
1422 359 1433 380 ,

46 391 287 437 dummodo
303 391 441 436 varios
462 407 586 452 posse
601 407 689 437 esse
706 393 881 438 fateare.
909 414 927 435 »

105 466 396 508 Amuszrmt-s.
418 462 552 507 Aliud
581 472 643 507 est
680 465 818 508 varios
856 464 1037 508 effectus
1078 464 1226 523 gratiae
1266 465 1434 519 dicere,

47 534 148 594 quia
171 544 214 578 et
238 534 459 593 Scriptura
474 542 622 578 sancta
640 533 954 580 multiformem
969 534 1076 579 dicit
1099 536 1280 594 gratiam
1305 536 1431 592 Dei¹3

48 613 92 649 et
102 604 223 648 aliud
238 614 301 648 est
314 605 495 663 gratiam
512 604 776 649 remissionis
793 614 1072 665 peccatorum
1092 605 1280 663 parvulis
1300 605 1436 649 dene-

49 689 172 734 gare,
210 690 371 735 eosque
404 675 449 717 in
478 673 671 718 Ecclesia
703 676 914 730 veritatis,
945 675 979 719 si
1019 690 1109 719 non
1137 684 1351 719 eruuntur
1387 676 1441 718 de

47 755 260 806 potestate
283 745 579 800 tenebrarum,
599 745 866 791 mendaciter
880 746 1112 791 exorcizari
1136 745 1441 805 exsufflarique

48 817 329 872 contendere,
347 833 448 862 cum
472 832 627 876 magna
644 818 800 877 injuria
819 818 1052 871 Creatoris‚
1074 818 1106 861 si
1130 834 1217 862 non
1239 817 1439 876 indigent

50 889 206 934 auxilio
230 889 485 942 Salvatoris,
510 897 559 932 ut
578 889 633 932 de
655 897 867 948 potestate
889 887 1130 948 deceptoris
1153 898 1375 933 eruantur.

107 975 266 1019 CXXI.
289 975 517 1017 Jthix-rs.
535 990 555 1014 «
576 974 669 1029 Ego
687 972 802 1016 enim
827 973 910 1016 hoc
931 980 1161 1016 contentus
1183 987 1295 1026 sum,
1321 968 1442 1031 quod

49 1045 156 1089 mihi
174 1060 217 1089 es
232 1053 282 1088 tu
304 1042 408 1088 dare
429 1043 702 1102 compulsus,
721 1044 823 1103 quia
846 1043 966 1103 quod
985 1042 1239 1102 praedicavit
1254 1046 1441 1101 Aposto-

48 1116 116 1161 lus
130 1116 176 1159 in
190 1115 447 1160 liberalitate
466 1116 631 1175 gratiae,
654 1131 743 1160 non
759 1115 893 1174 possit
908 1115 1075 1159 cunctis
1097 1114 1324 1174 aequaliter
1335 1122 1442 1157 aeta-

0 1192 1 1224 i
49 1187 165 1232 tibus
192 1186 452 1232 convenire:
480 1197 526 1230 tu
561 1187 594 1230 si
622 1185 730 1245 quid
758 1184 975 1238 attuleris,
1006 1183 1126 1243 quod
1157 1193 1199 1227 et
1226 1185 1270 1227 in
1303 1184 1442 1243 prima

49 1258 323 1303 nascentium
353 1266 480 1302 aetate
517 1257 811 1301 remissionem
845 1256 1075 1301 confirmes
1110 1255 1286 1315 exequi3
1331 1253 1442 1297 illud

49 1339 197 1374 tamen
221 1346 311 1374 non
335 1329 591 1383 admovisti,
625 1330 726 1389 quia
756 1344 843 1373 non
876 1327 1146 1387 compleatur
1177 1327 1221 1370 in
1253 1325 1444 1386 parvulis

50 1401 169 1446 unde
198 1401 433 1461 Apostolus
463 1400 644 1458 gratiam
668 1400 825 1445 Christi
858 1398 1156 1458 pronuntiavit
1177 1413 1266 1442 esse
1288 1397 1442 1441 lauda-

50 1472 199 1517 bilem.
220 1475 330 1517 Nam
360 1487 461 1516 cum
484 1471 744 1515 medicinam
767 1470 985 1528 mysterii,
1011 1479 1188 1529 peccato
1216 1469 1345 1528 primi
1361 1469 1443 1512 ho-

51 1544 195 1598 minis,
222 1558 353 1604 quem
375 1542 560 1587 sormam
579 1542 709 1586 fuisse
727 1541 929 1595 docebat,
956 1541 1239 1600 sequentibus
1254 1540 1444 1583 antefer-

51 1623 139 1669 ret,
167 1615 254 1670 ait,
290 1633 310 1656 «
336 1612 560 1657 Judiciuni
577 1628 627 1656 ex
646 1628 736 1656 uno
759 1611 919 1656 delicto
937 1611 981 1654 in
1005 1610 1416 1655 condemnationem
1433 1643 1444 1663 ,

58 1707 76 1727 »
103 1685 239 1745 gratia
257 1693 402 1729 autem
423 1701 471 1728 ex
491 1683 639 1728 multis
656 1683 822 1728 delictis
846 1684 890 1726 in
909 1683 1261 1743 justificationem
1277 1683 1309 1725 ².
1339 1700 1356 1721 n
1385 1680 1446 1724 ll-

51 1757 130 1801 lud
153 1772 253 1815 ergo
280 1772 358 1816 per
379 1755 498 1816 quod
523 1754 714 1815 praetulit
735 1755 936 1813 gratiam,
959 1752 1059 1813 quia
1080 1768 1129 1796 ex
1155 1751 1302 1796 multis
1322 1752 1446 1796 vide-

54 1829 156 1873 licet
185 1828 352 1873 delictis
377 1827 732 1888 justificationem
758 1835 986 1886 operatur,
1020 1840 1100 1868 nec
1128 1824 1368 1868 secundum
1405 1832 1447 1867 te

56 1909 226 1945 constat
247 1901 292 1944 in
317 1899 534 1959 parvulis,
567 1907 697 1958 atque
724 1897 778 1941 ad
799 1898 905 1951 hoc,
936 1896 1134 1955 quamvis
1149 1894 1444 1949 reluctareris,

44 1974 265 2015 ‘attractus
283 1985 349 2025 es,
375 1979 528 2013 utnon
547 1967 773 2028 aequaliter
790 1968 834 2011 in
853 1966 1029 2010 diversis
1048 1966 1249 2009 aetatibus
1268 1965 1447 2024 gratiam

56 2040 240 2086 faterere
260 2041 437 2085 versari.
466 2059 486 2081 n

115 2115 408 2157 Amr-smms.
442 2113 535 2155 Jam
572 2124 825 2169 responsum
847 2117 910 2152 est
936 2127 944 2151 :
972 2122 1082 2151 vana
1107 2106 1312 2166 loqueris.
1343 2104 1450 2149 Glo-

56 2184 166 2228 riosa
184 2193 247 2228 est
271 2182 406 2242 gratia
430 2182 532 2236 Dei,
558 2181 685 2225 etiarn
712 2195 810 2225 cum
835 2178 1014 2223 dimittit
1036 2178 1207 2236 singula
1237 2193 1450 2237 quornm-

56 2269 142 2314 que
159 2261 363 2313 peccat33
399 2252 500 2312 quia
530 2261 572 2295 et
598 2251 688 2311 ipsa
716 2248 884 2308 singula
921 2248 975 2292 ad
999 2264 1093 2292 eam
1123 2247 1450 2291 multitudinem

57 2325 277 2384 pertinent
303 2332 608 2384 peccatorum,
639 2338 691 2366 ex
718 2338 803 2382 qua
826 2321 1033 2380 justificat
1054 2320 1250 2363 homines
1272 2318 1347 2377 qui
1365 2317 1450 2362 sal-

57 2411 162 2439 vum
186 2395 289 2440 facit
319 2393 533 2454 populum
563 2408 689 2437 suum
721 2409 742 2435 a
777 2391 964 2450 peccatis
993 2391 1195 2434 eorum3:
1229 2387 1283 2431 ad
1320 2403 1452 2448 quem

57 2466 272 2526 populum
296 2466 545 2525 dignissime
564 2480 652 2508 non
668 2463 913 2523 pertinetis,
936 2461 1035 2520 quia
1057 2458 1257 2519 parvulos
1280 2457 1335 2502 ad
1353 2473 1451 2503 eum

59 2539 276 2598 pertinere
299 2552 387 2582 non
410 2536 553 2581 vultis.
1486 2529 1493 2534 ”

108 2629 118 2647 ¹
143 2635 156 2657 ι
178 2625 331 2662 Petr.1v‚
356 2633 405 2655 ιο,
423 2627 491 2645 -2
513 2624 602 2653 Rom.
626 2631 656 2660 v,
683 2621 788 2651 ¹01-—
808 2617 820 2640 3
841 2617 1071 2652 Mattl1.1‚21.
