1884 3285
427 299 510 338 330
851 307 885 334 s.
923 302 1152 333 AUGUSTINI
1183 301 1365 333 13121300121

426 383 521 418 tum
535 407 547 427 ,
571 385 681 432 quos
703 371 748 414 in
770 370 854 414 hoc
876 377 976 413 actu
998 383 1088 414 non
1103 383 1300 428 peccasse
1317 368 1582 428 praemiseras
1602 382 1612 411 τ
1633 370 1755 428 quod.
1773 371 1808 415 si

425 460 515 490 non
535 457 634 488 vere
649 442 694 486 id
715 455 1001 496 concesseras,
1018 441 1130 486 sicut
1151 454 1375 500 processus
1392 440 1457 484 tui
1472 440 1680 485 sermonis
1701 439 1809 485 indi-

425 524 509 570 cat,
533 515 636 574 ipsae
654 522 756 557 sunt
774 511 1041 564 execrandae,
1062 527 1161 571 quae
1177 525 1350 555 causam
1371 509 1571 555 fecerunt
1591 509 1710 555 mali.
1728 512 1809 555 Ve-

425 601 523 632 rum
547 585 633 630 illae
657 584 942 629 substantiam
969 584 1188 642 propriam
1218 598 1307 627 non
1329 581 1516 640 habent,
1538 580 1614 627 sed
1634 582 1810 628 nomine

425 673 505 703 suo
530 671 814 717 personarum
833 669 942 714 opus
968 653 1165 699 indicant
1184 673 1192 699 :
1211 662 1410 713 parentes
1428 653 1556 711 igitur
1572 687 1583 708 ‚
1603 653 1680 713 qui
1702 667 1811 698 con-
1864 696 1867 718 z

425 738 561 774 ventu
578 743 655 772 suo
671 742 844 771 causam
858 725 999 770 fecere
1011 733 1205 784 peccato,
1220 726 1319 785 jure
1334 722 1619 768 damnabiles.
1636 723 1812 782 Ambigi
1860 770 1862 772 ,

427 815 529 858 ergo
541 801 632 859 jam
648 813 737 842 non
749 807 906 858 potest,
933 798 1136 858 conjuges
1150 805 1314 840 aeterno
1328 795 1540 855 supplicio
1557 795 1810 854 mancipari,
1861 799 1863 802 ⁴

425 884 616 930 quorum
631 868 781 913 labore
800 877 946 913 actum
967 876 1047 922 est,
1078 876 1128 912 ut
1149 868 1204 912 ad
1225 866 1499 912 dominatum
1521 865 1812 910 exercendum

425 942 472 986 in
485 940 682 985 homines
704 939 902 984 diabolus
917 939 1178 998 perveniret.
1199 937 1327 991 Quod
1352 938 1385 982 si
1403 936 1684 991 concesseris,
1702 935 1814 981 illud
1865 950 1867 955 ·

427 1021 567 1058 totum
589 1010 709 1072 quod
731 1020 855 1055 antea
876 1010 1061 1055 tenuisse
1078 1008 1293 1053 videbaris
1316 1009 1507 1063 amittes,
1531 1006 1576 1052 id
1594 1016 1673 1063 est,
1693 1006 1815 1066 quod

426 1084 646 1130 hominem
679 1083 756 1127 Dei
784 1097 892 1141 opus
920 1081 1100 1126 dixeras.
1133 1079 1379 1127 Necessario
1406 1079 1569 1138 quippe
1591 1078 1813 1138 sequitur,
1866 1118 1867 1122 ,

426 1155 529 1215 quia
543 1170 621 1214 per
643 1153 994 1198 commixtionem
1016 1165 1250 1210 corporum
1272 1151 1395 1208 origo
1420 1149 1656 1209 progenitis
1675 1157 1755 1204 est,
1780 1149 1816 1194 si

426 1241 503 1286 per
516 1226 725 1283 originem
747 1223 912 1267 malum
931 1226 976 1266 in
999 1221 1264 1277 hominibus,
1285 1237 1363 1281 per
1380 1220 1544 1266 malum
1560 1221 1631 1281 jus
1653 1219 1817 1265 diaboli

427 1298 472 1340 in
494 1297 692 1342 homines
709 1329 720 1351 ‚
745 1292 969 1340 diabolum
987 1309 1076 1338 esse
1098 1302 1320 1339 auctorem
1336 1292 1583 1347 hominum,
1604 1307 1629 1336 a
1650 1306 1740 1351 quo
1752 1301 1817 1337 est

427 1368 548 1426 origo
572 1367 858 1411 nascentium.
891 1369 994 1411 Post
1022 1380 1121 1425 quae
1137 1365 1270 1423 ipsius
1290 1363 1436 1408 denuo
1453 1363 1584 1408 verba
1601 1362 1782 1422 repetivi
1803 1381 1813 1407 :

430 1458 451 1483 «
470 1441 578 1485 Nam
602 1439 713 1483 sicut
726 1446 977 1497 peccatum,
995 1437 1082 1482 sive
1098 1437 1214 1490 hinc,
1240 1435 1328 1480 sive
1349 1434 1452 1479 inde
1474 1435 1687 1489 trahatur,
1707 1448 1818 1493 opus

431 1528 451 1551 »
477 1518 542 1554 est
573 1508 760 1567 diaboli3
787 1508 847 1552 sic
879 1508 1039 1560 hom0,
1069 1508 1156 1551 sive
1185 1506 1308 1561 hinc,
1342 1506 1431 1550 sive
1463 1505 1564 1549 inde
1595 1513 1814 1560 nascatur,
1864 1549 1867 1566 Ἴ,

431 1599 451 1622 »
478 1596 587 1641 opus
609 1589 672 1624 est
692 1580 809 1624 Dei1.
837 1599 855 1621 »
881 1582 944 1624 Ac
965 1578 1164 1638 protinus
1193 1578 1402 1622 insurrexi
1423 1577 1507 1622 hoc
1530 1575 1677 1626 modo..
1702 1577 1816 1622 Cum

428 1652 547 1696 illam
571 1666 721 1696 vocem
748 1651 912 1695 timoris
930 1650 995 1694 tui
1018 1651 1160 1708 cogito
1179 1684 1189 1704 ,
1216 1665 1302 1708 qua
1327 1648 1433 1693 dicis
1457 1647 1630 1707 nuptias
1650 1645 1816 1691 malum
1864 1661 1868 1684 π

428 1739 518 1767 non
543 1738 655 1777 esse,
680 1723 782 1767 istos
811 1722 917 1767 alios
935 1736 1155 1766 sermones
1177 1730 1275 1765 tuos
1307 1721 1399 1764 sine
1424 1719 1513 1764 risu
1544 1718 1817 1763 considerare
1863 1765 1868 1778 ,

428 1809 518 1838 non
541 1808 730 1852 possum.
757 1793 799 1837 Si
820 1793 937 1836 enim
969 1791 1108 1836 credis
1134 1807 1157 1835 a
1181 1794 1271 1835 Deo
1298 1791 1496 1834 homines
1521 1789 1643 1845 fieri,
1664 1797 1708 1833 et
1728 1803 1818 1833 esse

428 1866 634 1924 conjuges
650 1865 904 1909 innocentes
921 1885 932 1922 3
949 1863 1048 1909 vide
1066 1878 1199 1924 quam
1222 1871 1334 1907 stare
1352 1876 1442 1906 non
1462 1861 1611 1920 possit,
1631 1860 1744 1905 trahi
1766 1875 1818 1905 ex
1865 1862 1868 1896 ἒ

429 1937 494 1980 his
523 1934 732 1994 originale
756 1944 980 1994 peccatum
995 1937 1027 1977 2.
1048 1936 1176 1980 Certe
1198 1949 1288 1978 non
1305 1941 1456 1993 peccat
1477 1932 1558 1976 iste
1586 1932 1662 1992 qui
1683 1931 1818 1976 nasci·
1865 1985 1867 1990 A

431 2017 518 2061 tur,
535 2022 623 2052 non
639 2016 791 2066 peccat
809 2005 882 2050 ille
902 2007 978 2067 qui
1003 2006 1168 2065 genuit,
1194 2020 1285 2049 non
1308 2013 1460 2063 peccat
1476 2002 1550 2048 ille
1570 2003 1648 2062 qui
1668 2001 1818 2048 condi-

429 2076 493 2122 dit
507 2093 603 2137 :per
620 2093 727 2137 quas
743 2078 870 2122 rimas
883 2078 996 2122 inter
1007 2086 1074 2122 tot
1088 2074 1284 2136 praesidia
1295 2074 1573 2128 innocentiae,
1587 2082 1818 2133 peccatum
1865 2066 1867 2134 J

429 2149 553 2207 fingis
571 2150 827 2208 ingressum.
850 2167 871 2191 »
1866 2142 1867 2149 ’

489 2223 781 2264 Ancum-mes.
828 2222 926 2264 Jam
961 2219 1028 2263 his
1064 2218 1206 2263 verbis
1243 2218 1352 2273 tuis,
1397 2217 1527 2272 etiam
1561 2231 1664 2261 cum
1704 2216 1819 2276 ipsos

430 2285 564 2330 libros
592 2294 689 2329 tuos
723 2285 920 2344 legissem
938 2320 949 2339 ,
980 2284 1250 2344 respondisse
1271 2299 1342 2328 me
1372 2283 1548 2328 sufficit.
1582 2285 1746 2328 Verum
1774 2291 1818 2327 et
1863 2287 1867 2326 ἶ

430 2357 501 2400 hic
514 2355 745 2412 admoneo,
766 2355 1023 2415 Apostolum
1041 2356 1185 2414 potius
1200 2353 1468 2400 audiendum
1484 2369 1590 2409 esse,
1607 2368 1741 2413 quam
1756 2362 1814 2409 te,
1863 2346 1866 2398 ἶ

430 2430 507 2489 qui
529 2444 619 2473 non
643 2426 859 2473 occultam
886 2428 1061 2481 rimam,
1092 2427 1168 2471 sed
1192 2426 1504 2485 apertissimam
1528 2426 1708 2485 januam
1736 2425 1818 2470 de·
1863 2424 1867 2440 '

432 2499 710 2554 monstravit,
737 2514 824 2559 qua
851 2507 1079 2558 peccatum
1112 2497 1287 2542 intravit
1317 2497 1364 2541 in
1391 2495 1632 2551 mundum,
1667 2505 1710 2541 et
1740 2511 1818 2556 per

432 2579 661 2630 peccatum
694 2585 810 2616 mors
825 2604 836 2626 ,
861 2579 906 2615 et
927 2570 987 2614 ita
1006 2569 1052 2614 in
1075 2583 1225 2614 omnes
1247 2568 1445 2614 homines
1471 2568 1718 2628 pertransiit
1735 2602 1748 2624 ,
1772 2568 1818 2613 in
1863 2613 1865 2619 Α

482 2664 488 2679 ¹
507 2655 585 2687 vide
606 2655 661 2687 lib.
680 2655 743 2687 ide
756 2655 894 2697 Nuptiis,
915 2666 986 2697 cap.
1006 2666 1033 2687 1.
1052 2672 1093 2678 -—
1110 2661 1122 2678 ²
1142 2654 1223 2686 lbicl.
1242 2664 1315 2696 cap.
1339 2653 1394 2693 28,
