1884 3285
1842 0 1852 44 l

1847 216 1851 269 3

1848 272 1852 306 1

448 225 500 263 64
882 234 913 257 5.
952 229 1181 256 Αι-αυετὶΜ
1214 230 1394 256 EPlSCOPl

449 319 469 341 »
483 314 594 342 mus.
612 306 654 340 et
668 297 778 340 sicut
792 295 1031 339 Gomorrha
1047 294 1149 338 faeti
1159 294 1316 339 similes
1329 294 1557 338 fuissemus
1570 294 1630 336 1.»
1651 294 1830 353 lneujus
1848 314 1853 344 t

443 367 694 426 quaestionis
716 365 931 410 solutione
948 364 1195 408 laboratum
1223 374 1286 409 est
1315 364 1491 424 quidem
1515 377 1594 423 pro
1612 362 1748 408 libero
1767 345 1854 407 ειν-1

442 439 569 481 bitrio
591 436 826 480 voluntatis
848 437 1052 479 humanae
1079 455 1086 479 :
1114 437 1189 479 sed
1219 436 1322 480 vicit
1349 436 1424 479 Dei
1449 435 1582 493 gratia
1612 455 1623 491 3
1647 450 1728 479 nec
1749 435 1830 478 nisi
1850 412 1855 464 l

441 507 495 550 ad
515 507 626 551 illud
647 508 789 567 potuit
817 507 1053 566 perveniri,
1082 516 1129 550 ut
1154 506 1438 567 liquidissima
1470 505 1650 550 veritate
1674 506 1830 550 dixisse
1852 496 1860 575 Ξ

440 578 708 637 intelligatur
729 577 962 638 Apostolus
995 597 1003 622 :
1039 597 1058 620 «
1087 579 1192 631 Quis
1227 579 1340 622 enim
1372 587 1414 621 te
1447 575 1652 621 discernit
1674 578 1692 620 P
1713 576 1830 629 Quid
1853 580 1862 626 ξ·

443 666 463 690 »
491 659 634 693 autem
664 650 797 693 habes
834 648 954 708 quod
988 664 1078 693 non
1109 649 1309 708 accepisti
1338 651 1355 692 P
1387 648 1429 692 Si
1460 656 1606 691 autem
1639 655 1682 690 et
1706 661 1828 690 acce·
1854 637 1861 690 3

441 739 461 763 »
489 722 586 780 pisti
607 756 617 775 ‚
642 721 748 781 quid
772 720 964 778 gloriaris
982 756 994 774 ,
1015 721 1135 780 quasi
1161 737 1247 765 non
1276 720 1494 780 acceperis
1516 721 1533 760 ἰ)
1558 737 1578 760 »
1604 718 1731 771 Quod
1755 733 1832 763 vo-
1854 708 1859 750 3

438 791 530 835 lens
555 792 685 835 etiam
708 801 874 849 martyr
895 791 1140 851 Cyprianus
1170 793 1396 836 ostendere
1415 827 1425 845 ,
1460 792 1542 835 hoc
1573 799 1714 834 totum
1737 790 1831 849 ipso

438 861 568 905 titulo
599 861 824 916 definivit,
850 861 998 906 dicens
1025 881 1033 906 ;
1063 881 1081 904 «
1107 865 1156 905 In
1181 862 1303 906 nullo
1326 861 1599 919 gloriandum
1619 895 1629 914 ‚
1651 858 1830 919 quando
1856 843 1862 930 Ξ

440 949 461 973 »
489 941 684 976 nostrum
710 931 819 975 nihil
842 932 910 975 sit.
931 951 948 972 »
974 935 1086 976 Ecce
1103 948 1238 991 quare
1260 931 1345 976 dixi
1369 931 1581 991 superius,
1606 930 1689 974 hoc
1712 944 1831 988 apos·
1858 939 1862 1007 Ξ

440 1003 571 1048 tolieo
593 1004 812 1063 praecipue
835 1004 1081 1047 testimonio
1097 1005 1223 1047 etiam
1248 1019 1315 1047 me
1338 1003 1478 1061 ipsum
1499 1002 1630 1046 fuisse
1652 1001 1830 1045 convic-
1860 1023 1863 1057 ;

438 1083 534 1119 tum
564 1096 572 1120 ;
598 1090 698 1119 cum
723 1076 777 1118 de
806 1075 950 1118 haere
974 1073 1097 1118 aliter
1121 1089 1311 1133 saperem
1335 1095 1346 1131 3
1371 1088 1505 1133 quam
1523 1073 1629 1116 mihi
1651 1075 1764 1116 Deus
1786 1072 1831 1114 in

436 1146 519 1190 hac
532 1146 772 1205 quaestione
785 1145 1007 1200 solvenda,
1020 1161 1119 1189 eum
1139 1145 1193 1189 ad
1212 1147 1460 1203 episcopum
1480 1143 1826 1202 Simplicianum.
1861 1133 1866 1183 ἶ

437 1217 547 1260 sieut
569 1216 656 1260 dixi
681 1251 691 1269 ‚
725 1216 969 1270 scriberem,
996 1215 1207 1258 revelavit
1230 1217 1280 1272 (1
1306 1217 1336 1272 ).
1365 1217 1458 1258 Hoc
1479 1214 1612 1272 igitur
1635 1212 1832 1272 Apostoli
1862 1219 1866 1258 ἰ

436 1286 738 1329 testimonium
764 1319 774 1339 ‚
804 1285 879 1327 ubi
915 1284 969 1328 ad
1000 1284 1318 1343 reprimendam
1352 1283 1538 1327 hominis
1560 1283 1830 1326 inflationem
1862 1266 1867 1320 3

438 1355 547 1399 dixit
567 1375 575 1399 ;
601 1373 619 1396 «
641 1353 759 1408 Quid
777 1356 892 1398 enim
917 1355 1051 1398 habes
1072 1354 1192 1413 quod
1214 1370 1303 1398 non
1326 1355 1604 1412 accepisti²?»
1622 1369 1711 1397 non
1729 1353 1831 1397 sinit
1864 1349 1884 1423 Ξῖ

437 1440 702 1485 quemquam
741 1424 937 1468 fidelium
978 1425 1120 1468 dicere
1160 1445 1167 1468 :
1211 1425 1361 1468 Habeo
1402 1425 1534 1468 fidem
1574 1439 1704 1483 quam
1741 1439 1829 1467 non
1865 1433 1884 1515 Ξ

438 1496 599 1554 accepi.
646 1495 918 1554 Reprimitur
961 1496 1140 1539 omnino
1183 1495 1248 1538 his
1279 1495 1525 1554 apostolicis
1560 1494 1704 1538 verbis
1740 1503 1829 1538 tota
1866 1522 1870 1540 ,2

438 1567 566 1625 hujus
586 1566 871 1624 responsionis
890 1564 1032 1609 elatio.
1061 1566 1144 1610 Sed
1169 1582 1223 1610 ne
1249 1567 1330 1610 hoe
1351 1566 1528 1626 quidem
1553 1574 1693 1624 potest
1713 1564 1825 1609 dici:
1866 1541 1870 1599 l

439 1637 645 1689 Quamvis
668 1651 756 1679 non
778 1635 958 1679 habeam
977 1634 1213 1694 perfectam
1238 1637 1387 1690 fidem,
1412 1636 1553 1679 habeo
1576 1645 1722 1679 tamen
1737 1636 1829 1694 ejus

438 1706 608 1750 initium
631 1740 642 1761 ‚
666 1721 754 1766 quo
777 1706 821 1749 in
843 1705 1064 1750 Christum
1098 1706 1300 1765 primitus
1329 1705 1508 1749 credidi.
1548 1705 1659 1758 Quia
1690 1714 1733 1749 et
1756 1705 1827 1748 hie

437 1776 726 1835 respondetur
755 1795 764 1820 ;
797 1794 815 1817 «
843 1775 955 1828 Quid
977 1785 1123 1821 autem
1154 1776 1289 1819 habes
1322 1774 1442 1836 quod
1467 1791 1556 1819 non
1583 1775 1826 1834 accepisti?

440 1864 460 1887 »
490 1846 533 1891 Si
563 1854 705 1890 autem
727 1854 771 1889 et
804 1845 1005 1904 accepisti
1030 1880 1040 1901 ‚
1073 1846 1181 1906 quid
1214 1845 1406 1904 gloriaris
1438 1845 1560 1905 quasi
1583 1861 1673 1890 non
1703 1860 1826 1890 acce-

439 1934 460 1957 »
484 1916 597 1975 peris
618 1918 673 1960 Ρ»

498 1989 575 2029 ΙΧ.
621 1984 738 2028 Illud
778 2000 880 2029 vero
910 1985 1029 2044 quod
1057 1994 1216 2044 putant
1241 1985 1346 2029 «de
1378 1987 1459 2030 hac
1497 1987 1584 2030 fide
1617 1987 1715 2030 ideo
1737 2001 1826 2030 non
1871 1980 1875 2039 Ξ

436 2070 559 2114 posse
577 2055 661 2100 dici
687 2075 696 2099 2
722 2074 741 2097 «
768 2054 883 2108 Quid
908 2055 1021 2098 enim
1049 2056 1180 2099 habes
1204 2056 1324 2116 quod
1346 2071 1434 2100 non
1459 2057 1661 2116 accepisti
1688 2078 1699 2113 3
1723 2057 1826 2117 quia

440 2144 460 2167 »
486 2126 529 2170 in
551 2126 700 2170 eadem
726 2134 878 2169 natura
903 2127 1127 2180 remansit,
1155 2126 1253 2170 licet
1275 2127 1446 2181 vitiata,
1468 2143 1568 2186 quae
1585 2127 1703 2185 prius
1723 2142 1823 2170 sana
1872 2114 1877 2161 l

439 2214 460 2237 »
486 2212 534 2240 ac
557 2195 749 2255 perfecta
764 2195 924 2239 donata
947 2195 1023 2239 sit²³
1042 2215 1050 2239 ι
1071 2213 1090 2236 n
1110 2195 1217 2239 nihil
1235 2196 1288 2240 ad
1308 2196 1352 2240 id
1374 2197 1492 2256 quod
1509 2195 1664 2241 volunt
1682 2197 1825 2242 valere

437 2266 710 2325 intelligitur,
732 2266 766 2309 si
785 2281 862 2309 eur
877 2266 960 2309 hoc
984 2265 1216 2323 Apostolus
1231 2266 1388 2309 dixerit
1410 2267 1824 2325 cogitetur.Agebat
1875 2304 1877 2310 Α

437 2337 553 2380 enim
575 2371 585 2391 ‚
623 2352 677 2380 ne
719 2336 948 2396 quisquam
987 2336 1243 2393 gloriaretur
1275 2337 1319 2379 in
1356 2337 1533 2380 homine
1565 2358 1575 2394 3
1616 2337 1820 2396 quoniam
1874 2331 1879 2395 Ξ

437 2407 720 2451 dissensiones
742 2415 900 2450 exortae
918 2404 1091 2450 fuerant
1114 2407 1226 2450 inter
1253 2407 1500 2451 Corinthios
1530 2408 1818 2461 Christianos,
1875 2399 1880 2476 Ξ

437 2477 495 2522 ita
519 2487 568 2521 ut
589 2477 890 2537 unusquisque
925 2475 1088 2520 diceret
1117 2496 1125 2520 ι
1156 2496 1174 2518 «
1208 2480 1301 2536 Ego
1332 2478 1510 2537 quidem
1548 2494 1644 2524 sum
1680 2479 1818 2533 Pauli,
1876 2479 1880 2503 ¹

487 2567 495 2584 ¹
523 2564 612 2593 Rom.
640 2572 683 2602 ix,
705 2563 760 2594 20.
784 2577 824 2583 —-
843 2567 854 2582 2
881 2571 890 2593 1
913 2562 985 2593 Cor.
1007 2572 1053 2598 iv,
1077 2571 1107 2602 7.
1124 2560 1288 2593 -r-31hid.

1867 1609 1871 1667 l

1868 1670 1872 1715 ε

1868 1720 1872 1777 l

1869 1782 1873 1858 l

1870 1859 1874 1940 ἒ
