1884 3285
432 256 512 294 156
849 262 881 290 s.
921 265 1146 292 AUGUSTINI
1181 265 1357 292 BPJSCON

426 345 602 375 munera
619 339 876 388 agnoscunt,
898 330 951 373 ab
970 330 1062 388 ipso
1086 331 1227 385 nobis,
1254 346 1340 374 non
1354 346 1376 374 a
1393 330 1517 374 nobis
1534 345 1622 375 esse
1641 341 1801 376 testan-

427 411 509 443 tur.
557 400 779 458 Numquid
820 408 963 444 autem
1000 400 1228 461 quisquam
1265 415 1336 444 eos
1371 400 1566 444 dicturus
1604 409 1668 444 est
1686 435 1698 455 ,
1743 401 1801 446 ita

424 467 638 513 confessos
673 471 794 513 istam
835 470 909 513 Dei
945 471 1120 528 gratiam
1150 505 1160 525 ‚
1195 479 1244 514 ut
1280 469 1490 514 auderent
1520 484 1678 529 negare
1712 471 1803 530 ejus

424 539 738 598 praescientiam
758 575 768 593 ,
794 555 925 599 quam
948 555 1037 584 non
1059 539 1199 584 solum
1221 541 1353 594 docti,
1377 539 1452 583 sed
1478 539 1643 584 indocti
1673 541 1803 584 etiam

423 611 723 654 confitentur?
746 615 879 655 Porro
910 611 943 654 si
971 611 1064 655 haec
1095 613 1155 655 ita
1187 614 1324 655 Deum
1355 621 1567 655 noverant
1594 610 1720 665 dare,
1757 619 1806 655 ut

424 694 513 724 non
536 681 786 739 ignorarent
807 696 905 724 eum
928 679 1133 725 daturum
1152 697 1196 724 se
1212 696 1302 726 0550
1325 682 1558 740 praescisse,
1580 692 1624 725 et
1645 681 1807 741 quibus
1859 735 1863 746 ι

424 750 604 794 daturus
639 760 748 794 esset
780 766 867 795 non
896 751 1084 810 potuisse
1107 753 1269 796 nescire
1291 773 1302 809 3
1327 751 1479 811 procul
1511 752 1647 796 dubio
1678 766 1808 796 nove-

425 830 522 865 rant
548 821 994 880 praedestinationem,
1016 837 1146 882 quam
1170 838 1245 882 per
1267 822 1495 882 Apostolos
1526 823 1806 882 praedicatam

424 901 573 935 contra
597 907 730 936 novos
754 893 978 936 haereticos
1000 894 1219 951 operosius
1248 893 1588 952 diligentiusque
1605 890 1808 936 defendi·

424 977 519 1004 mus
537 982 544 1007 ;
562 978 641 1007 1100
666 972 809 1006 tamen
827 963 885 1007 eis
903 963 1193 1007 obedientiam
1214 964 1565 1022 p1·aedica1nibus,
1584 973 1625 1007 et
1638 963 1691 1007 ad
1713 978 1808 1007 eam
1862 1008 1865 1020 4

423 1034 533 1077 sicut
562 1035 745 1093 quisque
777 1043 945 1093 poterat
968 1033 1183 1078 ferventer
1219 1035 1494 1078 hortantibus
1515 1069 1525 1087 ,
1550 1033 1642 1077 ullo
1678 1033 1809 1078 modo

424 1113 538 1147 recte
559 1103 776 1147 diceretur
801 1123 808 1147 ;
837 1104 879 1147 Si
904 1119 991 1147 non
1011 1103 1139 1147 vultis
1158 1104 1475 1157 obedientiam,
1499 1104 1553 1146 ad
1576 1118 1707 1163 quam
1731 1117 1809 1147 nos
1863 1150 1867 1156 ,

422 1173 677 1225 accenditis,
704 1174 748 1216 in
772 1182 919 1216 nostro
941 1174 1069 1217 corde
1094 1173 1341 1230 frigescere,
1367 1171 1503 1216 nolite
1534 1173 1661 1217 nobis
1681 1174 1808 1216 istam
1864 1191 1867 1203 ·’

424 1243 499 1285 Dei
518 1243 699 1301 gratiam
720 1243 971 1301 praedicare,
997 1258 1083 1302 qua
1115 1247 1252 1286 Deum
1271 1241 1372 1286 dare
1397 1243 1617 1297 fatemini,
1640 1258 1740 1303 quae
1761 1252 1809 1287 ut
1864 1291 1867 1307 ἴ

422 1329 499 1356 1105
516 1313 724 1356 iaciamus
742 1314 991 1357 hortamini.
1865 1316 1868 1329 '

484 1386 553 1426 Lt.
590 1383 883 1436 Quamobrem
915 1384 947 1427 si
971 1393 1013 1426 et
1043 1383 1271 1442 Apostoli,
1306 1392 1348 1427 01
1378 1382 1575 1427 doctores
1604 1383 1807 1427 Ecclesiae

422 1454 496 1512 qui
513 1456 571 1497 eis
589 1464 905 1508 successerunt,
930 1470 1089 1513 eosque
1111 1455 1264 1498 imitati
1285 1464 1401 1509 sunt,
1417 1464 1655 1515 utrumque
1679 1454 1810 1499 facie-

425 1524 550 1577 bant,
577 1524 727 1577 idest,
753 1533 795 1567 et
821 1525 893 1567 Dei
925 1525 1102 1582 gratiam
1125 1559 1135 1577 ,
1161 1540 1260 1583 quae
1282 1540 1370 1569 non
1393 1525 1634 1569 secundum
1656 1526 1808 1569 merita

425 1604 568 1638 nostra
588 1595 731 1649 datur,
754 1596 960 1638 veraciter
984 1595 1294 1653 praedicabant,
1321 1604 1363 1639 et
1380 1596 1495 1654 piam
1517 1594 1808 1640 obedientiam
1867 1593 1870 1604 '

425 1666 648 1722 praeceptis
677 1665 924 1708 salubribus
948 1665 1221 1708 instruebant
1256 1685 1265 1710 ;
1288 1664 1394 1723 quid
1420 1675 1482 1708 est
1505 1664 1626 1724 quod
1647 1665 1807 1709 invicta

423 1734 614 1778 conclusi
642 1734 846 1779 violentia
870 1736 1060 1779 veritatis
1084 1745 1197 1779 recte
1219 1751 1262 1779 se
1282 1736 1348 1779 isti
1377 1736 1511 1779 nostri
1539 1736 1682 1779 dicere
1705 1737 1810 1779 exis·

423 1805 578 1848 timant
606 1825 612 1847 :
639 1825 657 1845 «
680 1805 771 1849 Etsi
794 1820 945 1848 verum
968 1815 1031 1849 051
1046 1806 1165 1865 quod
1178 1804 1335 1848 dicitur
1353 1805 1407 1849 de
1428 1805 1808 1865 praedestinatione
1868 1810 1872 1822 ⁴

422 1873 732 1918 beneficiorum
756 1874 852 1927 Dei,
871 1889 959 1918 non
983 1883 1206 1918 esttamen
1224 1875 1396 1934 populis
1410 1875 1752 1934 praedicandum.
1783 1894 1802 1916 »

424 1944 754 1989 Praedicandum
775 1955 838 1989 est
870 1960 1042 2003 prorsus
1059 1981 1069 1997 ,
1097 1956 1144 1988 ut
1169 1949 1243 2004 qui
1268 1945 1400 1989 habet
1427 1961 1551 1989 aures
1582 1945 1804 2000 audiendi,
1870 1994 1873 2005 1

423 2014 572 2058 audiat
597 2019 626 2059 ¹.
655 2034 674 2056 n
703 2016 806 2068 Quis
833 2024 976 2059 autem
998 2051 1007 2069 ,
1045 2018 1077 2059 si
1109 2031 1197 2059 non
1227 2017 1393 2075 accepit
1420 2016 1473 2059 ab
1503 2016 1577 2059 illo
1613 2018 1688 2076 qui
1710 2017 1769 2059 ait
1794 2036 1802 2060 :
1870 2068 1874 2079 .

427 2106 444 2126 α
461 2087 581 2130 Dabo
595 2087 653 2130 015
669 2102 742 2130 001
754 2086 1043 2144 cognoscendi
1059 2102 1143 2140 me,
1162 2096 1203 2130 01
1227 2102 1350 2130 311105
1368 2087 1808 2131 audientes2?«Cei-te
1870 2086 1875 2097 ’

422 2157 497 2215 qui
521 2172 608 2201 non
631 2158 810 2216 aceepit,
834 2158 994 2216 rejiciat
1017 2177 1024 2201 :
1050 2158 1153 2201 dum
1178 2166 1324 2201 tamen
1343 2158 1418 2216 qui
1439 2159 1578 2216 capit,
1603 2167 1744 2202 sumat
1764 2167 1807 2202 et
1871 2205 1876 2213 .

426 2227 545 2270 bibat
562 2262 571 2280 ‚
598 2227 719 2270 bibat
741 2238 783 2270 et
813 2228 943 2271 vivat.
974 2227 1093 2272 Sicut
1118 2228 1233 2270 enim
1262 2227 1537 2286 praedicanda
1559 2238 1623 2272 051
1645 2228 1804 2286 pietas,
1870 2220 1875 2231 ⁴

425 2306 474 2339 ut
496 2296 550 2339 ab
580 2311 631 2339 eo
653 2297 727 2356 qui
757 2297 888 2340 habet
914 2312 1036 2340 aures
1068 2296 1299 2351 audiendi,
1328 2300 1438 2341 Deus
1464 2306 1579 2341 recte
1600 2297 1768 2341 colatur
1792 2319 1804 2354 3

424 2364 698 2423 praedicanda
711 2375 774 2409 est
787 2365 1009 2425 pudicitia,
1022 2376 1069 2410 ut
1083 2367 1137 2410 ab
1150 2382 1199 2410 eo
1214 2367 1291 2426 qui
1305 2367 1435 2411 habet
1446 2382 1569 2411 aures
1584 2365 1803 2422 audiendi,

424 2435 529 2477 1111111
551 2434 810 2493 genitalibus
841 2435 1042 2479 membris
1076 2435 1275 2480 illicitum
1312 2446 1618 2496 perpetretur,
1653 2438 1802 2495 praedi-

425 2503 561 2547 canda
588 2514 650 2548 est
681 2504 886 2560 charitas,
912 2515 961 2550 ut
987 2504 1042 2548 ab
1076 2521 1127 2550 eo
1157 2506 1231 2566 qui
1255 2506 1387 2551 habet
1422 2522 1544 2551 aures
1567 2505 1801 2561 audiendi,

475 2595 480 2609 ²
508 2590 571 2619 Luc
606 2599 672 2627 vin,
694 2588 723 2620 8.
740 2605 780 2611 -·
798 2595 809 2611 ²
827 2589 963 2629 baruch,
988 2599 1022 2626 11,
1043 2589 1093 2620 31.
