1884 3285
435 231 488 268 10
869 244 902 270 S·
938 240 1171 273 nmvsnm
1203 247 1384 279 29160091

432 313 474 348 et
499 305 577 349 ista
599 304 688 350 duo
709 314 946 364 respuunt,
976 316 1021 352 et
1047 307 1198 354 dicunt
1228 332 1237 358 ι
1262 316 1350 360 Nec
1373 325 1423 362 ut
1443 319 1665 379 praecipias
1685 323 1809 379 mihi,
1872 332 1876 374 ἶ

430 389 508 418 nec
530 383 576 419 ut
593 391 684 419 ores
707 391 787 435 pro
806 391 874 420 me
896 376 996 422 volo
1016 380 1151 432 ?Quis
1179 383 1294 427 enim
1319 386 1545 434 hominum
1569 393 1812 440 ostenditur
1872 422 1875 462 j

428 459 567 488 orasse
585 461 662 504 pro
681 449 825 501 Petro,
846 457 894 492 ut
908 447 1030 494 daret
1049 452 1084 494 ei
1105 455 1216 497 Deus
1232 458 1553 517 poenitentiam,
1570 479 1656 523 qua
1673 480 1717 509 se
1731 481 1810 511 ne·
1873 507 1875 521 ἶ

427 529 546 571 gasse
561 517 795 560 Dominum
810 518 957 563 flevit?
972 521 1073 573 Quis
1088 522 1313 570 hominum
1330 529 1512 576 Paulum
1526 532 1682 580 divinis
1696 551 1786 596 prae
1797 564 1810 572 -
1873 559 1875 598 j

426 585 560 643 ceptis
576 586 630 630 ad
650 588 780 633 fidem
809 590 1082 636 christianam
1110 597 1429 652 pertinentibus
1459 603 1808 653 erudivit?Cum
1872 655 1876 660 ,

425 670 526 714 ergo
540 658 763 703 audiretur
780 661 1017 720 praedicans
1033 666 1318 724 Evangelium
1335 705 1345 724 ,
1359 680 1401 716 et
1413 671 1581 720 dicens:
1611 695 1631 719 «
1648 679 1810 723 Notum
1873 735 1876 738 ⁴

428 743 447 767 »
470 728 583 771 enim
607 729 728 774 vobis
754 730 880 787 facio,
899 732 1065 790 fratres,
1094 738 1379 797 Evangelium
1399 744 1519 801 quod
1539 748 1811 807 evangeliza-

428 815 446 838 »
474 806 564 842 tum
589 809 688 844 esta
709 817 794 858 me,
817 804 917 864 quia
935 821 1023 850 non
1045 817 1108 852 est
1125 812 1369 856 secundum
1386 814 1606 862 hominem
1630 840 1642 876 3
1666 835 1810 881 neque

425 884 444 908 »
466 869 580 913 enim
599 886 679 929 ego
704 872 759 916 ab
779 874 955 920 homine
978 880 1123 939 accepi
1147 880 1273 937 illud,
1300 899 1444 944 neque
1463 887 1618 945 didici,
1645 892 1718 936 sed
1733 908 1810 951 per

421 955 441 979 »
463 939 769 987 revelationem
794 946 954 991 Christi
979 951 1080 993 Jesu
1103 953 1112 974 ¹
1144 970 1152 995 ε
1184 972 1199 993 »
1238 955 1571 1014 responderetur
1593 961 1632 1005 ei
1657 982 1665 1007 2
1691 964 1807 1016 Quid

417 1009 542 1054 nobis
573 1012 780 1058 molestus
797 1030 863 1071 es,
898 1027 947 1061 ut
971 1020 1047 1063 abs
1070 1030 1113 1065 te
1135 1024 1396 1082 accipiamus
1417 1037 1548 1089 atque
1570 1031 1803 1091 discamus,

416 1082 536 1139 quod
555 1091 601 1126 tu
621 1100 709 1129 non
733 1086 789 1131 ab
815 1088 988 1134 homine
1014 1094 1216 1153 accepisti
1239 1112 1381 1157 neque
1403 1099 1591 1147 didicisti
1610 1105 1626 1145 ?
1649 1107 1806 1151 Potens

414 1160 478 1195 est
496 1152 567 1196 ille
581 1155 656 1214 qui
670 1156 748 1200 tibi
764 1157 901 1214 dedit,
915 1160 975 1206 sic
994 1171 1037 1206 et
1053 1164 1175 1208 nobis
1190 1166 1292 1210 dare
1307 1171 1532 1226 quomodo
1549 1173 1644 1217 tibi.
1670 1178 1804 1222 Porro

413 1221 447 1264 si
464 1222 546 1267 hoc
569 1240 657 1270 non
685 1226 849 1273 audent
866 1230 1008 1276 dicere
1027 1254 1038 1290 3
1060 1233 1133 1278 sed
1156 1237 1383 1293 patiuntur
1404 1241 1486 1285 sibi
1515 1244 1801 1304 Evangelium

410 1291 465 1335 ab
489 1293 664 1339 homine
686 1299 912 1355 praedicari
939 1321 950 1358 3
975 1305 1174 1361 quamvis
1201 1308 1329 1351 etiam
1353 1311 1487 1368 possit
1508 1327 1600 1358 non
1619 1330 1696 1374 per
1719 1317 1800 1362 ho-

408 1362 571 1408 minem
597 1367 762 1412 homini
784 1372 877 1414 dari
902 1391 910 1417 :
932 1374 1176 1421 concedant
1192 1378 1322 1422 etiam
1345 1382 1505 1442 corripi
1525 1399 1569 1428 se
1594 1385 1754 1433 debere
1775 1406 1799 1434 a

408 1436 646 1492 praepositis
672 1439 787 1494 suis,
823 1457 846 1484 a
877 1443 1037 1501 quibus
1069 1446 1298 1493 christiana
1334 1454 1469 1509 gratia
1504 1457 1800 1519 praedicatur3

406 1507 602 1563 quamvis
616 1523 703 1552 non
722 1522 904 1570 negetur
923 1517 1035 1560 Deus
1061 1532 1200 1576 posse,
1226 1537 1359 1580 quem
1377 1524 1498 1581 velit,
1524 1528 1654 1573 etiam
1678 1530 1802 1577 nullo

406 1574 580 1620 homine
597 1580 884 1640 corripiente,
911 1587 1124 1645 corrigere
1145 1625 1155 1644 ,
1188 1600 1231 1635 et
1267 1591 1319 1636 ad
1355 1592 1548 1641 dolorem
1579 1599 1798 1646 salubrem

403 1648 677 1705 poenitentiae
705 1653 993 1701 occultissima
1027 1668 1070 1702 et
1107 1663 1406 1719 potentissima
1441 1668 1671 1715 medicinae
1712 1688 1801 1718 suae

404 1728 617 1777 potestate
639 1723 894 1780 perducere.
922 1730 978 1772 Et
1001 1730 1113 1774 sicut
1134 1748 1224 1777 non
1246 1744 1310 1779 est
1339 1737 1395 1780 ab
1417 1740 1614 1786 oratione
1633 1758 1799 1789 cessan-

402 1787 506 1832 dum
527 1806 607 1849 pro
624 1793 683 1836 eis
697 1810 806 1853 quos
823 1798 980 1857 corrigi
998 1800 1220 1858 volumus,
1244 1805 1410 1852 etiamsi
1427 1809 1550 1855 nullo
1567 1812 1796 1860 hominum

399 1869 549 1904 orante
565 1877 641 1919 pro
660 1866 786 1909 Petro
816 1869 1022 1914 Dominus
1038 1874 1225 1931 respexit
1238 1891 1354 1931 eum,
1371 1888 1415 1923 et
1427 1878 1643 1927 feciteum
1666 1900 1793 1931 suum

396 1940 623 1987 peecatum
648 1933 752 1978 flere
771 1954 779 1979 :
801 1938 859 1980 ita
877 1953 964 1982 non
981 1950 1046 1984 est
1063 1943 1322 2003 negligenda
1345 1953 1576 2010 correptio,
1594 1957 1793 2014 quamvis

398 2002 509 2046 Deus
523 2018 631 2061 quos
639 2005 841 2062 voluerit,
860 2010 988 2055 etiam
1005 2028 1093 2057 non
1108 2027 1345 2077 correptos,
1363 2019 1494 2067 faciat
1513 2039 1604 2070 esse
1618 2042 1791 2074 correc-

398 2081 473 2116 tos.
501 2076 621 2120 Tunc
636 2087 781 2122 autem
800 2084 1073 2140 correptione
1088 2088 1255 2144 proficit
1272 2091 1419 2147 homo,
1444 2109 1544 2139 cum
1564 2098 1791 2145 miseretur

393 2152 524 2203 atque
543 2146 734 2205 adjuvat,
765 2151 841 2209 qui
867 2151 969 2197 facit
1001 2172 1109 2214 quos
1129 2159 1313 2204 voluerit
1339 2164 1468 2209 etiam
1495 2167 1587 2212 sine
1610 2185 1788 2231 correp-

393 2215 510 2259 tione
524 2219 746 2275 proficere.
763 2222 844 2266 Sed
859 2240 994 2283 quare
1007 2227 1074 2270 isti
1087 2229 1162 2284 sic,
1180 2229 1241 2274 illi
1256 2231 1395 2289 aliter,
1412 2246 1544 2297 atque
1557 2240 1629 2284 alii
1643 2242 1783 2299 aliter,

390 2283 565 2329 diversis
581 2297 623 2331 et
637 2288 942 2337 innumerabili
952 2295 1175 2342 busmod-is
1189 2312 1400 2348 vocentur
1413 2315 1462 2350 ut
1475 2307 1782 2371 reformentur,

390 2356 496 2400 absit
526 2367 573 2401 ut
601 2360 795 2406 dicamus
820 2364 1038 2423 judicium
1061 2368 1143 2412 luti
1171 2386 1259 2416 esse
1287 2374 1462 2431 debere,
1487 2379 1561 2424 sed
1584 2382 1722 2441 figuli.

450 2428 526 2470 IX.
553 2446 572 2469 «
595 2431 844 2488 Apostolus,
871 2434 1098 2494 inquiunt,
1119 2440 1176 2484 ait
1204 2460 1212 2485 :
1249 2461 1268 2484 «
1295 2446 1398 2498 Quis
1419 2449 1534 2494 enim
1560 2460 1602 2495 te
1623 2452 1786 2500 discer-

391 2512 410 2534 »
436 2495 536 2540 nit?
562 2498 678 2550 Quid
700 2511 845 2547 autem
878 2504 1010 2549 habes
1034 2508 1155 2566 quod
1178 2525 1267 2555 non
1296 2518 1501 2575 accepisti
1524 2521 1543 2563 Ρ
1573 2522 1617 2566 Si
1638 2533 1783 2569 autem

437 2584 443 2597 ¹
475 2578 544 2610 Gal.
566 2591 587 2616 ι,
614 2592 661 2612 ιι.
