<?xml version="1.0" encoding="UTF-8"?>
<!DOCTYPE html PUBLIC "-//W3C//DTD XHTML 1.0 Transitional//EN"
    "http://www.w3.org/TR/xhtml1/DTD/xhtml1-transitional.dtd">
<html xmlns="http://www.w3.org/1999/xhtml" xml:lang="en" lang="en">
 <head>
  <title>
</title>
<meta http-equiv="Content-Type" content="text/html;charset=utf-8" />
  <meta name='ocr-system' content='tesseract 3.04.00' />
  <meta name='ocr-capabilities' content='ocr_page ocr_carea ocr_par ocr_line ocrx_word'/>
</head>
<body>
  <div class='ocr_page' id='page_1' title='image "./operaomniaaccura36auguuoft/operaomniaaccura36auguuoft_0434.png"; bbox 0 0 1884 3285; ppageno 0'>
   <div class='ocr_carea' id='block_1_1' title="bbox 449 244 1401 292">
    <p class='ocr_par' dir='ltr' id='par_1_1' title="bbox 449 244 1401 292">
     <span class='ocr_line' id='line_1_1' title="bbox 449 244 1401 292; baseline -0.007 -8"><span class='ocrx_word' id='word_1_1' title='bbox 449 244 536 292; x_wconf 51' lang='lat'>,338</span> <span class='ocrx_word' id='word_1_2' title='bbox 890 254 923 279; x_wconf 84' lang='lat' dir='ltr'>s.</span> <span class='ocrx_word' id='word_1_3' title='bbox 957 248 1189 280; x_wconf 69' lang='lat' dir='ltr'>Aucus-rim</span> <span class='ocrx_word' id='word_1_4' title='bbox 1220 252 1401 279; x_wconf 70' lang='lat' dir='ltr'>Emscom</span> 
     </span>
    </p>
   </div>
   <div class='ocr_carea' id='block_1_2' title="bbox 400 316 1868 2557">
    <p class='ocr_par' dir='ltr' id='par_1_2' title="bbox 443 316 1868 585">
     <span class='ocr_line' id='line_1_2' title="bbox 504 316 1843 375; baseline -0.003 -14"><span class='ocrx_word' id='word_1_5' title='bbox 504 317 709 362; x_wconf 86' lang='lat' dir='ltr'><strong>XXXIV.</strong></span> <span class='ocrx_word' id='word_1_6' title='bbox 744 319 768 360; x_wconf 86' lang='lat' dir='ltr'><strong>J</strong></span> <span class='ocrx_word' id='word_1_7' title='bbox 774 330 971 361; x_wconf 66' lang='lat' dir='ltr'>numus.</span> <span class='ocrx_word' id='word_1_8' title='bbox 1010 334 1032 358; x_wconf 91' lang='lat'>«</span> <span class='ocrx_word' id='word_1_9' title='bbox 1058 319 1172 374; x_wconf 86' lang='lat' dir='ltr'>Lege</span> <span class='ocrx_word' id='word_1_10' title='bbox 1199 325 1243 360; x_wconf 92' lang='lat' dir='ltr'>et</span> <span class='ocrx_word' id='word_1_11' title='bbox 1264 316 1320 360; x_wconf 89' lang='lat' dir='ltr'>de</span> <span class='ocrx_word' id='word_1_12' title='bbox 1348 316 1433 360; x_wconf 91' lang='lat' dir='ltr'>hoc</span> <span class='ocrx_word' id='word_1_13' title='bbox 1455 323 1662 374; x_wconf 86' lang='lat' dir='ltr'>quartum</span> <span class='ocrx_word' id='word_1_14' title='bbox 1689 317 1843 375; x_wconf 62' lang='lat' dir='ltr'>operis,</span> 
     </span>
     <span class='ocr_line' id='line_1_3' title="bbox 445 385 1832 446; baseline -0.002 -16"><span class='ocrx_word' id='word_1_15' title='bbox 445 387 531 430; x_wconf 92' lang='lat' dir='ltr'>mei</span> <span class='ocrx_word' id='word_1_16' title='bbox 546 385 708 430; x_wconf 88' lang='lat' dir='ltr'>librum</span> <span class='ocrx_word' id='word_1_17' title='bbox 725 402 737 430; x_wconf 89' lang='lat'>.·</span> <span class='ocrx_word' id='word_1_18' title='bbox 763 394 807 430; x_wconf 91' lang='lat' dir='ltr'>et</span> <span class='ocrx_word' id='word_1_19' title='bbox 822 394 1037 446; x_wconf 82' lang='lat' dir='ltr'>quantum</span> <span class='ocrx_word' id='word_1_20' title='bbox 1055 386 1232 431; x_wconf 87' lang='lat' dir='ltr'>diabolo</span> <span class='ocrx_word' id='word_1_21' title='bbox 1247 420 1259 440; x_wconf 90' lang='lat'>‚</span> <span class='ocrx_word' id='word_1_22' title='bbox 1279 400 1413 445; x_wconf 89' lang='lat' dir='ltr'>quem</span> <span class='ocrx_word' id='word_1_23' title='bbox 1429 394 1596 444; x_wconf 86' lang='lat' dir='ltr'>patrem</span> <span class='ocrx_word' id='word_1_24' title='bbox 1618 394 1744 429; x_wconf 88' lang='lat' dir='ltr'>tuum</span> <span class='ocrx_word' id='word_1_25' title='bbox 1760 385 1832 429; x_wconf 88' lang='lat' dir='ltr'>di.-</span> 
     </span>
     <span class='ocr_line' id='line_1_4' title="bbox 443 454 1868 516; baseline -0.001 -16"><span class='ocrx_word' id='word_1_26' title='bbox 443 457 531 510; x_wconf 85' lang='lat' dir='ltr'>cis,</span> <span class='ocrx_word' id='word_1_27' title='bbox 567 470 616 500; x_wconf 83' lang='lat' dir='ltr'>ac</span> <span class='ocrx_word' id='word_1_28' title='bbox 636 455 808 500; x_wconf 78' lang='lat' dir='ltr'>libidini</span> <span class='ocrx_word' id='word_1_29' title='bbox 829 456 957 500; x_wconf 87' lang='lat' dir='ltr'>matri</span> <span class='ocrx_word' id='word_1_30' title='bbox 984 465 1097 511; x_wconf 83' lang='lat' dir='ltr'>tuae,</span> <span class='ocrx_word' id='word_1_31' title='bbox 1127 456 1208 500; x_wconf 92' lang='lat' dir='ltr'>sub</span> <span class='ocrx_word' id='word_1_32' title='bbox 1239 454 1496 500; x_wconf 81' lang='lat' dir='ltr'>criminandi</span> <span class='ocrx_word' id='word_1_33' title='bbox 1528 456 1668 514; x_wconf 82' lang='lat' dir='ltr'>specie</span> <span class='ocrx_word' id='word_1_34' title='bbox 1700 455 1831 500; x_wconf 83' lang='lat' dir='ltr'>blan·</span> <span class='ocrx_word' id='word_1_35' title='bbox 1863 501 1868 516; x_wconf 51' lang='lat'>‚</span> 
     </span>
     <span class='ocr_line' id='line_1_5' title="bbox 443 520 1867 585; baseline -0.004 -15"><span class='ocrx_word' id='word_1_36' title='bbox 443 526 577 571; x_wconf 85' lang='lat' dir='ltr'>diaris</span> <span class='ocrx_word' id='word_1_37' title='bbox 592 560 607 582; x_wconf 84' lang='lat'><strong><em>‚</em></strong></span> <span class='ocrx_word' id='word_1_38' title='bbox 628 525 843 585; x_wconf 75' lang='lat' dir='ltr'>intelliges</span> <span class='ocrx_word' id='word_1_39' title='bbox 868 545 889 568; x_wconf 92' lang='lat'>»</span> <span class='ocrx_word' id='word_1_40' title='bbox 1863 520 1867 536; x_wconf 91' lang='lat'><strong>¹</strong></span> 
     </span>
    </p>

    <p class='ocr_par' dir='ltr' id='par_1_3' title="bbox 441 594 1832 797">
     <span class='ocr_line' id='line_1_6' title="bbox 502 594 1832 656; baseline -0.002 -15"><span class='ocrx_word' id='word_1_41' title='bbox 502 599 795 642; x_wconf 65' lang='lat' dir='ltr'>Auen-snmus.</span> <span class='ocrx_word' id='word_1_42' title='bbox 822 596 926 655; x_wconf 82' lang='lat' dir='ltr'>Legi</span> <span class='ocrx_word' id='word_1_43' title='bbox 938 596 1069 640; x_wconf 83' lang='lat' dir='ltr'>etiam</span> <span class='ocrx_word' id='word_1_44' title='bbox 1082 605 1288 656; x_wconf 86' lang='lat' dir='ltr'>quartum</span> <span class='ocrx_word' id='word_1_45' title='bbox 1304 604 1446 650; x_wconf 86' lang='lat' dir='ltr'>tuum,</span> <span class='ocrx_word' id='word_1_46' title='bbox 1467 603 1511 639; x_wconf 92' lang='lat' dir='ltr'>et</span> <span class='ocrx_word' id='word_1_47' title='bbox 1528 609 1625 640; x_wconf 87' lang='lat' dir='ltr'>meo</span> <span class='ocrx_word' id='word_1_48' title='bbox 1641 604 1762 639; x_wconf 80' lang='lat' dir='ltr'>sexto</span> <span class='ocrx_word' id='word_1_49' title='bbox 1775 594 1832 639; x_wconf 83' lang='lat' dir='ltr'>ad</span> 
     </span>
     <span class='ocr_line' id='line_1_7' title="bbox 441 666 1832 727; baseline -0.001 -16"><span class='ocrx_word' id='word_1_50' title='bbox 441 668 535 727; x_wconf 87' lang='lat' dir='ltr'>ejus</span> <span class='ocrx_word' id='word_1_51' title='bbox 554 668 634 713; x_wconf 85' lang='lat' dir='ltr'>tibi</span> <span class='ocrx_word' id='word_1_52' title='bbox 652 677 809 713; x_wconf 84' lang='lat' dir='ltr'>cuncta</span> <span class='ocrx_word' id='word_1_53' title='bbox 828 667 1053 727; x_wconf 81' lang='lat' dir='ltr'>respondi,</span> <span class='ocrx_word' id='word_1_54' title='bbox 1073 668 1170 727; x_wconf 89' lang='lat' dir='ltr'>quis</span> <span class='ocrx_word' id='word_1_55' title='bbox 1184 676 1329 711; x_wconf 86' lang='lat' dir='ltr'>autem</span> <span class='ocrx_word' id='word_1_56' title='bbox 1348 675 1546 710; x_wconf 87' lang='lat' dir='ltr'>nostrum</span> <span class='ocrx_word' id='word_1_57' title='bbox 1570 666 1746 720; x_wconf 88' lang='lat' dir='ltr'>vicerit,</span> <span class='ocrx_word' id='word_1_58' title='bbox 1761 666 1832 726; x_wconf 87' lang='lat' dir='ltr'>ju-</span> 
     </span>
     <span class='ocr_line' id='line_1_8' title="bbox 442 737 1099 797; baseline 0 -16"><span class='ocrx_word' id='word_1_59' title='bbox 442 737 559 782; x_wconf 86' lang='lat' dir='ltr'>dicet</span> <span class='ocrx_word' id='word_1_60' title='bbox 579 739 676 797; x_wconf 91' lang='lat' dir='ltr'>pius</span> <span class='ocrx_word' id='word_1_61' title='bbox 699 738 836 783; x_wconf 89' lang='lat' dir='ltr'>lector</span> <span class='ocrx_word' id='word_1_62' title='bbox 853 738 1099 782; x_wconf 91' lang='lat' dir='ltr'>amborum.</span> 
     </span>
    </p>

    <p class='ocr_par' dir='ltr' id='par_1_4' title="bbox 434 805 1868 1499">
     <span class='ocr_line' id='line_1_9' title="bbox 498 805 1831 868; baseline -0.002 -15"><span class='ocrx_word' id='word_1_63' title='bbox 498 810 683 853; x_wconf 85' lang='lat' dir='ltr'><strong>XXXV.</strong></span> <span class='ocrx_word' id='word_1_64' title='bbox 718 812 946 853; x_wconf 65' lang='lat' dir='ltr'>Jummvs.</span> <span class='ocrx_word' id='word_1_65' title='bbox 976 827 997 850; x_wconf 90' lang='lat'>«</span> <span class='ocrx_word' id='word_1_66' title='bbox 1022 811 1189 853; x_wconf 88' lang='lat' dir='ltr'>Verum</span> <span class='ocrx_word' id='word_1_67' title='bbox 1201 809 1292 868; x_wconf 78' lang='lat' dir='ltr'>jam</span> <span class='ocrx_word' id='word_1_68' title='bbox 1314 807 1509 866; x_wconf 85' lang='lat' dir='ltr'>Apostoli</span> <span class='ocrx_word' id='word_1_69' title='bbox 1530 805 1831 863; x_wconf 53' lang='lat' dir='ltr'>verbassvidea-</span> 
     </span>
     <span class='ocr_line' id='line_1_10' title="bbox 438 877 1829 939; baseline -0.001 -17"><span class='ocrx_word' id='word_1_70' title='bbox 438 893 557 933; x_wconf 89' lang='lat' dir='ltr'>mus,</span> <span class='ocrx_word' id='word_1_71' title='bbox 590 894 725 939; x_wconf 91' lang='lat' dir='ltr'>quem</span> <span class='ocrx_word' id='word_1_72' title='bbox 745 879 852 923; x_wconf 88' lang='lat' dir='ltr'>mihi</span> <span class='ocrx_word' id='word_1_73' title='bbox 881 880 936 923; x_wconf 89' lang='lat' dir='ltr'>ad</span> <span class='ocrx_word' id='word_1_74' title='bbox 957 882 1126 933; x_wconf 84' lang='lat' dir='ltr'>omnia,</span> <span class='ocrx_word' id='word_1_75' title='bbox 1161 894 1294 939; x_wconf 88' lang='lat' dir='ltr'>quem</span> <span class='ocrx_word' id='word_1_76' title='bbox 1314 893 1447 936; x_wconf 80' lang='lat' dir='ltr'>supra</span> <span class='ocrx_word' id='word_1_77' title='bbox 1474 877 1620 936; x_wconf 85' lang='lat' dir='ltr'>posui,</span> <span class='ocrx_word' id='word_1_78' title='bbox 1647 892 1829 936; x_wconf 85' lang='lat' dir='ltr'>respon-</span> 
     </span>
     <span class='ocr_line' id='line_1_11' title="bbox 443 938 1867 1008; baseline -0.001 -15"><span class='ocrx_word' id='word_1_79' title='bbox 443 949 547 994; x_wconf 86' lang='lat' dir='ltr'>dere</span> <span class='ocrx_word' id='word_1_80' title='bbox 569 949 728 994; x_wconf 84' lang='lat' dir='ltr'>dixisti.</span> <span class='ocrx_word' id='word_1_81' title='bbox 758 967 778 992; x_wconf 72' lang='lat' dir='ltr'>n</span> <span class='ocrx_word' id='word_1_82' title='bbox 805 949 873 994; x_wconf 85' lang='lat' dir='ltr'>Ad</span> <span class='ocrx_word' id='word_1_83' title='bbox 895 951 1041 994; x_wconf 84' lang='lat' dir='ltr'>omnia</span> <span class='ocrx_word' id='word_1_84' title='bbox 1063 950 1143 994; x_wconf 89' lang='lat' dir='ltr'>ista</span> <span class='ocrx_word' id='word_1_85' title='bbox 1168 950 1268 994; x_wconf 89' lang='lat' dir='ltr'>huic</span> <span class='ocrx_word' id='word_1_86' title='bbox 1293 948 1519 1008; x_wconf 86' lang='lat' dir='ltr'>respondit</span> <span class='ocrx_word' id='word_1_87' title='bbox 1539 947 1830 1007; x_wconf 80' lang='lat' dir='ltr'>Apostolus¹‚</span> <span class='ocrx_word' id='word_1_88' title='bbox 1864 938 1867 955; x_wconf 61' lang='lat'>¹</span> 
     </span>
     <span class='ocr_line' id='line_1_12' title="bbox 440 1017 1867 1079; baseline 0 -17"><span class='ocrx_word' id='word_1_89' title='bbox 440 1020 514 1078; x_wconf 91' lang='lat' dir='ltr'>qui</span> <span class='ocrx_word' id='word_1_90' title='bbox 533 1034 677 1079; x_wconf 88' lang='lat' dir='ltr'>neque</span> <span class='ocrx_word' id='word_1_91' title='bbox 699 1020 970 1065; x_wconf 85' lang='lat' dir='ltr'>voluntatem</span> <span class='ocrx_word' id='word_1_92' title='bbox 993 1020 1135 1078; x_wconf 82' lang='lat' dir='ltr'>arguit</span> <span class='ocrx_word' id='word_1_93' title='bbox 1157 1019 1350 1077; x_wconf 87' lang='lat' dir='ltr'>parvuli,</span> <span class='ocrx_word' id='word_1_94' title='bbox 1373 1035 1472 1078; x_wconf 83' lang='lat' dir='ltr'>quae</span> <span class='ocrx_word' id='word_1_95' title='bbox 1495 1018 1667 1077; x_wconf 80' lang='lat' dir='ltr'>propria</span> <span class='ocrx_word' id='word_1_96' title='bbox 1688 1018 1734 1062; x_wconf 89' lang='lat' dir='ltr'>in</span> <span class='ocrx_word' id='word_1_97' title='bbox 1755 1017 1834 1062; x_wconf 88' lang='lat' dir='ltr'>illo</span> <span class='ocrx_word' id='word_1_98' title='bbox 1864 1069 1867 1075; x_wconf 29' lang='grc'>1</span> 
     </span>
     <span class='ocr_line' id='line_1_13' title="bbox 438 1085 1868 1147; baseline -0.001 -14"><span class='ocrx_word' id='word_1_99' title='bbox 438 1089 638 1134; x_wconf 89' lang='lat' dir='ltr'>nondum</span> <span class='ocrx_word' id='word_1_100' title='bbox 659 1099 724 1134; x_wconf 86' lang='lat' dir='ltr'>est</span> <span class='ocrx_word' id='word_1_101' title='bbox 745 1090 799 1134; x_wconf 89' lang='lat' dir='ltr'>ad</span> <span class='ocrx_word' id='word_1_102' title='bbox 822 1090 1120 1147; x_wconf 78' lang='lat' dir='ltr'>peccandum3</span> <span class='ocrx_word' id='word_1_103' title='bbox 1145 1103 1288 1147; x_wconf 87' lang='lat' dir='ltr'>neque</span> <span class='ocrx_word' id='word_1_104' title='bbox 1316 1089 1492 1147; x_wconf 78' lang='lat' dir='ltr'>nuptias</span> <span class='ocrx_word' id='word_1_105' title='bbox 1506 1122 1518 1142; x_wconf 90' lang='lat'>‚</span> <span class='ocrx_word' id='word_1_106' title='bbox 1543 1089 1590 1131; x_wconf 92' lang='lat' dir='ltr'>in</span> <span class='ocrx_word' id='word_1_107' title='bbox 1611 1096 1826 1147; x_wconf 81' lang='lat' dir='ltr'>quantum</span> <span class='ocrx_word' id='word_1_108' title='bbox 1864 1085 1868 1095; x_wconf 91' lang='lat'>&#39;</span> 
     </span>
     <span class='ocr_line' id='line_1_14' title="bbox 437 1159 1831 1218; baseline -0.001 -15"><span class='ocrx_word' id='word_1_109' title='bbox 437 1160 606 1218; x_wconf 88' lang='lat' dir='ltr'>nuptiae</span> <span class='ocrx_word' id='word_1_110' title='bbox 623 1169 747 1214; x_wconf 80' lang='lat' dir='ltr'>sunt,</span> <span class='ocrx_word' id='word_1_111' title='bbox 767 1176 867 1218; x_wconf 87' lang='lat' dir='ltr'>quae</span> <span class='ocrx_word' id='word_1_112' title='bbox 885 1160 1049 1204; x_wconf 86' lang='lat' dir='ltr'>habent</span> <span class='ocrx_word' id='word_1_113' title='bbox 1066 1175 1089 1203; x_wconf 85' lang='lat' dir='ltr'>a</span> <span class='ocrx_word' id='word_1_114' title='bbox 1108 1162 1197 1203; x_wconf 88' lang='lat' dir='ltr'>Deo</span> <span class='ocrx_word' id='word_1_115' title='bbox 1217 1174 1307 1203; x_wconf 88' lang='lat' dir='ltr'>non</span> <span class='ocrx_word' id='word_1_116' title='bbox 1323 1159 1468 1203; x_wconf 85' lang='lat' dir='ltr'>solum</span> <span class='ocrx_word' id='word_1_117' title='bbox 1488 1159 1831 1212; x_wconf 76' lang='lat' dir='ltr'>institutionem,</span> 
     </span>
     <span class='ocr_line' id='line_1_15' title="bbox 436 1229 1831 1288; baseline -0.001 -15"><span class='ocrx_word' id='word_1_118' title='bbox 436 1244 588 1273; x_wconf 85' lang='lat' dir='ltr'>verum</span> <span class='ocrx_word' id='word_1_119' title='bbox 602 1230 731 1273; x_wconf 86' lang='lat' dir='ltr'>etiam</span> <span class='ocrx_word' id='word_1_120' title='bbox 749 1229 1124 1286; x_wconf 81' lang='lat' dir='ltr'>benedictionem3</span> <span class='ocrx_word' id='word_1_121' title='bbox 1145 1244 1289 1288; x_wconf 89' lang='lat' dir='ltr'>neque</span> <span class='ocrx_word' id='word_1_122' title='bbox 1307 1238 1507 1287; x_wconf 85' lang='lat' dir='ltr'>parentes</span> <span class='ocrx_word' id='word_1_123' title='bbox 1519 1263 1530 1283; x_wconf 88' lang='lat'>,</span> <span class='ocrx_word' id='word_1_124' title='bbox 1550 1229 1597 1273; x_wconf 91' lang='lat' dir='ltr'>in</span> <span class='ocrx_word' id='word_1_125' title='bbox 1612 1238 1831 1288; x_wconf 84' lang='lat' dir='ltr'>quantum</span> 
     </span>
     <span class='ocr_line' id='line_1_16' title="bbox 434 1299 1867 1359; baseline 0 -16"><span class='ocrx_word' id='word_1_126' title='bbox 434 1308 635 1358; x_wconf 86' lang='lat' dir='ltr'>parentes</span> <span class='ocrx_word' id='word_1_127' title='bbox 656 1309 758 1343; x_wconf 90' lang='lat' dir='ltr'>sunt</span> <span class='ocrx_word' id='word_1_128' title='bbox 771 1334 782 1354; x_wconf 77' lang='lat'>,</span> <span class='ocrx_word' id='word_1_129' title='bbox 806 1300 992 1344; x_wconf 85' lang='lat' dir='ltr'>invicem</span> <span class='ocrx_word' id='word_1_130' title='bbox 1013 1300 1129 1344; x_wconf 85' lang='lat' dir='ltr'>licite</span> <span class='ocrx_word' id='word_1_131' title='bbox 1151 1308 1285 1359; x_wconf 85' lang='lat' dir='ltr'>atque</span> <span class='ocrx_word' id='word_1_132' title='bbox 1306 1299 1499 1358; x_wconf 84' lang='lat' dir='ltr'>legitime</span> <span class='ocrx_word' id='word_1_133' title='bbox 1520 1300 1575 1343; x_wconf 86' lang='lat' dir='ltr'>ad</span> <span class='ocrx_word' id='word_1_134' title='bbox 1597 1314 1831 1359; x_wconf 68' lang='lat' dir='ltr'>procreari·</span> <span class='ocrx_word' id='word_1_135' title='bbox 1863 1313 1867 1322; x_wconf 76' lang='lat'><strong>¹</strong></span> 
     </span>
     <span class='ocr_line' id='line_1_17' title="bbox 437 1369 1830 1430; baseline 0 -16"><span class='ocrx_word' id='word_1_136' title='bbox 437 1371 516 1415; x_wconf 90' lang='lat' dir='ltr'>dos</span> <span class='ocrx_word' id='word_1_137' title='bbox 536 1370 646 1414; x_wconf 89' lang='lat' dir='ltr'>filios</span> <span class='ocrx_word' id='word_1_138' title='bbox 665 1371 884 1429; x_wconf 79' lang='lat' dir='ltr'>conjugati</span> <span class='ocrx_word' id='word_1_139' title='bbox 911 1389 922 1415; x_wconf 79' lang='lat'>2</span> <span class='ocrx_word' id='word_1_140' title='bbox 945 1369 1045 1425; x_wconf 88' lang='lat' dir='ltr'>sed,</span> <span class='ocrx_word' id='word_1_141' title='bbox 1074 1389 1095 1412; x_wconf 91' lang='lat'>«</span> <span class='ocrx_word' id='word_1_142' title='bbox 1117 1373 1197 1414; x_wconf 88' lang='lat' dir='ltr'>Per</span> <span class='ocrx_word' id='word_1_143' title='bbox 1219 1385 1381 1425; x_wconf 89' lang='lat' dir='ltr'>unum,</span> <span class='ocrx_word' id='word_1_144' title='bbox 1407 1370 1552 1430; x_wconf 88' lang='lat' dir='ltr'>inquit</span> <span class='ocrx_word' id='word_1_145' title='bbox 1566 1404 1579 1424; x_wconf 92' lang='lat'>‚</span> <span class='ocrx_word' id='word_1_146' title='bbox 1603 1370 1830 1414; x_wconf 87' lang='lat' dir='ltr'>hominem</span> 
     </span>
     <span class='ocr_line' id='line_1_18' title="bbox 438 1438 1827 1499; baseline 0.002 -19"><span class='ocrx_word' id='word_1_147' title='bbox 438 1457 461 1481; x_wconf 88' lang='lat'>»</span> <span class='ocrx_word' id='word_1_148' title='bbox 484 1448 715 1498; x_wconf 85' lang='lat' dir='ltr'>peccatum</span> <span class='ocrx_word' id='word_1_149' title='bbox 737 1440 917 1485; x_wconf 83' lang='lat' dir='ltr'>intravit</span> <span class='ocrx_word' id='word_1_150' title='bbox 940 1440 986 1483; x_wconf 86' lang='lat' dir='ltr'>in</span> <span class='ocrx_word' id='word_1_151' title='bbox 1009 1438 1254 1494; x_wconf 88' lang='lat' dir='ltr'>mundum,</span> <span class='ocrx_word' id='word_1_152' title='bbox 1276 1448 1318 1483; x_wconf 87' lang='lat' dir='ltr'>et</span> <span class='ocrx_word' id='word_1_153' title='bbox 1340 1454 1415 1499; x_wconf 87' lang='lat' dir='ltr'>per</span> <span class='ocrx_word' id='word_1_154' title='bbox 1437 1449 1666 1499; x_wconf 84' lang='lat' dir='ltr'>peccatum</span> <span class='ocrx_word' id='word_1_155' title='bbox 1685 1454 1827 1495; x_wconf 87' lang='lat' dir='ltr'>mors,</span> 
     </span>
    </p>

    <p class='ocr_par' dir='ltr' id='par_1_5' title="bbox 400 1510 1866 2557">
     <span class='ocr_line' id='line_1_19' title="bbox 439 1510 1828 1570; baseline 0.002 -18"><span class='ocrx_word' id='word_1_156' title='bbox 439 1528 459 1552; x_wconf 89' lang='lat'>»</span> <span class='ocrx_word' id='word_1_157' title='bbox 484 1519 528 1554; x_wconf 88' lang='lat' dir='ltr'>et</span> <span class='ocrx_word' id='word_1_158' title='bbox 549 1511 609 1555; x_wconf 85' lang='lat' dir='ltr'>ita</span> <span class='ocrx_word' id='word_1_159' title='bbox 629 1511 676 1555; x_wconf 93' lang='lat' dir='ltr'>in</span> <span class='ocrx_word' id='word_1_160' title='bbox 695 1526 845 1556; x_wconf 87' lang='lat' dir='ltr'>omnes</span> <span class='ocrx_word' id='word_1_161' title='bbox 862 1511 1059 1555; x_wconf 90' lang='lat' dir='ltr'>homines</span> <span class='ocrx_word' id='word_1_162' title='bbox 1076 1510 1324 1569; x_wconf 82' lang='lat' dir='ltr'>pertransiit</span> <span class='ocrx_word' id='word_1_163' title='bbox 1342 1545 1353 1566; x_wconf 84' lang='lat'>,</span> <span class='ocrx_word' id='word_1_164' title='bbox 1379 1511 1425 1554; x_wconf 92' lang='lat' dir='ltr'>in</span> <span class='ocrx_word' id='word_1_165' title='bbox 1447 1526 1536 1570; x_wconf 90' lang='lat' dir='ltr'>quo</span> <span class='ocrx_word' id='word_1_166' title='bbox 1558 1526 1710 1555; x_wconf 89' lang='lat' dir='ltr'>omnes</span> <span class='ocrx_word' id='word_1_167' title='bbox 1727 1525 1828 1570; x_wconf 83' lang='lat' dir='ltr'>pec-</span> 
     </span>
     <span class='ocr_line' id='line_1_20' title="bbox 439 1580 1831 1640; baseline 0.001 -18"><span class='ocrx_word' id='word_1_168' title='bbox 439 1599 461 1622; x_wconf 85' lang='lat'>»</span> <span class='ocrx_word' id='word_1_169' title='bbox 485 1585 734 1626; x_wconf 76' lang='lat' dir='ltr'>caverunt2.</span> <span class='ocrx_word' id='word_1_170' title='bbox 759 1599 781 1623; x_wconf 89' lang='lat'>»</span> <span class='ocrx_word' id='word_1_171' title='bbox 801 1581 932 1635; x_wconf 89' lang='lat' dir='ltr'>Quod</span> <span class='ocrx_word' id='word_1_172' title='bbox 948 1582 1016 1624; x_wconf 88' lang='lat' dir='ltr'>isti</span> <span class='ocrx_word' id='word_1_173' title='bbox 1032 1581 1066 1625; x_wconf 92' lang='lat' dir='ltr'>si</span> <span class='ocrx_word' id='word_1_174' title='bbox 1083 1580 1304 1625; x_wconf 87' lang='lat' dir='ltr'>catholicis</span> <span class='ocrx_word' id='word_1_175' title='bbox 1322 1581 1499 1624; x_wconf 86' lang='lat' dir='ltr'>auribus</span> <span class='ocrx_word' id='word_1_176' title='bbox 1518 1581 1831 1640; x_wconf 81' lang='lat' dir='ltr'>mentibusque</span> 
     </span>
     <span class='ocr_line' id='line_1_21' title="bbox 436 1649 1844 1711; baseline 0.001 -15"><span class='ocrx_word' id='word_1_177' title='bbox 436 1652 732 1711; x_wconf 82' lang='lat' dir='ltr'>perciperent,</span> <span class='ocrx_word' id='word_1_178' title='bbox 758 1652 989 1696; x_wconf 84' lang='lat' dir='ltr'>adversum</span> <span class='ocrx_word' id='word_1_179' title='bbox 1010 1652 1141 1695; x_wconf 86' lang='lat' dir='ltr'>fidem</span> <span class='ocrx_word' id='word_1_180' title='bbox 1168 1651 1441 1710; x_wconf 81' lang='lat' dir='ltr'>gratiamque.</span> <span class='ocrx_word' id='word_1_181' title='bbox 1459 1652 1620 1697; x_wconf 86' lang='lat' dir='ltr'>Christi</span> <span class='ocrx_word' id='word_1_182' title='bbox 1645 1649 1844 1698; x_wconf 76' lang='lat' dir='ltr'>rebelles,</span> 
     </span>
     <span class='ocr_line' id='line_1_22' title="bbox 436 1722 1825 1782; baseline 0.001 -17"><span class='ocrx_word' id='word_1_183' title='bbox 436 1722 601 1766; x_wconf 90' lang='lat' dir='ltr'>animos</span> <span class='ocrx_word' id='word_1_184' title='bbox 619 1738 709 1766; x_wconf 88' lang='lat' dir='ltr'>non</span> <span class='ocrx_word' id='word_1_185' title='bbox 729 1723 941 1766; x_wconf 89' lang='lat' dir='ltr'>haberent</span> <span class='ocrx_word' id='word_1_186' title='bbox 958 1757 968 1776; x_wconf 83' lang='lat'>‚</span> <span class='ocrx_word' id='word_1_187' title='bbox 990 1737 1133 1782; x_wconf 89' lang='lat' dir='ltr'>neque</span> <span class='ocrx_word' id='word_1_188' title='bbox 1149 1731 1412 1766; x_wconf 82' lang='lat' dir='ltr'>conarentur</span> <span class='ocrx_word' id='word_1_189' title='bbox 1429 1722 1615 1766; x_wconf 83' lang='lat' dir='ltr'>inaniter</span> <span class='ocrx_word' id='word_1_190' title='bbox 1628 1723 1683 1766; x_wconf 86' lang='lat' dir='ltr'>ad</span> <span class='ocrx_word' id='word_1_191' title='bbox 1696 1737 1825 1766; x_wconf 86' lang='lat' dir='ltr'>suum</span> 
     </span>
     <span class='ocr_line' id='line_1_23' title="bbox 437 1791 1825 1851; baseline 0 -16"><span class='ocrx_word' id='word_1_192' title='bbox 437 1792 661 1850; x_wconf 86' lang='lat' dir='ltr'>proprium</span> <span class='ocrx_word' id='word_1_193' title='bbox 685 1801 728 1836; x_wconf 91' lang='lat' dir='ltr'>et</span> <span class='ocrx_word' id='word_1_194' title='bbox 749 1793 1004 1836; x_wconf 84' lang='lat' dir='ltr'>haereticum</span> <span class='ocrx_word' id='word_1_195' title='bbox 1028 1806 1202 1836; x_wconf 87' lang='lat' dir='ltr'>sensum</span> <span class='ocrx_word' id='word_1_196' title='bbox 1218 1793 1311 1836; x_wconf 85' lang='lat' dir='ltr'>haec</span> <span class='ocrx_word' id='word_1_197' title='bbox 1329 1791 1563 1851; x_wconf 79' lang='lat' dir='ltr'>apostolica</span> <span class='ocrx_word' id='word_1_198' title='bbox 1585 1792 1717 1837; x_wconf 80' lang='lat' dir='ltr'>verba</span> <span class='ocrx_word' id='word_1_199' title='bbox 1735 1801 1825 1836; x_wconf 86' lang='lat' dir='ltr'>tam</span> 
     </span>
     <span class='ocr_line' id='line_1_24' title="bbox 433 1860 1833 1919; baseline 0.001 -14"><span class='ocrx_word' id='word_1_200' title='bbox 433 1860 626 1907; x_wconf 85' lang='lat' dir='ltr'>dilucida</span> <span class='ocrx_word' id='word_1_201' title='bbox 648 1872 691 1906; x_wconf 88' lang='lat' dir='ltr'>et</span> <span class='ocrx_word' id='word_1_202' title='bbox 710 1872 797 1907; x_wconf 88' lang='lat' dir='ltr'>tam</span> <span class='ocrx_word' id='word_1_203' title='bbox 816 1862 1045 1907; x_wconf 87' lang='lat' dir='ltr'>manifesta</span> <span class='ocrx_word' id='word_1_204' title='bbox 1065 1873 1340 1919; x_wconf 84' lang='lat' dir='ltr'>convertere,</span> <span class='ocrx_word' id='word_1_205' title='bbox 1363 1874 1600 1909; x_wconf 79' lang='lat' dir='ltr'>asserentes</span> <span class='ocrx_word' id='word_1_206' title='bbox 1615 1864 1700 1909; x_wconf 82' lang='lat' dir='ltr'>hoc</span> <span class='ocrx_word' id='word_1_207' title='bbox 1721 1863 1833 1909; x_wconf 84' lang='lat' dir='ltr'>ideo.</span> 
     </span>
     <span class='ocr_line' id='line_1_25' title="bbox 400 1930 1866 1994; baseline 0.001 -18"><span class='ocrx_word' id='word_1_208' title='bbox 400 1953 402 1955; x_wconf 51' lang='lat'>&gt;</span> <span class='ocrx_word' id='word_1_209' title='bbox 433 1930 600 1976; x_wconf 84' lang='lat' dir='ltr'>dictum</span> <span class='ocrx_word' id='word_1_210' title='bbox 621 1948 711 1978; x_wconf 78' lang='lat' dir='ltr'>esse</span> <span class='ocrx_word' id='word_1_211' title='bbox 727 1968 738 1987; x_wconf 84' lang='lat'>‚</span> <span class='ocrx_word' id='word_1_212' title='bbox 768 1933 888 1993; x_wconf 88' lang='lat' dir='ltr'>quod</span> <span class='ocrx_word' id='word_1_213' title='bbox 914 1934 1055 1977; x_wconf 81' lang='lat' dir='ltr'>Adam</span> <span class='ocrx_word' id='word_1_214' title='bbox 1076 1935 1320 1993; x_wconf 85' lang='lat' dir='ltr'>peccaverit</span> <span class='ocrx_word' id='word_1_215' title='bbox 1347 1935 1563 1994; x_wconf 76' lang='lat' dir='ltr'>primum,</span> <span class='ocrx_word' id='word_1_216' title='bbox 1585 1936 1630 1978; x_wconf 86' lang='lat' dir='ltr'>in</span> <span class='ocrx_word' id='word_1_217' title='bbox 1651 1949 1740 1994; x_wconf 90' lang='lat' dir='ltr'>quo</span> <span class='ocrx_word' id='word_1_218' title='bbox 1769 1933 1823 1977; x_wconf 90' lang='lat' dir='ltr'>de</span> <span class='ocrx_word' id='word_1_219' title='bbox 1862 1932 1866 1943; x_wconf 89' lang='lat'>&#39;</span> 
     </span>
     <span class='ocr_line' id='line_1_26' title="bbox 432 2003 1866 2064; baseline 0.001 -18"><span class='ocrx_word' id='word_1_220' title='bbox 432 2012 591 2048; x_wconf 85' lang='lat' dir='ltr'>caetero</span> <span class='ocrx_word' id='word_1_221' title='bbox 606 2038 616 2057; x_wconf 89' lang='lat'>‚</span> <span class='ocrx_word' id='word_1_222' title='bbox 642 2004 838 2064; x_wconf 86' lang='lat' dir='ltr'>quisquis</span> <span class='ocrx_word' id='word_1_223' title='bbox 862 2019 1041 2063; x_wconf 83' lang='lat' dir='ltr'>peccare</span> <span class='ocrx_word' id='word_1_224' title='bbox 1063 2004 1224 2059; x_wconf 83' lang='lat' dir='ltr'>voluit,</span> <span class='ocrx_word' id='word_1_225' title='bbox 1255 2003 1464 2062; x_wconf 85' lang='lat' dir='ltr'>peccandi</span> <span class='ocrx_word' id='word_1_226' title='bbox 1486 2005 1652 2049; x_wconf 87' lang='lat' dir='ltr'>invenit</span> <span class='ocrx_word' id='word_1_227' title='bbox 1673 2019 1824 2048; x_wconf 86' lang='lat' dir='ltr'>exem·</span> <span class='ocrx_word' id='word_1_228' title='bbox 1862 2007 1866 2014; x_wconf 85' lang='lat'><em>&#39;</em></span> 
     </span>
     <span class='ocr_line' id='line_1_27' title="bbox 433 2072 1822 2132; baseline 0.001 -16"><span class='ocrx_word' id='word_1_229' title='bbox 433 2072 582 2131; x_wconf 78' lang='lat' dir='ltr'>plum3</span> <span class='ocrx_word' id='word_1_230' title='bbox 614 2082 664 2118; x_wconf 86' lang='lat' dir='ltr'>ut</span> <span class='ocrx_word' id='word_1_231' title='bbox 685 2083 912 2132; x_wconf 83' lang='lat' dir='ltr'>peccatum</span> <span class='ocrx_word' id='word_1_232' title='bbox 940 2073 1104 2117; x_wconf 87' lang='lat' dir='ltr'>seilicet</span> <span class='ocrx_word' id='word_1_233' title='bbox 1135 2089 1224 2117; x_wconf 91' lang='lat' dir='ltr'>non</span> <span class='ocrx_word' id='word_1_234' title='bbox 1255 2074 1532 2131; x_wconf 78' lang='lat' dir='ltr'>generatione</span> <span class='ocrx_word' id='word_1_235' title='bbox 1553 2074 1609 2118; x_wconf 85' lang='lat' dir='ltr'>ab</span> <span class='ocrx_word' id='word_1_236' title='bbox 1633 2073 1712 2118; x_wconf 90' lang='lat' dir='ltr'>illo</span> <span class='ocrx_word' id='word_1_237' title='bbox 1731 2088 1822 2118; x_wconf 91' lang='lat' dir='ltr'>uno</span> 
     </span>
     <span class='ocr_line' id='line_1_28' title="bbox 430 2143 1821 2204; baseline 0.001 -18"><span class='ocrx_word' id='word_1_238' title='bbox 430 2143 478 2186; x_wconf 88' lang='lat' dir='ltr'>in</span> <span class='ocrx_word' id='word_1_239' title='bbox 498 2158 647 2188; x_wconf 88' lang='lat' dir='ltr'>omnes</span> <span class='ocrx_word' id='word_1_240' title='bbox 663 2179 674 2199; x_wconf 85' lang='lat'>‚</span> <span class='ocrx_word' id='word_1_241' title='bbox 700 2145 776 2189; x_wconf 89' lang='lat' dir='ltr'>sed</span> <span class='ocrx_word' id='word_1_242' title='bbox 797 2144 912 2188; x_wconf 86' lang='lat' dir='ltr'>illius</span> <span class='ocrx_word' id='word_1_243' title='bbox 934 2145 1062 2187; x_wconf 89' lang='lat' dir='ltr'>unius</span> <span class='ocrx_word' id='word_1_244' title='bbox 1081 2144 1324 2189; x_wconf 84' lang='lat' dir='ltr'>imitatione</span> <span class='ocrx_word' id='word_1_245' title='bbox 1342 2145 1554 2189; x_wconf 81' lang='lat' dir='ltr'>transiret.</span> <span class='ocrx_word' id='word_1_246' title='bbox 1581 2146 1695 2189; x_wconf 84' lang='lat' dir='ltr'>Cum</span> <span class='ocrx_word' id='word_1_247' title='bbox 1716 2159 1821 2204; x_wconf 89' lang='lat' dir='ltr'>pro-</span> 
     </span>
     <span class='ocr_line' id='line_1_29' title="bbox 427 2211 1866 2274; baseline 0.001 -18"><span class='ocrx_word' id='word_1_248' title='bbox 427 2211 544 2258; x_wconf 84' lang='lat' dir='ltr'>fecto</span> <span class='ocrx_word' id='word_1_249' title='bbox 558 2249 569 2269; x_wconf 83' lang='lat'>‚</span> <span class='ocrx_word' id='word_1_250' title='bbox 589 2215 624 2258; x_wconf 92' lang='lat' dir='ltr'>si</span> <span class='ocrx_word' id='word_1_251' title='bbox 641 2214 873 2274; x_wconf 84' lang='lat' dir='ltr'>Apostolus</span> <span class='ocrx_word' id='word_1_252' title='bbox 891 2215 961 2258; x_wconf 85' lang='lat' dir='ltr'>hic</span> <span class='ocrx_word' id='word_1_253' title='bbox 978 2214 1266 2258; x_wconf 87' lang='lat' dir='ltr'>imitationem</span> <span class='ocrx_word' id='word_1_254' title='bbox 1280 2215 1465 2274; x_wconf 82' lang='lat' dir='ltr'>intelligi</span> <span class='ocrx_word' id='word_1_255' title='bbox 1482 2214 1713 2270; x_wconf 86' lang='lat' dir='ltr'>voluisset,</span> <span class='ocrx_word' id='word_1_256' title='bbox 1731 2230 1821 2258; x_wconf 85' lang='lat' dir='ltr'>non</span> <span class='ocrx_word' id='word_1_257' title='bbox 1861 2217 1866 2226; x_wconf 86' lang='grc'><strong>’</strong></span> 
     </span>
     <span class='ocr_line' id='line_1_30' title="bbox 426 2283 1831 2344; baseline 0.002 -17"><span class='ocrx_word' id='word_1_258' title='bbox 426 2299 504 2343; x_wconf 90' lang='lat' dir='ltr'>per</span> <span class='ocrx_word' id='word_1_259' title='bbox 536 2299 675 2329; x_wconf 91' lang='lat' dir='ltr'>unum</span> <span class='ocrx_word' id='word_1_260' title='bbox 702 2285 925 2328; x_wconf 90' lang='lat' dir='ltr'>hominem</span> <span class='ocrx_word' id='word_1_261' title='bbox 943 2319 954 2339; x_wconf 84' lang='lat'>,</span> <span class='ocrx_word' id='word_1_262' title='bbox 979 2284 1055 2329; x_wconf 91' lang='lat' dir='ltr'>sed</span> <span class='ocrx_word' id='word_1_263' title='bbox 1079 2299 1152 2344; x_wconf 80' lang='lat' dir='ltr'>per</span> <span class='ocrx_word' id='word_1_264' title='bbox 1177 2283 1404 2329; x_wconf 87' lang='lat' dir='ltr'>diabolum</span> <span class='ocrx_word' id='word_1_265' title='bbox 1428 2285 1600 2343; x_wconf 88' lang='lat' dir='ltr'>potius,</span> <span class='ocrx_word' id='word_1_266' title='bbox 1632 2285 1679 2329; x_wconf 88' lang='lat' dir='ltr'>in</span> <span class='ocrx_word' id='word_1_267' title='bbox 1699 2285 1831 2334; x_wconf 70' lang='lat' dir='ltr'>hume¹</span> 
     </span>
     <span class='ocr_line' id='line_1_31' title="bbox 425 2354 1819 2414; baseline 0 -16"><span class='ocrx_word' id='word_1_268' title='bbox 425 2355 643 2399; x_wconf 89' lang='lat' dir='ltr'>mundum</span> <span class='ocrx_word' id='word_1_269' title='bbox 674 2363 901 2414; x_wconf 86' lang='lat' dir='ltr'>peceatum</span> <span class='ocrx_word' id='word_1_270' title='bbox 922 2354 1101 2398; x_wconf 86' lang='lat' dir='ltr'>intrasse</span> <span class='ocrx_word' id='word_1_271' title='bbox 1117 2387 1128 2408; x_wconf 88' lang='lat'><strong>‚</strong></span> <span class='ocrx_word' id='word_1_272' title='bbox 1153 2363 1196 2398; x_wconf 90' lang='lat' dir='ltr'>et</span> <span class='ocrx_word' id='word_1_273' title='bbox 1215 2369 1291 2413; x_wconf 87' lang='lat' dir='ltr'>per</span> <span class='ocrx_word' id='word_1_274' title='bbox 1319 2369 1470 2398; x_wconf 90' lang='lat' dir='ltr'>omnes</span> <span class='ocrx_word' id='word_1_275' title='bbox 1493 2355 1689 2399; x_wconf 88' lang='lat' dir='ltr'>homines</span> <span class='ocrx_word' id='word_1_276' title='bbox 1714 2369 1819 2414; x_wconf 86' lang='lat' dir='ltr'>per-</span> 
     </span>
     <span class='ocr_line' id='line_1_32' title="bbox 424 2424 1863 2492; baseline 0.001 -23"><span class='ocrx_word' id='word_1_277' title='bbox 424 2426 623 2470; x_wconf 83' lang='lat' dir='ltr'>transisse</span> <span class='ocrx_word' id='word_1_278' title='bbox 644 2425 831 2470; x_wconf 81' lang='lat' dir='ltr'>dixisset.</span> <span class='ocrx_word' id='word_1_279' title='bbox 857 2428 919 2470; x_wconf 92' lang='lat' dir='ltr'>De</span> <span class='ocrx_word' id='word_1_280' title='bbox 939 2424 1116 2469; x_wconf 88' lang='lat' dir='ltr'>diabolo</span> <span class='ocrx_word' id='word_1_281' title='bbox 1135 2425 1299 2484; x_wconf 83' lang='lat' dir='ltr'>quippe</span> <span class='ocrx_word' id='word_1_282' title='bbox 1320 2426 1530 2485; x_wconf 86' lang='lat' dir='ltr'>scriptum</span> <span class='ocrx_word' id='word_1_283' title='bbox 1555 2435 1646 2481; x_wconf 83' lang='lat' dir='ltr'>est,</span> <span class='ocrx_word' id='word_1_284' title='bbox 1675 2444 1697 2467; x_wconf 77' lang='grc' dir='ltr'>α</span> <span class='ocrx_word' id='word_1_285' title='bbox 1717 2426 1817 2470; x_wconf 88' lang='lat' dir='ltr'>Imi-</span> <span class='ocrx_word' id='word_1_286' title='bbox 1859 2479 1863 2492; x_wconf 29' lang='grc' dir='ltr'><strong>ι</strong></span> 
     </span>
     <span class='ocr_line' id='line_1_33' title="bbox 426 2495 1863 2557; baseline 0.003 -21"><span class='ocrx_word' id='word_1_287' title='bbox 426 2513 447 2536; x_wconf 91' lang='lat'>»</span> <span class='ocrx_word' id='word_1_288' title='bbox 472 2505 621 2540; x_wconf 89' lang='lat' dir='ltr'>tantur</span> <span class='ocrx_word' id='word_1_289' title='bbox 648 2511 748 2540; x_wconf 90' lang='lat' dir='ltr'>eum</span> <span class='ocrx_word' id='word_1_290' title='bbox 777 2496 853 2556; x_wconf 84' lang='lat' dir='ltr'>qui</span> <span class='ocrx_word' id='word_1_291' title='bbox 882 2505 985 2541; x_wconf 92' lang='lat' dir='ltr'>sunt</span> <span class='ocrx_word' id='word_1_292' title='bbox 1005 2511 1057 2540; x_wconf 79' lang='lat' dir='ltr'>ex</span> <span class='ocrx_word' id='word_1_293' title='bbox 1086 2504 1206 2555; x_wconf 87' lang='lat' dir='ltr'>parte</span> <span class='ocrx_word' id='word_1_294' title='bbox 1235 2495 1413 2555; x_wconf 64' lang='lat' dir='ltr'>ipsiusss.</span> <span class='ocrx_word' id='word_1_295' title='bbox 1446 2514 1467 2538; x_wconf 89' lang='lat'>»</span> <span class='ocrx_word' id='word_1_296' title='bbox 1495 2496 1582 2542; x_wconf 88' lang='lat' dir='ltr'>Sed</span> <span class='ocrx_word' id='word_1_297' title='bbox 1605 2496 1705 2542; x_wconf 89' lang='lat' dir='ltr'>ideo</span> <span class='ocrx_word' id='word_1_298' title='bbox 1736 2511 1812 2557; x_wconf 80' lang='lat' dir='ltr'>per</span> <span class='ocrx_word' id='word_1_299' title='bbox 1860 2497 1863 2528; x_wconf 71' lang='lat'><em>³</em></span> 
     </span>
    </p>
   </div>
   <div class='ocr_carea' id='block_1_3' title="bbox 472 2579 1713 2626">
    <p class='ocr_par' dir='ltr' id='par_1_6' title="bbox 472 2579 1713 2626">
     <span class='ocr_line' id='line_1_34' title="bbox 472 2579 1713 2626; baseline 0 -13"><span class='ocrx_word' id='word_1_300' title='bbox 472 2585 480 2602; x_wconf 87' lang='lat'><em>¹</em></span> <span class='ocrx_word' id='word_1_301' title='bbox 502 2581 579 2614; x_wconf 91' lang='lat' dir='ltr'>Vide</span> <span class='ocrx_word' id='word_1_302' title='bbox 595 2580 652 2614; x_wconf 89' lang='lat' dir='ltr'>lib.</span> <span class='ocrx_word' id='word_1_303' title='bbox 668 2589 690 2614; x_wconf 83' lang='grc' dir='ltr'>ιι</span> <span class='ocrx_word' id='word_1_304' title='bbox 707 2581 747 2614; x_wconf 85' lang='lat' dir='ltr'>de</span> <span class='ocrx_word' id='word_1_305' title='bbox 768 2581 904 2624; x_wconf 85' lang='lat' dir='ltr'>Nuptiis,</span> <span class='ocrx_word' id='word_1_306' title='bbox 924 2591 998 2624; x_wconf 85' lang='lat' dir='ltr'>cap.</span> <span class='ocrx_word' id='word_1_307' title='bbox 1017 2589 1072 2624; x_wconf 84' lang='lat'>27.</span> <span class='ocrx_word' id='word_1_308' title='bbox 1087 2596 1128 2604; x_wconf 95' lang='lat'><strong>—</strong></span> <span class='ocrx_word' id='word_1_309' title='bbox 1145 2587 1158 2604; x_wconf 80' lang='lat'>²</span> <span class='ocrx_word' id='word_1_310' title='bbox 1177 2582 1268 2614; x_wconf 85' lang='lat' dir='ltr'>Rom.</span> <span class='ocrx_word' id='word_1_311' title='bbox 1288 2592 1322 2623; x_wconf 87' lang='lat' dir='ltr'>v,</span> <span class='ocrx_word' id='word_1_312' title='bbox 1347 2589 1397 2615; x_wconf 70' lang='grc' dir='ltr'>ια.</span> <span class='ocrx_word' id='word_1_313' title='bbox 1414 2598 1456 2606; x_wconf 90' lang='lat'>-</span> <span class='ocrx_word' id='word_1_314' title='bbox 1473 2579 1486 2606; x_wconf 81' lang='lat'>³</span> <span class='ocrx_word' id='word_1_315' title='bbox 1506 2584 1581 2626; x_wconf 73' lang='lat' dir='ltr'>Sap·</span> <span class='ocrx_word' id='word_1_316' title='bbox 1597 2592 1633 2621; x_wconf 80' lang='grc' dir='ltr'>ιι,</span> <span class='ocrx_word' id='word_1_317' title='bbox 1657 2581 1713 2616; x_wconf 85' lang='lat'>25.</span> 
     </span>
    </p>
   </div>
   <div class='ocr_carea' id='block_1_4' title="bbox 1853 0 1884 3285">
    <p class='ocr_par' dir='ltr' id='par_1_7' title="bbox 1853 0 1884 3285">
     <span class='ocr_line' id='line_1_35' title="bbox 1853 0 1884 3285; baseline 0 0"><span class='ocrx_word' id='word_1_318' title='bbox 1853 0 1884 3285; x_wconf 95' lang='lat' dir='ltr'> </span> 
     </span>
    </p>
   </div>
  </div>
 </body>
</html>
