<?xml version="1.0" encoding="UTF-8"?>
<!DOCTYPE html PUBLIC "-//W3C//DTD XHTML 1.0 Transitional//EN"
    "http://www.w3.org/TR/xhtml1/DTD/xhtml1-transitional.dtd">
<html xmlns="http://www.w3.org/1999/xhtml" xml:lang="en" lang="en">
 <head>
  <title>
</title>
<meta http-equiv="Content-Type" content="text/html;charset=utf-8" />
  <meta name='ocr-system' content='tesseract 3.04.00' />
  <meta name='ocr-capabilities' content='ocr_page ocr_carea ocr_par ocr_line ocrx_word'/>
</head>
<body>
  <div class='ocr_page' id='page_1' title='image "./operaomniaaccura36auguuoft/operaomniaaccura36auguuoft_0126.png"; bbox 0 0 1884 3285; ppageno 0'>
   <div class='ocr_carea' id='block_1_1' title="bbox 477 212 1418 252">
    <p class='ocr_par' dir='ltr' id='par_1_1' title="bbox 477 212 1418 252">
     <span class='ocr_line' id='line_1_1' title="bbox 477 212 1418 252; baseline 0.003 -5"><span class='ocrx_word' id='word_1_1' title='bbox 477 212 528 248; x_wconf 75' lang='lat'>82</span> <span class='ocrx_word' id='word_1_2' title='bbox 910 220 942 248; x_wconf 89' lang='lat' dir='ltr'>s.</span> <span class='ocrx_word' id='word_1_3' title='bbox 979 221 1207 252; x_wconf 69' lang='lat' dir='ltr'>Aneus‘rim</span> <span class='ocrx_word' id='word_1_4' title='bbox 1239 225 1418 252; x_wconf 75' lang='lat' dir='ltr'>EPISCOPI</span> 
     </span>
    </p>
   </div>
   <div class='ocr_carea' id='block_1_2' title="bbox 1836 392 1884 670">
    <p class='ocr_par' dir='ltr' id='par_1_2' title="bbox 1836 392 1884 670">
     <span class='ocr_line' id='line_1_2' title="bbox 1836 392 1884 597; baseline 0 -136"><span class='ocrx_word' id='word_1_5' title='bbox 1836 392 1884 597; x_wconf 95' lang='lat' dir='ltr'>   </span> 
     </span>
     <span class='ocr_line' id='line_1_3' title="bbox 1836 597 1884 670; baseline 0 2615"><span class='ocrx_word' id='word_1_6' title='bbox 1836 597 1884 670; x_wconf 95' lang='lat' dir='ltr'> </span> 
     </span>
    </p>
   </div>
   <div class='ocr_carea' id='block_1_3' title="bbox 417 425 1884 2629">
    <p class='ocr_par' dir='ltr' id='par_1_3' title="bbox 419 425 1884 2459">
     <span class='ocr_line' id='line_1_4' title="bbox 462 425 1883 491; baseline 0.008 -23"><span class='ocrx_word' id='word_1_7' title='bbox 462 425 707 484; x_wconf 86' lang='lat' dir='ltr'>recipienda</span> <span class='ocrx_word' id='word_1_8' title='bbox 739 442 818 486; x_wconf 89' lang='lat' dir='ltr'>pro</span> <span class='ocrx_word' id='word_1_9' title='bbox 845 427 970 474; x_wconf 86' lang='lat' dir='ltr'>bonis</span> <span class='ocrx_word' id='word_1_10' title='bbox 1006 430 1169 475; x_wconf 89' lang='lat' dir='ltr'>meritis</span> <span class='ocrx_word' id='word_1_11' title='bbox 1195 431 1396 490; x_wconf 87' lang='lat' dir='ltr'>praemia,</span> <span class='ocrx_word' id='word_1_12' title='bbox 1422 447 1500 491; x_wconf 86' lang='lat' dir='ltr'>pro</span> <span class='ocrx_word' id='word_1_13' title='bbox 1533 431 1656 477; x_wconf 84' lang='lat' dir='ltr'>malis</span> <span class='ocrx_word' id='word_1_14' title='bbox 1677 431 1836 481; x_wconf 80' lang='lat' dir='ltr'>luenda</span> <span class='ocrx_word' id='word_1_15' title='bbox 1882 436 1883 440; x_wconf 73' lang='grc'>’</span> 
     </span>
     <span class='ocr_line' id='line_1_5' title="bbox 459 495 1884 563; baseline 0.006 -25"><span class='ocrx_word' id='word_1_16' title='bbox 459 495 686 555; x_wconf 84' lang='lat' dir='ltr'>supplicia.</span> <span class='ocrx_word' id='word_1_17' title='bbox 712 499 805 542; x_wconf 88' lang='lat' dir='ltr'>Hoc</span> <span class='ocrx_word' id='word_1_18' title='bbox 819 507 965 543; x_wconf 89' lang='lat' dir='ltr'>autem</span> <span class='ocrx_word' id='word_1_19' title='bbox 997 500 1140 546; x_wconf 90' lang='lat' dir='ltr'>medio</span> <span class='ocrx_word' id='word_1_20' title='bbox 1165 510 1359 561; x_wconf 82' lang='lat' dir='ltr'>tempere</span> <span class='ocrx_word' id='word_1_21' title='bbox 1380 502 1494 547; x_wconf 89' lang='lat' dir='ltr'>inter</span> <span class='ocrx_word' id='word_1_22' title='bbox 1523 503 1845 563; x_wconf 83' lang='lat' dir='ltr'>depositionem</span> <span class='ocrx_word' id='word_1_23' title='bbox 1883 530 1884 547; x_wconf 73' lang='grc'>;</span> 
     </span>
     <span class='ocr_line' id='line_1_6' title="bbox 457 567 1884 637; baseline 0.008 -27"><span class='ocrx_word' id='word_1_24' title='bbox 457 575 501 610; x_wconf 91' lang='lat' dir='ltr'>et</span> <span class='ocrx_word' id='word_1_25' title='bbox 522 567 811 626; x_wconf 86' lang='lat' dir='ltr'>receptionem</span> <span class='ocrx_word' id='word_1_26' title='bbox 829 571 1034 630; x_wconf 87' lang='lat' dir='ltr'>corporis,</span> <span class='ocrx_word' id='word_1_27' title='bbox 1055 572 1294 618; x_wconf 89' lang='lat' dir='ltr'>secundum</span> <span class='ocrx_word' id='word_1_28' title='bbox 1317 588 1367 617; x_wconf 90' lang='lat' dir='ltr'>ea</span> <span class='ocrx_word' id='word_1_29' title='bbox 1388 589 1487 634; x_wconf 77' lang='lat' dir='ltr'>quae</span> <span class='ocrx_word' id='word_1_30' title='bbox 1507 584 1733 634; x_wconf 83' lang='lat' dir='ltr'>gesserunt</span> <span class='ocrx_word' id='word_1_31' title='bbox 1759 590 1847 637; x_wconf 86' lang='lat' dir='ltr'>per</span> <span class='ocrx_word' id='word_1_32' title='bbox 1883 594 1884 598; x_wconf 47' lang='lat'>¹</span> 
     </span>
     <span class='ocr_line' id='line_1_7' title="bbox 454 639 1847 707; baseline 0.009 -26"><span class='ocrx_word' id='word_1_33' title='bbox 454 639 644 698; x_wconf 89' lang='lat' dir='ltr'>corporis</span> <span class='ocrx_word' id='word_1_34' title='bbox 668 649 856 700; x_wconf 89' lang='lat' dir='ltr'>tempus,</span> <span class='ocrx_word' id='word_1_35' title='bbox 878 642 963 687; x_wconf 88' lang='lat' dir='ltr'>sive</span> <span class='ocrx_word' id='word_1_36' title='bbox 980 644 1228 689; x_wconf 86' lang='lat' dir='ltr'>cruciantur</span> <span class='ocrx_word' id='word_1_37' title='bbox 1243 645 1414 700; x_wconf 87' lang='lat' dir='ltr'>animae,</span> <span class='ocrx_word' id='word_1_38' title='bbox 1434 646 1522 691; x_wconf 89' lang='lat' dir='ltr'>sive</span> <span class='ocrx_word' id='word_1_39' title='bbox 1537 646 1847 707; x_wconf 75' lang='lat' dir='ltr'>requiescunt.</span> 
     </span>
     <span class='ocr_line' id='line_1_8' title="bbox 453 708 1848 777; baseline 0.009 -24"><span class='ocrx_word' id='word_1_40' title='bbox 453 708 522 753; x_wconf 86' lang='lat' dir='ltr'>Ad</span> <span class='ocrx_word' id='word_1_41' title='bbox 538 711 657 770; x_wconf 93' lang='lat' dir='ltr'>quod</span> <span class='ocrx_word' id='word_1_42' title='bbox 679 719 850 771; x_wconf 88' lang='lat' dir='ltr'>tempus</span> <span class='ocrx_word' id='word_1_43' title='bbox 879 714 1069 773; x_wconf 87' lang='lat' dir='ltr'>corporis</span> <span class='ocrx_word' id='word_1_44' title='bbox 1093 716 1279 775; x_wconf 84' lang='lat' dir='ltr'>pertinet</span> <span class='ocrx_word' id='word_1_45' title='bbox 1307 717 1435 761; x_wconf 87' lang='lat' dir='ltr'>etiam</span> <span class='ocrx_word' id='word_1_46' title='bbox 1467 718 1586 777; x_wconf 90' lang='lat' dir='ltr'>quod</span> <span class='ocrx_word' id='word_1_47' title='bbox 1616 718 1848 777; x_wconf 82' lang='lat' dir='ltr'>Pelagiani</span> 
     </span>
     <span class='ocr_line' id='line_1_9' title="bbox 450 781 1849 849; baseline 0.01 -27"><span class='ocrx_word' id='word_1_48' title='bbox 450 788 632 837; x_wconf 86' lang='lat' dir='ltr'>negant,</span> <span class='ocrx_word' id='word_1_49' title='bbox 657 781 733 825; x_wconf 90' lang='lat' dir='ltr'>sed</span> <span class='ocrx_word' id='word_1_50' title='bbox 760 782 920 831; x_wconf 87' lang='lat' dir='ltr'>Christi</span> <span class='ocrx_word' id='word_1_51' title='bbox 940 783 1130 830; x_wconf 88' lang='lat' dir='ltr'>Ecclesia</span> <span class='ocrx_word' id='word_1_52' title='bbox 1162 787 1418 843; x_wconf 85' lang='lat' dir='ltr'>confitetur,</span> <span class='ocrx_word' id='word_1_53' title='bbox 1445 786 1655 847; x_wconf 85' lang='lat' dir='ltr'>originale</span> <span class='ocrx_word' id='word_1_54' title='bbox 1678 804 1849 849; x_wconf 88' lang='lat' dir='ltr'>pecca-</span> 
     </span>
     <span class='ocr_line' id='line_1_10' title="bbox 450 851 1849 920; baseline 0.009 -27"><span class='ocrx_word' id='word_1_55' title='bbox 450 857 542 893; x_wconf 90' lang='lat' dir='ltr'>tum</span> <span class='ocrx_word' id='word_1_56' title='bbox 563 869 572 895; x_wconf 90' lang='lat'>:</span> <span class='ocrx_word' id='word_1_57' title='bbox 597 865 685 910; x_wconf 92' lang='lat' dir='ltr'>quo</span> <span class='ocrx_word' id='word_1_58' title='bbox 701 851 791 896; x_wconf 89' lang='lat' dir='ltr'>sive</span> <span class='ocrx_word' id='word_1_59' title='bbox 814 852 957 898; x_wconf 90' lang='lat' dir='ltr'>soluto</span> <span class='ocrx_word' id='word_1_60' title='bbox 978 870 1054 914; x_wconf 90' lang='lat' dir='ltr'>per</span> <span class='ocrx_word' id='word_1_61' title='bbox 1077 857 1153 901; x_wconf 89' lang='lat' dir='ltr'>Dei</span> <span class='ocrx_word' id='word_1_62' title='bbox 1184 859 1379 916; x_wconf 81' lang='lat' dir='ltr'>gratiam,</span> <span class='ocrx_word' id='word_1_63' title='bbox 1404 858 1492 904; x_wconf 90' lang='lat' dir='ltr'>sive</span> <span class='ocrx_word' id='word_1_64' title='bbox 1520 873 1596 917; x_wconf 89' lang='lat' dir='ltr'>per</span> <span class='ocrx_word' id='word_1_65' title='bbox 1614 859 1692 903; x_wconf 91' lang='lat' dir='ltr'>Dei</span> <span class='ocrx_word' id='word_1_66' title='bbox 1706 860 1849 920; x_wconf 87' lang='lat' dir='ltr'>judi-</span> 
     </span>
     <span class='ocr_line' id='line_1_11' title="bbox 446 919 1850 987; baseline 0.01 -24"><span class='ocrx_word' id='word_1_67' title='bbox 446 919 560 963; x_wconf 92' lang='lat' dir='ltr'>cium</span> <span class='ocrx_word' id='word_1_68' title='bbox 577 936 667 966; x_wconf 90' lang='lat' dir='ltr'>non</span> <span class='ocrx_word' id='word_1_69' title='bbox 689 921 847 979; x_wconf 80' lang='lat' dir='ltr'>soluto,</span> <span class='ocrx_word' id='word_1_70' title='bbox 872 938 973 969; x_wconf 91' lang='lat' dir='ltr'>cum</span> <span class='ocrx_word' id='word_1_71' title='bbox 995 927 1243 972; x_wconf 89' lang='lat' dir='ltr'>moriuntur</span> <span class='ocrx_word' id='word_1_72' title='bbox 1265 928 1475 985; x_wconf 87' lang='lat' dir='ltr'>infantes,</span> <span class='ocrx_word' id='word_1_73' title='bbox 1495 938 1572 974; x_wconf 86' lang='lat' dir='ltr'>aut</span> <span class='ocrx_word' id='word_1_74' title='bbox 1589 930 1744 977; x_wconf 88' lang='lat' dir='ltr'>merito</span> <span class='ocrx_word' id='word_1_75' title='bbox 1761 939 1850 987; x_wconf 66' lang='lat' dir='ltr'>re—}</span> 
     </span>
     <span class='ocr_line' id='line_1_12' title="bbox 442 993 1851 1057; baseline 0.01 -23"><span class='ocrx_word' id='word_1_76' title='bbox 442 993 730 1049; x_wconf 84' lang='lat' dir='ltr'>generationis</span> <span class='ocrx_word' id='word_1_77' title='bbox 753 1004 977 1042; x_wconf 88' lang='lat' dir='ltr'>transeunt</span> <span class='ocrx_word' id='word_1_78' title='bbox 995 1013 1046 1042; x_wconf 91' lang='lat' dir='ltr'>ex</span> <span class='ocrx_word' id='word_1_79' title='bbox 1079 999 1202 1044; x_wconf 89' lang='lat' dir='ltr'>malis</span> <span class='ocrx_word' id='word_1_80' title='bbox 1225 1000 1281 1046; x_wconf 86' lang='lat' dir='ltr'>ad</span> <span class='ocrx_word' id='word_1_81' title='bbox 1303 1001 1442 1057; x_wconf 85' lang='lat' dir='ltr'>bona,</span> <span class='ocrx_word' id='word_1_82' title='bbox 1468 1011 1545 1047; x_wconf 89' lang='lat' dir='ltr'>aut</span> <span class='ocrx_word' id='word_1_83' title='bbox 1566 1004 1722 1050; x_wconf 86' lang='lat' dir='ltr'>merito</span> <span class='ocrx_word' id='word_1_84' title='bbox 1743 1003 1851 1048; x_wconf 89' lang='lat' dir='ltr'>ori-</span> 
     </span>
     <span class='ocr_line' id='line_1_13' title="bbox 442 1061 1851 1120; baseline 0.011 -15"><span class='ocrx_word' id='word_1_85' title='bbox 442 1061 551 1119; x_wconf 86' lang='lat' dir='ltr'>ginis</span> <span class='ocrx_word' id='word_1_86' title='bbox 585 1072 811 1110; x_wconf 87' lang='lat' dir='ltr'>transeunt</span> <span class='ocrx_word' id='word_1_87' title='bbox 837 1081 888 1111; x_wconf 88' lang='lat' dir='ltr'>ex</span> <span class='ocrx_word' id='word_1_88' title='bbox 917 1068 1038 1113; x_wconf 90' lang='lat' dir='ltr'>malis</span> <span class='ocrx_word' id='word_1_89' title='bbox 1076 1069 1132 1114; x_wconf 90' lang='lat' dir='ltr'>ad</span> <span class='ocrx_word' id='word_1_90' title='bbox 1166 1070 1295 1115; x_wconf 87' lang='lat' dir='ltr'>mala.</span> <span class='ocrx_word' id='word_1_91' title='bbox 1337 1074 1430 1117; x_wconf 91' lang='lat' dir='ltr'>Hoc</span> <span class='ocrx_word' id='word_1_92' title='bbox 1471 1072 1682 1118; x_wconf 85' lang='lat' dir='ltr'>catholica</span> <span class='ocrx_word' id='word_1_93' title='bbox 1721 1068 1851 1120; x_wconf 89' lang='lat' dir='ltr'>fides</span> 
     </span>
     <span class='ocr_line' id='line_1_14' title="bbox 442 1135 1852 1192; baseline 0.01 -15"><span class='ocrx_word' id='word_1_94' title='bbox 442 1135 565 1178; x_wconf 92' lang='lat' dir='ltr'>novit</span> <span class='ocrx_word' id='word_1_95' title='bbox 590 1154 600 1180; x_wconf 90' lang='lat'>:</span> <span class='ocrx_word' id='word_1_96' title='bbox 624 1135 670 1180; x_wconf 90' lang='lat' dir='ltr'>in</span> <span class='ocrx_word' id='word_1_97' title='bbox 697 1137 780 1181; x_wconf 91' lang='lat' dir='ltr'>hoc</span> <span class='ocrx_word' id='word_1_98' title='bbox 808 1139 938 1184; x_wconf 88' lang='lat' dir='ltr'>etiam</span> <span class='ocrx_word' id='word_1_99' title='bbox 968 1141 1170 1185; x_wconf 88' lang='lat' dir='ltr'>nonnulli</span> <span class='ocrx_word' id='word_1_100' title='bbox 1199 1143 1390 1188; x_wconf 81' lang='lat' dir='ltr'>haeretici</span> <span class='ocrx_word' id='word_1_101' title='bbox 1422 1144 1514 1188; x_wconf 90' lang='lat' dir='ltr'>sine</span> <span class='ocrx_word' id='word_1_102' title='bbox 1541 1143 1632 1189; x_wconf 88' lang='lat' dir='ltr'>ulla</span> <span class='ocrx_word' id='word_1_103' title='bbox 1653 1154 1852 1192; x_wconf 87' lang='lat' dir='ltr'>contra-</span> 
     </span>
     <span class='ocr_line' id='line_1_15' title="bbox 439 1201 1854 1275; baseline 0.012 -29"><span class='ocrx_word' id='word_1_104' title='bbox 439 1201 630 1249; x_wconf 88' lang='lat' dir='ltr'>dictione</span> <span class='ocrx_word' id='word_1_105' title='bbox 650 1209 943 1252; x_wconf 87' lang='lat' dir='ltr'>consentiunt.</span> <span class='ocrx_word' id='word_1_106' title='bbox 968 1209 1161 1259; x_wconf 85' lang='lat' dir='ltr'>Judicari</span> <span class='ocrx_word' id='word_1_107' title='bbox 1192 1221 1335 1256; x_wconf 85' lang='lat' dir='ltr'>autem</span> <span class='ocrx_word' id='word_1_108' title='bbox 1360 1228 1628 1275; x_wconf 88' lang='lat' dir='ltr'>quemquam</span> <span class='ocrx_word' id='word_1_109' title='bbox 1647 1231 1737 1261; x_wconf 92' lang='lat' dir='ltr'>non</span> <span class='ocrx_word' id='word_1_110' title='bbox 1754 1231 1825 1262; x_wconf 85' lang='lat' dir='ltr'>se·</span> <span class='ocrx_word' id='word_1_111' title='bbox 1849 1214 1854 1266; x_wconf 68' lang='grc' dir='ltr'><strong>ἰ</strong></span> 
     </span>
     <span class='ocr_line' id='line_1_16' title="bbox 439 1273 1826 1346; baseline 0.012 -30"><span class='ocrx_word' id='word_1_112' title='bbox 439 1273 634 1319; x_wconf 90' lang='lat' dir='ltr'>cundum</span> <span class='ocrx_word' id='word_1_113' title='bbox 657 1277 809 1322; x_wconf 87' lang='lat' dir='ltr'>merita</span> <span class='ocrx_word' id='word_1_114' title='bbox 835 1294 933 1338; x_wconf 81' lang='lat' dir='ltr'>quae</span> <span class='ocrx_word' id='word_1_115' title='bbox 955 1280 1110 1325; x_wconf 89' lang='lat' dir='ltr'>habuit</span> <span class='ocrx_word' id='word_1_116' title='bbox 1130 1282 1329 1342; x_wconf 89' lang='lat' dir='ltr'>quandiu</span> <span class='ocrx_word' id='word_1_117' title='bbox 1349 1283 1434 1329; x_wconf 81' lang='lat' dir='ltr'>suit</span> <span class='ocrx_word' id='word_1_118' title='bbox 1454 1285 1500 1329; x_wconf 90' lang='lat' dir='ltr'>in</span> <span class='ocrx_word' id='word_1_119' title='bbox 1522 1301 1726 1346; x_wconf 87' lang='lat' dir='ltr'>corpore,</span> <span class='ocrx_word' id='word_1_120' title='bbox 1748 1287 1826 1333; x_wconf 88' lang='lat' dir='ltr'>sed</span> 
     </span>
     <span class='ocr_line' id='line_1_17' title="bbox 438 1345 1854 1429; baseline 0.012 -41"><span class='ocrx_word' id='word_1_121' title='bbox 438 1345 679 1391; x_wconf 88' lang='lat' dir='ltr'>secundum</span> <span class='ocrx_word' id='word_1_122' title='bbox 702 1350 854 1394; x_wconf 83' lang='lat' dir='ltr'>merita</span> <span class='ocrx_word' id='word_1_123' title='bbox 886 1367 985 1410; x_wconf 84' lang='lat' dir='ltr'>quae</span> <span class='ocrx_word' id='word_1_124' title='bbox 1021 1352 1164 1398; x_wconf 73' lang='lat' dir='ltr'>tuerat</span> <span class='ocrx_word' id='word_1_125' title='bbox 1184 1354 1414 1400; x_wconf 89' lang='lat' dir='ltr'>habiturus</span> <span class='ocrx_word' id='word_1_126' title='bbox 1440 1357 1474 1400; x_wconf 89' lang='lat' dir='ltr'>si</span> <span class='ocrx_word' id='word_1_127' title='bbox 1502 1357 1666 1403; x_wconf 90' lang='lat' dir='ltr'>diutius</span> <span class='ocrx_word' id='word_1_128' title='bbox 1686 1358 1820 1404; x_wconf 88' lang='lat' dir='ltr'>vixis·</span> <span class='ocrx_word' id='word_1_129' title='bbox 1851 1378 1854 1429; x_wconf 26' lang='grc' dir='ltr'>ζ</span> 
     </span>
     <span class='ocr_line' id='line_1_18' title="bbox 436 1416 1854 1490; baseline 0.013 -31"><span class='ocrx_word' id='word_1_130' title='bbox 436 1425 501 1459; x_wconf 87' lang='lat' dir='ltr'>set</span> <span class='ocrx_word' id='word_1_131' title='bbox 521 1416 567 1460; x_wconf 89' lang='lat' dir='ltr'>in</span> <span class='ocrx_word' id='word_1_132' title='bbox 595 1433 798 1478; x_wconf 89' lang='lat' dir='ltr'>corpore,</span> <span class='ocrx_word' id='word_1_133' title='bbox 823 1421 941 1465; x_wconf 90' lang='lat' dir='ltr'>unde</span> <span class='ocrx_word' id='word_1_134' title='bbox 963 1423 1130 1483; x_wconf 88' lang='lat' dir='ltr'>opinari</span> <span class='ocrx_word' id='word_1_135' title='bbox 1152 1426 1373 1484; x_wconf 89' lang='lat' dir='ltr'>potuerint</span> <span class='ocrx_word' id='word_1_136' title='bbox 1395 1427 1608 1485; x_wconf 85' lang='lat' dir='ltr'>homines,</span> <span class='ocrx_word' id='word_1_137' title='bbox 1633 1446 1822 1490; x_wconf 90' lang='lat' dir='ltr'>quorum</span> <span class='ocrx_word' id='word_1_138' title='bbox 1852 1453 1854 1458; x_wconf 95' lang='lat'>·</span> 
     </span>
     <span class='ocr_line' id='line_1_19' title="bbox 436 1486 1819 1560; baseline 0.014 -30"><span class='ocrx_word' id='word_1_139' title='bbox 436 1486 605 1545; x_wconf 86' lang='lat' dir='ltr'>ingenia</span> <span class='ocrx_word' id='word_1_140' title='bbox 633 1505 722 1534; x_wconf 88' lang='lat' dir='ltr'>non</span> <span class='ocrx_word' id='word_1_141' title='bbox 749 1506 838 1536; x_wconf 89' lang='lat' dir='ltr'>esse</span> <span class='ocrx_word' id='word_1_142' title='bbox 865 1496 1211 1555; x_wconf 83' lang='lat' dir='ltr'>contemptibilia</span> <span class='ocrx_word' id='word_1_143' title='bbox 1242 1507 1394 1543; x_wconf 88' lang='lat' dir='ltr'>vestrae</span> <span class='ocrx_word' id='word_1_144' title='bbox 1419 1499 1615 1547; x_wconf 87' lang='lat' dir='ltr'>indicant</span> <span class='ocrx_word' id='word_1_145' title='bbox 1645 1501 1819 1560; x_wconf 64' lang='lat' dir='ltr'>litterae,</span> 
     </span>
     <span class='ocr_line' id='line_1_20' title="bbox 436 1557 1856 1628; baseline 0.014 -28"><span class='ocrx_word' id='word_1_146' title='bbox 436 1557 594 1603; x_wconf 89' lang='lat' dir='ltr'>mirans</span> <span class='ocrx_word' id='word_1_147' title='bbox 622 1569 664 1604; x_wconf 90' lang='lat' dir='ltr'>et</span> <span class='ocrx_word' id='word_1_148' title='bbox 685 1570 861 1620; x_wconf 88' lang='lat' dir='ltr'>stupens</span> <span class='ocrx_word' id='word_1_149' title='bbox 880 1566 1066 1623; x_wconf 89' lang='lat' dir='ltr'>reperire</span> <span class='ocrx_word' id='word_1_150' title='bbox 1094 1582 1184 1612; x_wconf 91' lang='lat' dir='ltr'>non</span> <span class='ocrx_word' id='word_1_151' title='bbox 1207 1583 1381 1628; x_wconf 89' lang='lat' dir='ltr'>possum</span> <span class='ocrx_word' id='word_1_152' title='bbox 1401 1589 1410 1616; x_wconf 74' lang='grc' dir='ltr'>ε</span> <span class='ocrx_word' id='word_1_153' title='bbox 1435 1586 1516 1616; x_wconf 89' lang='lat' dir='ltr'>nec</span> <span class='ocrx_word' id='word_1_154' title='bbox 1542 1572 1721 1618; x_wconf 88' lang='lat' dir='ltr'>credere</span> <span class='ocrx_word' id='word_1_155' title='bbox 1740 1590 1820 1619; x_wconf 89' lang='lat' dir='ltr'>au·</span> <span class='ocrx_word' id='word_1_156' title='bbox 1853 1611 1856 1626; x_wconf 85' lang='lat'>.</span> 
     </span>
     <span class='ocr_line' id='line_1_21' title="bbox 437 1626 1856 1706; baseline 0.015 -35"><span class='ocrx_word' id='word_1_157' title='bbox 437 1626 583 1673; x_wconf 87' lang='lat' dir='ltr'>derem</span> <span class='ocrx_word' id='word_1_158' title='bbox 600 1665 611 1686; x_wconf 88' lang='lat'>‚</span> <span class='ocrx_word' id='word_1_159' title='bbox 636 1631 719 1676; x_wconf 89' lang='lat' dir='ltr'>nisi</span> <span class='ocrx_word' id='word_1_160' title='bbox 744 1633 865 1678; x_wconf 87' lang='lat' dir='ltr'>vobis</span> <span class='ocrx_word' id='word_1_161' title='bbox 894 1650 984 1680; x_wconf 92' lang='lat' dir='ltr'>non</span> <span class='ocrx_word' id='word_1_162' title='bbox 1005 1637 1181 1682; x_wconf 85' lang='lat' dir='ltr'>credere</span> <span class='ocrx_word' id='word_1_163' title='bbox 1208 1655 1298 1685; x_wconf 88' lang='lat' dir='ltr'>non</span> <span class='ocrx_word' id='word_1_164' title='bbox 1329 1641 1549 1688; x_wconf 88' lang='lat' dir='ltr'>auderem.</span> <span class='ocrx_word' id='word_1_165' title='bbox 1582 1644 1667 1690; x_wconf 91' lang='lat' dir='ltr'>Sed</span> <span class='ocrx_word' id='word_1_166' title='bbox 1694 1661 1820 1706; x_wconf 89' lang='lat' dir='ltr'>spero</span> <span class='ocrx_word' id='word_1_167' title='bbox 1853 1678 1856 1697; x_wconf 67' lang='lat'>;</span> 
     </span>
     <span class='ocr_line' id='line_1_22' title="bbox 433 1697 1818 1776; baseline 0.015 -35"><span class='ocrx_word' id='word_1_168' title='bbox 433 1697 688 1745; x_wconf 84' lang='lat' dir='ltr'>adfuturum</span> <span class='ocrx_word' id='word_1_169' title='bbox 713 1706 865 1760; x_wconf 89' lang='lat' dir='ltr'>Deum,</span> <span class='ocrx_word' id='word_1_170' title='bbox 890 1714 940 1750; x_wconf 86' lang='lat' dir='ltr'>ut</span> <span class='ocrx_word' id='word_1_171' title='bbox 960 1710 1213 1754; x_wconf 87' lang='lat' dir='ltr'>commoniti</span> <span class='ocrx_word' id='word_1_172' title='bbox 1236 1711 1324 1757; x_wconf 89' lang='lat' dir='ltr'>cito</span> <span class='ocrx_word' id='word_1_173' title='bbox 1341 1713 1534 1769; x_wconf 83' lang='lat' dir='ltr'>videant,</span> <span class='ocrx_word' id='word_1_174' title='bbox 1554 1729 1604 1759; x_wconf 90' lang='lat' dir='ltr'>ea</span> <span class='ocrx_word' id='word_1_175' title='bbox 1629 1732 1730 1776; x_wconf 86' lang='lat' dir='ltr'>quae</span> <span class='ocrx_word' id='word_1_176' title='bbox 1746 1716 1818 1761; x_wconf 87' lang='lat' dir='ltr'>di-</span> 
     </span>
     <span class='ocr_line' id='line_1_23' title="bbox 434 1771 1857 1845; baseline 0.015 -32"><span class='ocrx_word' id='word_1_177' title='bbox 434 1779 594 1815; x_wconf 90' lang='lat' dir='ltr'>cuntur</span> <span class='ocrx_word' id='word_1_178' title='bbox 621 1771 770 1819; x_wconf 86' lang='lat' dir='ltr'>futura</span> <span class='ocrx_word' id='word_1_179' title='bbox 791 1774 924 1821; x_wconf 90' lang='lat' dir='ltr'>fuisse</span> <span class='ocrx_word' id='word_1_180' title='bbox 953 1789 1129 1837; x_wconf 86' lang='lat' dir='ltr'>peccata</span> <span class='ocrx_word' id='word_1_181' title='bbox 1144 1815 1155 1836; x_wconf 91' lang='lat'>,</span> <span class='ocrx_word' id='word_1_182' title='bbox 1180 1781 1215 1826; x_wconf 92' lang='lat' dir='ltr'>si</span> <span class='ocrx_word' id='word_1_183' title='bbox 1235 1798 1313 1842; x_wconf 90' lang='lat' dir='ltr'>per</span> <span class='ocrx_word' id='word_1_184' title='bbox 1335 1785 1414 1828; x_wconf 90' lang='lat' dir='ltr'>Dei</span> <span class='ocrx_word' id='word_1_185' title='bbox 1422 1785 1640 1845; x_wconf 88' lang='lat' dir='ltr'>judicium</span> <span class='ocrx_word' id='word_1_186' title='bbox 1659 1787 1707 1832; x_wconf 90' lang='lat' dir='ltr'>in</span> <span class='ocrx_word' id='word_1_187' title='bbox 1728 1803 1818 1834; x_wconf 88' lang='lat' dir='ltr'>non</span> <span class='ocrx_word' id='word_1_188' title='bbox 1854 1805 1857 1842; x_wconf 51' lang='lat' dir='ltr'>j¹</span> 
     </span>
     <span class='ocr_line' id='line_1_24' title="bbox 433 1839 1858 1919; baseline 0.015 -35"><span class='ocrx_word' id='word_1_189' title='bbox 433 1839 657 1900; x_wconf 88' lang='lat' dir='ltr'>baptizatis</span> <span class='ocrx_word' id='word_1_190' title='bbox 679 1855 858 1904; x_wconf 87' lang='lat' dir='ltr'>possunt</span> <span class='ocrx_word' id='word_1_191' title='bbox 880 1849 979 1907; x_wconf 86' lang='lat' dir='ltr'>jure</span> <span class='ocrx_word' id='word_1_192' title='bbox 998 1850 1159 1908; x_wconf 87' lang='lat' dir='ltr'>puniri,</span> <span class='ocrx_word' id='word_1_193' title='bbox 1180 1853 1309 1898; x_wconf 83' lang='lat' dir='ltr'>etiam</span> <span class='ocrx_word' id='word_1_194' title='bbox 1327 1869 1402 1914; x_wconf 89' lang='lat' dir='ltr'>per</span> <span class='ocrx_word' id='word_1_195' title='bbox 1420 1856 1499 1900; x_wconf 92' lang='lat' dir='ltr'>Dei</span> <span class='ocrx_word' id='word_1_196' title='bbox 1517 1858 1699 1917; x_wconf 83' lang='lat' dir='ltr'>gratiam</span> <span class='ocrx_word' id='word_1_197' title='bbox 1712 1859 1816 1919; x_wconf 91' lang='lat' dir='ltr'>bap·</span> <span class='ocrx_word' id='word_1_198' title='bbox 1854 1855 1858 1871; x_wconf 69' lang='lat'>⁴</span> 
     </span>
     <span class='ocr_line' id='line_1_25' title="bbox 432 1911 1858 1987; baseline 0.014 -33"><span class='ocrx_word' id='word_1_199' title='bbox 432 1911 569 1957; x_wconf 84' lang='lat' dir='ltr'>tizatis</span> <span class='ocrx_word' id='word_1_200' title='bbox 586 1930 708 1973; x_wconf 81' lang='lat' dir='ltr'>posse</span> <span class='ocrx_word' id='word_1_201' title='bbox 723 1917 896 1962; x_wconf 86' lang='lat' dir='ltr'>dimitti.</span> <span class='ocrx_word' id='word_1_202' title='bbox 916 1921 1190 1983; x_wconf 87' lang='lat' dir='ltr'>Quicumque</span> <span class='ocrx_word' id='word_1_203' title='bbox 1207 1925 1322 1970; x_wconf 84' lang='lat' dir='ltr'>enim</span> <span class='ocrx_word' id='word_1_204' title='bbox 1340 1927 1463 1982; x_wconf 90' lang='lat' dir='ltr'>dicit,</span> <span class='ocrx_word' id='word_1_205' title='bbox 1480 1929 1627 1987; x_wconf 87' lang='lat' dir='ltr'>puniri</span> <span class='ocrx_word' id='word_1_206' title='bbox 1644 1940 1815 1976; x_wconf 89' lang='lat' dir='ltr'>tantum</span> <span class='ocrx_word' id='word_1_207' title='bbox 1855 1960 1858 1974; x_wconf 88' lang='lat'>.</span> 
     </span>
     <span class='ocr_line' id='line_1_26' title="bbox 431 1986 1858 2052; baseline 0.017 -27"><span class='ocrx_word' id='word_1_208' title='bbox 431 1997 553 2040; x_wconf 91' lang='lat' dir='ltr'>posse</span> <span class='ocrx_word' id='word_1_209' title='bbox 582 1987 671 2030; x_wconf 88' lang='lat' dir='ltr'>Deo</span> <span class='ocrx_word' id='word_1_210' title='bbox 696 1986 921 2046; x_wconf 89' lang='lat' dir='ltr'>judicante</span> <span class='ocrx_word' id='word_1_211' title='bbox 944 1989 1094 2037; x_wconf 86' lang='lat' dir='ltr'>futura</span> <span class='ocrx_word' id='word_1_212' title='bbox 1126 2004 1323 2052; x_wconf 88' lang='lat' dir='ltr'>peccata,</span> <span class='ocrx_word' id='word_1_213' title='bbox 1356 1997 1517 2044; x_wconf 84' lang='lat' dir='ltr'>dimitti</span> <span class='ocrx_word' id='word_1_214' title='bbox 1548 2009 1694 2045; x_wconf 86' lang='lat' dir='ltr'>autem</span> <span class='ocrx_word' id='word_1_215' title='bbox 1721 2004 1813 2048; x_wconf 91' lang='lat' dir='ltr'>Deo</span> <span class='ocrx_word' id='word_1_216' title='bbox 1855 2035 1858 2042; x_wconf 44' lang='grc' dir='ltr'>ι</span> 
     </span>
     <span class='ocr_line' id='line_1_27' title="bbox 430 2054 1859 2128; baseline 0.017 -33"><span class='ocrx_word' id='word_1_217' title='bbox 430 2054 657 2099; x_wconf 87' lang='lat' dir='ltr'>miserante</span> <span class='ocrx_word' id='word_1_218' title='bbox 684 2073 773 2102; x_wconf 91' lang='lat' dir='ltr'>non</span> <span class='ocrx_word' id='word_1_219' title='bbox 800 2075 938 2118; x_wconf 89' lang='lat' dir='ltr'>posse,</span> <span class='ocrx_word' id='word_1_220' title='bbox 963 2065 1153 2122; x_wconf 85' lang='lat' dir='ltr'>cogitare</span> <span class='ocrx_word' id='word_1_221' title='bbox 1176 2066 1308 2111; x_wconf 88' lang='lat' dir='ltr'>debet</span> <span class='ocrx_word' id='word_1_222' title='bbox 1329 2079 1538 2128; x_wconf 87' lang='lat' dir='ltr'>quantam</span> <span class='ocrx_word' id='word_1_223' title='bbox 1566 2075 1657 2118; x_wconf 91' lang='lat' dir='ltr'>Deo</span> <span class='ocrx_word' id='word_1_224' title='bbox 1682 2072 1813 2119; x_wconf 87' lang='lat' dir='ltr'>faciat</span> <span class='ocrx_word' id='word_1_225' title='bbox 1856 2087 1859 2094; x_wconf 93' lang='grc'><strong>’</strong></span> 
     </span>
     <span class='ocr_line' id='line_1_28' title="bbox 429 2124 1809 2204; baseline 0.019 -38"><span class='ocrx_word' id='word_1_226' title='bbox 429 2124 665 2185; x_wconf 84' lang='lat' dir='ltr'>gratiaeque</span> <span class='ocrx_word' id='word_1_227' title='bbox 686 2129 776 2187; x_wconf 84' lang='lat' dir='ltr'>ejus</span> <span class='ocrx_word' id='word_1_228' title='bbox 808 2129 1034 2192; x_wconf 79' lang='lat' dir='ltr'>injuriam3</span> <span class='ocrx_word' id='word_1_229' title='bbox 1066 2136 1190 2195; x_wconf 87' lang='lat' dir='ltr'>quasi</span> <span class='ocrx_word' id='word_1_230' title='bbox 1213 2137 1413 2183; x_wconf 82' lang='lat' dir='ltr'>futurum</span> <span class='ocrx_word' id='word_1_231' title='bbox 1442 2151 1671 2200; x_wconf 91' lang='lat' dir='ltr'>peccatum</span> <span class='ocrx_word' id='word_1_232' title='bbox 1694 2159 1809 2204; x_wconf 85' lang='lat' dir='ltr'>prae-</span> 
     </span>
     <span class='ocr_line' id='line_1_29' title="bbox 428 2198 1804 2265; baseline 0.019 -27"><span class='ocrx_word' id='word_1_233' title='bbox 428 2198 544 2240; x_wconf 91' lang='lat' dir='ltr'>nosci</span> <span class='ocrx_word' id='word_1_234' title='bbox 561 2198 718 2256; x_wconf 90' lang='lat' dir='ltr'>possit,</span> <span class='ocrx_word' id='word_1_235' title='bbox 744 2215 823 2245; x_wconf 87' lang='lat' dir='ltr'>nec</span> <span class='ocrx_word' id='word_1_236' title='bbox 850 2206 981 2261; x_wconf 89' lang='lat' dir='ltr'>possit</span> <span class='ocrx_word' id='word_1_237' title='bbox 1008 2205 1187 2265; x_wconf 82' lang='lat' dir='ltr'>ignosci.</span> <span class='ocrx_word' id='word_1_238' title='bbox 1214 2210 1339 2264; x_wconf 88' lang='lat' dir='ltr'>Quod</span> <span class='ocrx_word' id='word_1_239' title='bbox 1371 2212 1405 2256; x_wconf 91' lang='lat' dir='ltr'>si</span> <span class='ocrx_word' id='word_1_240' title='bbox 1435 2213 1676 2261; x_wconf 88' lang='lat' dir='ltr'>absurdum</span> <span class='ocrx_word' id='word_1_241' title='bbox 1707 2226 1769 2264; x_wconf 90' lang='lat' dir='ltr'>est</span> <span class='ocrx_word' id='word_1_242' title='bbox 1794 2237 1804 2264; x_wconf 88' lang='lat'>:</span> 
     </span>
     <span class='ocr_line' id='line_1_30' title="bbox 427 2268 1807 2343; baseline 0.02 -34"><span class='ocrx_word' id='word_1_243' title='bbox 427 2268 561 2326; x_wconf 85' lang='lat' dir='ltr'>magis</span> <span class='ocrx_word' id='word_1_244' title='bbox 583 2283 685 2328; x_wconf 84' lang='lat' dir='ltr'>ergo</span> <span class='ocrx_word' id='word_1_245' title='bbox 704 2269 882 2329; x_wconf 86' lang='lat' dir='ltr'>futuris,</span> <span class='ocrx_word' id='word_1_246' title='bbox 902 2275 936 2319; x_wconf 88' lang='lat' dir='ltr'>si</span> <span class='ocrx_word' id='word_1_247' title='bbox 957 2276 1031 2321; x_wconf 91' lang='lat' dir='ltr'>diu</span> <span class='ocrx_word' id='word_1_248' title='bbox 1053 2279 1272 2336; x_wconf 85' lang='lat' dir='ltr'>viverent,</span> <span class='ocrx_word' id='word_1_249' title='bbox 1297 2285 1611 2343; x_wconf 86' lang='lat' dir='ltr'>peccatoribus,</span> <span class='ocrx_word' id='word_1_250' title='bbox 1636 2303 1737 2334; x_wconf 90' lang='lat' dir='ltr'>cum</span> <span class='ocrx_word' id='word_1_251' title='bbox 1759 2289 1807 2336; x_wconf 90' lang='lat' dir='ltr'>in</span> 
     </span>
     <span class='ocr_line' id='line_1_31' title="bbox 423 2344 1860 2420; baseline 0.021 -40"><span class='ocrx_word' id='word_1_252' title='bbox 423 2351 553 2395; x_wconf 85' lang='lat' dir='ltr'>parva</span> <span class='ocrx_word' id='word_1_253' title='bbox 586 2349 713 2386; x_wconf 80' lang='lat' dir='ltr'>aetate</span> <span class='ocrx_word' id='word_1_254' title='bbox 745 2344 1012 2403; x_wconf 84' lang='lat' dir='ltr'>moriuntur,</span> <span class='ocrx_word' id='word_1_255' title='bbox 1044 2348 1214 2397; x_wconf 86' lang='lat' dir='ltr'>lavacro</span> <span class='ocrx_word' id='word_1_256' title='bbox 1245 2369 1334 2413; x_wconf 91' lang='lat' dir='ltr'>quo</span> <span class='ocrx_word' id='word_1_257' title='bbox 1357 2366 1531 2415; x_wconf 90' lang='lat' dir='ltr'>peccata</span> <span class='ocrx_word' id='word_1_258' title='bbox 1545 2357 1797 2420; x_wconf 89' lang='lat' dir='ltr'>diluuntur,</span> <span class='ocrx_word' id='word_1_259' title='bbox 1857 2350 1860 2356; x_wconf 37' lang='lat'><strong><em>⁴</em></strong></span> 
     </span>
     <span class='ocr_line' id='line_1_32' title="bbox 419 2408 829 2459; baseline 0.017 -7"><span class='ocrx_word' id='word_1_260' title='bbox 419 2408 572 2453; x_wconf 88' lang='lat' dir='ltr'>debuit</span> <span class='ocrx_word' id='word_1_261' title='bbox 597 2412 829 2459; x_wconf 81' lang='lat' dir='ltr'>subveniri.</span> 
     </span>
    </p>

    <p class='ocr_par' dir='ltr' id='par_1_4' title="bbox 417 2482 1861 2629">
     <span class='ocr_line' id='line_1_33' title="bbox 479 2482 1795 2562; baseline 0.021 -39"><span class='ocrx_word' id='word_1_262' title='bbox 479 2482 613 2525; x_wconf 73' lang='lat' dir='ltr'>XXV.</span> <span class='ocrx_word' id='word_1_263' title='bbox 641 2484 768 2538; x_wconf 82' lang='lat' dir='ltr'>Quod</span> <span class='ocrx_word' id='word_1_264' title='bbox 790 2487 824 2530; x_wconf 86' lang='lat' dir='ltr'>si</span> <span class='ocrx_word' id='word_1_265' title='bbox 846 2486 1024 2535; x_wconf 81' lang='lat' dir='ltr'>forsitan</span> <span class='ocrx_word' id='word_1_266' title='bbox 1055 2492 1232 2549; x_wconf 89' lang='lat' dir='ltr'>dicunt,</span> <span class='ocrx_word' id='word_1_267' title='bbox 1271 2498 1588 2556; x_wconf 84' lang='lat' dir='ltr'>poenitentibus</span> <span class='ocrx_word' id='word_1_268' title='bbox 1617 2513 1795 2562; x_wconf 82' lang='lat' dir='ltr'>peccata</span> 
     </span>
     <span class='ocr_line' id='line_1_34' title="bbox 417 2549 1861 2629; baseline 0.023 -37"><span class='ocrx_word' id='word_1_269' title='bbox 417 2549 574 2595; x_wconf 80' lang='lat' dir='ltr'>dimitti</span> <span class='ocrx_word' id='word_1_270' title='bbox 593 2574 602 2609; x_wconf 76' lang='lat'>3</span> <span class='ocrx_word' id='word_1_271' title='bbox 627 2564 669 2599; x_wconf 87' lang='lat' dir='ltr'>et</span> <span class='ocrx_word' id='word_1_272' title='bbox 691 2556 789 2601; x_wconf 85' lang='lat' dir='ltr'>ideo</span> <span class='ocrx_word' id='word_1_273' title='bbox 811 2558 911 2604; x_wconf 83' lang='lat' dir='ltr'>istos</span> <span class='ocrx_word' id='word_1_274' title='bbox 934 2577 1023 2607; x_wconf 88' lang='lat' dir='ltr'>non</span> <span class='ocrx_word' id='word_1_275' title='bbox 1039 2562 1246 2625; x_wconf 75' lang='lat' dir='ltr'>baptizari</span> <span class='ocrx_word' id='word_1_276' title='bbox 1273 2568 1318 2613; x_wconf 90' lang='lat' dir='ltr'>in</span> <span class='ocrx_word' id='word_1_277' title='bbox 1341 2571 1519 2629; x_wconf 87' lang='lat' dir='ltr'>parvula</span> <span class='ocrx_word' id='word_1_278' title='bbox 1548 2583 1674 2620; x_wconf 82' lang='lat' dir='ltr'>aetate</span> <span class='ocrx_word' id='word_1_279' title='bbox 1695 2591 1791 2623; x_wconf 85' lang='lat' dir='ltr'>mo·</span> <span class='ocrx_word' id='word_1_280' title='bbox 1860 2595 1861 2598; x_wconf 70' lang='grc'>’</span> 
     </span>
    </p>
   </div>
  </div>
 </body>
</html>
