1821 3264
256 240 399 268 opums
432 239 608 266 lMPERF.
644 234 806 265 CONTRA
839 235 1007 264 ioman.
1045 237 1127 263 Lm.
1165 237 1196 262 1.
1332 222 1413 260 207

30 314 87 352 ⁴ut
115 314 304 350 aeternus
326 306 418 350 sine
439 302 679 363 principio,
704 303 762 346 ita
790 310 963 346 sanctus
980 302 1210 361 justusque
1236 300 1327 343 sine
1347 299 1417 342 vi·

7 378 124 434 ntio3
155 375 619 435 omnipotentissimus,
652 374 941 432 aequissimus‚
967 370 1415 424 misericordissimus,

27 449 307 493 innotescens
323 447 414 491 solo
436 444 666 505 splendore
685 444 898 488 virtutum
919 463 930 500 3
949 442 1088 488 factor
1105 442 1300 487 omnium
1319 454 1419 500 quae

33 533 124 564 non
160 527 282 562 erant
307 552 319 573 ,
358 517 628 576 dispensator
662 528 812 558 eorum
849 528 949 572 quae
983 522 1086 557 sunt
1104 547 1114 567 ‚
1152 512 1419 556 examinator

8 586 297 635 ‘cunctorum
313 589 390 649 qui
411 597 454 633 et
472 596 596 641 sunt,
622 594 666 630 et
681 584 820 630 futuri
841 593 965 639 sunt,
991 593 1035 628 et
1056 582 1236 627 fuerunt
1252 618 1263 637 ,
1285 584 1331 626 in
1351 580 1420 624 ul-

29 660 145 706 -timo
165 660 235 705 die
257 679 267 706 :
288 669 468 714 terram,
492 656 677 712 coelum,
703 666 745 700 et
763 665 921 700 cuncta
944 653 1073 699 simul
1094 653 1309 698 elementa
1326 667 1421 696 mo-

34 739 188 776 turus:
220 731 428 776 excitator
460 730 676 780 cinerum,
707 737 750 771 et
777 741 1010 786 corporum
1043 726 1265 770 restitutor
1296 743 1306 768 ;
1345 724 1422 768 sed

7 813 14 819 ·
36 811 213 863 propter
239 802 374 848 solam
400 801 636 862 justitiam,
662 801 756 844 haec
783 814 883 859 quae
908 797 1121 853 diximus,
1147 805 1306 841 cuncta
1327 794 1422 840 sac-

35 882 183 919 turus„
205 892 226 915 ))
482 913 485 915 ,

94 942 438 989 A1;Gusccmus.Si
447 945 584 987 Deum
595 938 1071 993 Patriarcharumcolis,
1085 952 1219 997 quare
1231 952 1321 981 non
1334 951 1423 981 cre-

36 1014 102 1060 dis
117 1014 489 1060 circumcisionem
503 1012 645 1058 octavi
665 1011 767 1067 diei,
785 1026 885 1071 quae
903 1018 1123 1071 praecepta
1139 1017 1202 1053 est
1216 1008 1420 1062 Abrahae,

37 1087 434 1145 praefigurationem
462 1085 591 1129 fuisse
623 1082 962 1142 regenerationis
991 1082 1038 1125 in
1065 1080 1295 1126 Christ01?
1332 1081 1425 1123 Hoc

37 1157 154 1201 enim
175 1158 209 1201 si
230 1157 447 1212 crederes,
473 1156 640 1200 videres
663 1170 751 1199 non
774 1154 965 1214 potuisse
977 1154 1094 1213 juste
1113 1152 1302 1196 animam
1324 1165 1425 1209 par-

37 1222 130 1275 vuli
148 1230 422 1274 exterminari
439 1228 492 1272 de
510 1226 675 1287 populo
689 1241 786 1280 suo,
804 1226 837 1270 si
854 1224 925 1269 die
940 1240 1029 1268 non
1044 1223 1427 1268 circumcideretur

39 1309 213 1355 octavo,
239 1301 320 1344 nisi
342 1299 471 1344 alicui
492 1298 644 1342 fuisset
664 1297 855 1355 obligata
877 1303 1073 1355 peccato.
1101 1294 1146 1339 Si
1168 1297 1306 1338 Deum
1327 1295 1428 1336 Pro-

40 1373 271 1433 phetarum
288 1371 417 1426 colis,
444 1385 523 1414 cur
544 1384 635 1413 non
665 1367 804 1412 credis
826 1367 945 1427 quod
964 1383 1039 1426 per
1067 1380 1140 1410 eos
1163 1365 1291 1410 toties
1315 1367 1428 1408 Deus

40 1443 196 1488 dixerit
216 1461 226 1488 ι
252 1440 491 1486 «Reddam
516 1449 694 1500 peccata
717 1448 890 1497 patrum
913 1438 958 1481 in
979 1436 1149 1481 filios2?
1175 1453 1195 1476 »
1224 1435 1266 1479 Si
1290 1438 1429 1478 Deum

42 1513 352 1574 Apostolorum
369 1510 490 1566 colis,
514 1525 592 1555 cur
614 1525 705 1554 non
726 1508 865 1553 credis
880 1523 1036 1567 corpus
1061 1516 1286 1551 mortuum
1304 1518 1430 1564 prop-

41 1593 108 1628 ter
136 1593 366 1644 peccatum
389 1584 407 1625 ἱ)
431 1583 474 1628 Si
498 1585 638 1626 Deum
671 1579 776 1625 colis
811 1579 857 1623 in
886 1594 976 1638 quo
1005 1577 1190 1638 speravit
1220 1585 1264 1620 et
1288 1582 1432 1634 sperat

42 1655 234 1700 Ecclesia
255 1654 598 1715 primitivorum,
628 1667 728 1713 quae
749 1650 991 1710 conscripta
1016 1659 1079 1694 est
1101 1650 1147 1692 in
1175 1647 1321 1702 coelis,
1354 1660 1432 1690 cur

43 1741 133 1772 non
159 1726 298 1770 credis
325 1713 609 1785 baptiiandos
640 1722 843 1783 parvulos
873 1721 966 1765 erui
994 1722 1049 1764 de
1076 1727 1288 1779 potestate
1311 1726 1433 1761 tene-

42 1796 271 1852 brarumss,
294 1811 395 1840 cum
421 1810 494 1840 eos
517 1803 693 1854 propter
722 1794 806 1837 hoc
838 1791 1034 1836 exsufflet
1063 1798 1194 1849 atque
1223 1787 1434 1832 exorcizet

43 1868 259 1922 Ecclesia,
296 1876 346 1911 ut
366 1866 421 1911 ab
450 1866 508 1910 eis
536 1874 725 1925 potestas
753 1864 1031 1908 tenebrarum
1064 1861 1260 1904 mittatur
1293 1857 1434 1902 foras?

46 1938 126 1983 Ille
146 1953 274 1994 vero,
300 1952 433 1998 quem
456 1945 600 1996 sperat
621 1935 813 1996 judicem
843 1932 1062 1978 rationalis
1085 1939 1304 1984 creatura,
1335 1942 1434 1988 quae

45 2010 91 2055 in
111 2010 269 2056 sanctis
286 2010 377 2069 ejus
399 2017 463 2053 est
485 2017 528 2052 et
550 2006 778 2062 fidelibus,
802 2005 898 2064 lege
925 2004 1049 2048 nobis
1071 2010 1228 2062 praeter
1249 2013 1434 2059 regnum

46 2082 172 2127 bonis
189 2091 233 2126 et
255 2080 516 2140 supplicium
535 2078 656 2123 malis
668 2113 683 2134 ,
703 2092 837 2138 quem
859 2075 1036 2120 tertium
1053 2072 1198 2118 locum
1216 2085 1435 2131 praepara-

46 2153 156 2199 verit
170 2161 214 2197 et
226 2151 471 2212 promiserit
486 2166 575 2195 non
591 2148 851 2207 regeneratis
865 2145 1172 2191 innocentibus
1187 2143 1304 2188 tuis?
1321 2144 1435 2195 Quo-

46 2225 181 2269 modo
213 2232 357 2268 autem
392 2221 524 2277 dicis,
557 2220 776 2265 neminem
810 2219 1078 2279 prudentum
1106 2232 1186 2277 pro
1215 2214 1431 2268 Domino,

47 2311 179 2357 quem
199 2295 403 2350 colimus⁷
430 2293 684 2351 sanguinem
706 2290 916 2348 fundere3
941 2304 1042 2334 cum
1062 2303 1162 2333 eum
1186 2285 1370 2332 coluerit
1393 2292 1436 2328 et

46 2383 126 2428 pro
149 2383 200 2412 eo
222 2367 477 2426 sanguinem
505 2363 670 2409 fuderit
698 2362 1025 2423 gloriosissimus
1051 2360 1321 2419 Cyprianus,
1360 2355 1436 2415 qui

46 2455 122 2486 vos
138 2440 182 2484 in
197 2438 278 2483 ista
293 2437 534 2498 quaestione
550 2435 757 2491 suffocat3
778 2434 925 2478 dicens
942 2468 952 2489 ‚
973 2430 1205 2492 parvulum
1226 2445 1279 2473 ex
1293 2426 1434 2472 Adam

25 2563 29 2566 ·
96 2545 104 2561 ¹
132 2544 211 2576 Gen.
243 2551 322 2582 xvii,
354 2549 393 2574 12
423 2544 457 2574 et
484 2538 535 2583 ¹4·
550 2556 591 2564 -
608 2545 621 2562 ²
641 2538 743 2572 Exod.
778 2547 890 2575 xxxiv,
912 2547 943 2579 7-
963 2553 1004 2561 -
1021 2533 1035 2560 3
1053 2537 1172 2569 Jerem.
1191 2533 1292 2572 xxxii,
1323 2532 1374 2564 18.
1395 2544 1434 2553 -
1455 2562 1464 2569 ,

50 2599 67 2632 4
84 2602 176 2635 Rom·
194 2609 268 2641 vm,
288 2608 339 2632 ιο.
