1821 3264
254 235 397 262 OPERIS
431 232 606 261 lMPERF.
640 226 804 258 CONTRA
836 226 1003 257 JthAN.
1040 230 1121 256 Lm.
1159 230 1187 255 1.
1328 216 1409 254 195

33 316 136 348 vero
156 315 234 360 per
255 317 298 345 se
320 316 400 345 nec
430 299 534 344 boni
556 296 795 358 quidquam
818 311 894 340 nec
919 295 1022 340 mali
1043 293 1309 339 merentibus
1331 293 1416 337 mi-

34 372 310 417 sericordiam
332 369 553 415 liberalem
575 381 666 412 esse
687 367 920 426 permittit,
941 366 1050 410 nihil
1070 367 1200 411 sentit
1216 365 1385 425 injuriae
1403 385 1414 422 3

35 442 136 503 quia
159 451 201 487 et
222 443 306 486 hoc
322 442 481 501 ipsum,
504 449 553 484 ut
567 439 621 483 sit
646 437 835 482 clemens
863 437 983 496 operi
1005 442 1082 481 suo
1099 441 1230 492 Deus,
1251 451 1352 480 curn
1371 436 1420 480 in

35 512 308 558 severitatem
331 527 420 556 non
439 510 624 570 cogitur,
644 523 742 568 pars
760 522 914 566 magna
933 507 1113 567 justitiae
1131 516 1239 552 est.»

0 589 31 623 Ι’
92 587 386 629 AuensTlms.
421 582 578 628 Saltem
612 579 914 625 misericordiae
948 595 1109 624 nornen
1147 579 1347 633 attende,
1381 585 1425 621 et

35 653 154 701 unde
175 653 289 698 dicta
309 654 378 709 sit,
404 652 582 731 respice.
607 651 724 705 Quid
746 661 880 710 witur
891 665 1001 710 opus
1026 659 1090 694 est
1114 647 1422 703 miseiicordia‚

39 725 118 770 ubi
139 723 262 769 nulla
278 733 342 768 est
360 724 557 769 miseria?
570 723 786 768 Miseriam
806 737 936 782 porro
948 722 994 766 in
1009 738 1086 782 p‘u
1089 720 1198 767 vulis
1211 721 1242 765 si
1261 719 1429 764 nullam

0 816 2 842 ι
39 810 130 840 esse
167 794 346 852 dicitis,
379 795 438 840 eis
469 794 803 839 misericordiam
832 792 1115 852 praebendam
1147 792 1312 851 negatis
1346 811 1357 848 3
1398 789 1433 834 si

0 871 2 912 ὲ
37 866 169 911 ullam
207 881 296 912 esse
339 866 479 910 dicitis
491 901 507 921 ,
551 864 716 909 malum
759 865 962 908 meritum
1002 862 1242 908 ostenditis.
1280 864 1433 921 Neque

0 974 2 985 i
37 937 152 982 enim
181 937 264 982 sub
291 940 381 981 Deo
405 938 524 997 justo
559 935 688 979 miser
725 950 814 979 esse
846 934 1076 994 quisquam
1109 933 1189 976 nisi
1215 939 1434 976 mereatur

0 1032 1 1051 ;
37 1016 194 1068 potest.
224 1010 338 1052 Ecce
361 1006 450 1051 duo
478 1003 646 1067 parvuli
663 1008 810 1066 jacent
832 1026 842 1063 3
862 1020 974 1049 unus
993 1019 1145 1048 eorum
1169 1003 1432 1062 baptizatus,

37 1078 146 1123 alter
167 1094 256 1123 non
279 1079 520 1137 baptizatus
543 1077 705 1137 expirat
726 1096 734 1121 :
753 1077 821 1121 cui
845 1091 995 1121 eorum
1018 1075 1123 1119 dicis
1140 1077 1279 1118 Deum
1303 1072 1435 1116 fuisse

36 1150 295 1194 clementem
312 1152 329 1194 P
346 1151 386 1195 Si
405 1151 498 1205 uni,
522 1149 701 1194 ostende
724 1148 899 1193 alterius
920 1148 1085 1192 malum
1107 1147 1331 1199 meritum,
1358 1151 1436 1203 qui

41 1237 173 1280 negas
193 1237 282 1266 esse
303 1221 512 1280 originale
534 1229 760 1281 peccatum
789 1239 796 1264 :
823 1221 853 1264 si
875 1219 1103 1272 ambobus,
1126 1217 1305 1262 ostende
1327 1216 1438 1274 bap-

39 1293 157 1337 tizati
178 1292 320 1337 ullum
336 1293 502 1337 bonum
519 1293 741 1346 meritum,
760 1291 835 1350 qui
858 1306 989 1349 negas
1005 1290 1203 1348 gratiam,
1220 1288 1297 1332 ubi
1315 1285 1437 1331 nulla

39 1373 102 1408 est
129 1364 322 1423 acceptio
351 1377 636 1422 personarum
670 1383 680 1419 3
715 1370 757 1405 et
788 1361 857 1405 dic
879 1396 889 1415 ,
927 1361 959 1404 si
995 1369 1148 1420 poteS‚
1187 1374 1266 1403 cur
1287 1358 1437 1401 ambos

39 1434 246 1495 adoptare
275 1434 491 1489 noluerit,
525 1433 601 1492 qui
625 1441 741 1476 certe
772 1431 922 1474 ambos
959 1430 1012 1474 ad
1049 1430 1281 1487 imaginem
1314 1442 1438 1472 suam

40 1504 252 1550 condidit.
280 1507 347 1549 An
369 1504 428 1548 ita
446 1505 589 1563 justus
611 1511 689 1557 est,
714 1510 762 1545 ut
791 1516 880 1545 non
899 1500 952 1543 sit
970 1499 1246 1559 omnipotens
1268 1534 1278 1554 7
1305 1498 1339 1542 si
1360 1512 1439 1543 vo«

39 1575 122 1620 luit
142 1585 185 1620 et
208 1591 298 1620 non
330 1575 473 1636 potuit
496 1576 513 1616 ‘?
535 1574 618 1618 Ubi
651 1581 767 1618 certe
795 1571 972 1616 illorum
1002 1570 1150 1615 nullus
1185 1570 1354 1624 noluit,
1383 1583 1438 1612 nc

40 1647 403 1708 impedimentum
442 1645 666 1706 potestatis
700 1644 860 1689 divinae
901 1644 1096 1688 referatis
1140 1643 1192 1686 ad
1231 1641 1437 1686 meritum

40 1719 278 1765 voluntatis
299 1720 507 1763 humanae
534 1737 542 1762 :
568 1717 640 1762 hic
662 1726 778 1761 certe
810 1715 920 1760 nulli
949 1731 1100 1760 eorum
1129 1715 1272 1759 dicere
1293 1722 1435 1773 potest

40 1795 171 1848 Deus,
198 1791 347 1845 Volui,
364 1799 406 1834 et
423 1789 616 1834 noluisti.
640 1790 728 1832 Aut
750 1788 784 1832 si
802 1796 1030 1847 propterea
1049 1802 1137 1831 non
1159 1785 1255 1831 vult
1271 1786 1432 1840 infans,

41 1857 142 1924 qtiia
154 1862 299 1922 plorat
312 1877 411 1906 curn
425 1860 672 1920 baptizatur
687 1878 694 1904 :
709 1859 839 1903 ambo
853 1873 955 1918 ergo
971 1857 1290 1917 relinquantur,
1303 1855 1434 1900 ambo

42 1934 157 1978 enim
180 1933 339 1978 nolunt
366 1951 374 1976 :
398 1940 441 1975 et
461 1940 605 1975 tamen
633 1945 747 1973 unus
778 1930 1010 1973 assumitur
1033 1937 1076 1972 et
1097 1926 1205 1971 alter
1227 1925 1434 1986 relinqui-

42 2013 138 2060 tur,
166 2005 266 2065 quia
289 2017 446 2062 magna
472 2010 536 2046 est
558 2001 692 2060 gratia
711 2001 805 2056 Dei,
831 2009 874 2044 et
896 2014 1024 2043 verax
1040 1998 1208 2059 justitia
1229 1997 1322 2041 Dei.
1347 1996 1431 2041 Sed

4 2107 6 2110 -
41 2091 175 2136 quare
207 2075 280 2120 ille
312 2074 458 2135 potius
494 2087 627 2133 quam
658 2071 732 2115 ille
767 2090 775 2116 ε
813 2069 1112 2116 inscrutabilia
1139 2077 1240 2113 sunt
1267 2066 1432 2129 judicia

35 2144 135 2190 Dei.

100 2219 194 2261 XL.
241 2219 469 2260 JrLiANus.
516 2231 537 2255 «
579 2215 697 2265 Quos
727 2211 843 2255 enim
876 2209 980 2255 fecit
1011 2210 1110 2270 quia
1148 2209 1318 2264 voluit,
1351 2223 1432 2252 nec

45 2286 309 2332 condemnat
341 2285 424 2329 nisi
454 2292 622 2344 spretus
654 2302 663 2326 ε
699 2282 734 2325 si
767 2297 868 2326 cum
900 2296 990 2326 non
1021 2279 1268 2340 spernitur,
1302 2279 1432 2323 iaciat

45 2359 366 2405 consecratione
382 2352 1038 2413 meliores3necdet1imentum
1053 2351 1233 2427 justitiae
1248 2350 1429 2412 patitur,
1485 2341 1498 2349 ⁹

45 2440 87 2476 et
108 2429 407 2475 munificentia
425 2391 711 2473 miserationis
733 2433 928 2470 ornatur.

104 2505 225 2548 Anat
231 2520 390 2547 s‘rmus.
404 2499 491 2554 Qui
507 2514 596 2544 non
609 2496 872 2543 condemnat
894 2495 976 2539 nisi
998 2492 1265 2553 spretus‚dic
1282 2502 1434 2537 utrum

47 2581 221 2633 spernat
241 2586 363 2618 suam
384 2567 719 2630 imaginem-nisi
747 2566 950 2626 spretus?
971 2563 1101 2617 Quod
1122 2562 1156 2608 si
1171 2578 1261 2608 non
1281 2562 1431 2616 audes,
1471 2565 1479 2573 “

1183 2635 1247 2675 13.
