<?xml version="1.0" encoding="UTF-8"?>
<!DOCTYPE html PUBLIC "-//W3C//DTD XHTML 1.0 Transitional//EN"
    "http://www.w3.org/TR/xhtml1/DTD/xhtml1-transitional.dtd">
<html xmlns="http://www.w3.org/1999/xhtml" xml:lang="en" lang="en">
 <head>
  <title>
</title>
<meta http-equiv="Content-Type" content="text/html;charset=utf-8" />
  <meta name='ocr-system' content='tesseract 3.04.00' />
  <meta name='ocr-capabilities' content='ocr_page ocr_carea ocr_par ocr_line ocrx_word'/>
</head>
<body>
  <div class='ocr_page' id='page_1' title='image "./operaomniaaccura36auguuoft/operaomniaaccura36auguuoft_0150.png"; bbox 0 0 1884 3285; ppageno 0'>
   <div class='ocr_carea' id='block_1_1' title="bbox 458 282 1400 318">
    <p class='ocr_par' dir='ltr' id='par_1_1' title="bbox 458 282 1400 318">
     <span class='ocr_line' id='line_1_1' title="bbox 458 282 1400 318; baseline -0.002 -1"><span class='ocrx_word' id='word_1_1' title='bbox 458 282 538 318; x_wconf 89' lang='grc'>100</span> <span class='ocrx_word' id='word_1_2' title='bbox 885 286 917 314; x_wconf 82' lang='lat' dir='ltr'>s.</span> <span class='ocrx_word' id='word_1_3' title='bbox 955 287 1186 317; x_wconf 72' lang='lat' dir='ltr'>Atous&#39;rnu</span> <span class='ocrx_word' id='word_1_4' title='bbox 1220 289 1400 318; x_wconf 72' lang='lat' dir='ltr'>zmscom</span> 
     </span>
    </p>
   </div>
   <div class='ocr_carea' id='block_1_2' title="bbox 436 351 1884 2591">
    <p class='ocr_par' dir='ltr' id='par_1_2' title="bbox 436 351 1884 2536">
     <span class='ocr_line' id='line_1_2' title="bbox 452 351 1830 414; baseline -0.001 -15"><span class='ocrx_word' id='word_1_5' title='bbox 452 354 656 414; x_wconf 86' lang='lat' dir='ltr'>quoniam</span> <span class='ocrx_word' id='word_1_6' title='bbox 671 351 964 398; x_wconf 87' lang='lat' dir='ltr'>crediderunt.</span> <span class='ocrx_word' id='word_1_7' title='bbox 984 355 1057 399; x_wconf 89' lang='lat' dir='ltr'>Ait</span> <span class='ocrx_word' id='word_1_8' title='bbox 1077 354 1211 398; x_wconf 83' lang='lat' dir='ltr'>enim:</span> <span class='ocrx_word' id='word_1_9' title='bbox 1233 372 1252 396; x_wconf 89' lang='lat'>«</span> <span class='ocrx_word' id='word_1_10' title='bbox 1270 357 1322 398; x_wconf 92' lang='lat' dir='ltr'>In</span> <span class='ocrx_word' id='word_1_11' title='bbox 1341 369 1429 413; x_wconf 91' lang='lat' dir='ltr'>quo</span> <span class='ocrx_word' id='word_1_12' title='bbox 1450 362 1493 398; x_wconf 82' lang='lat' dir='ltr'>et</span> <span class='ocrx_word' id='word_1_13' title='bbox 1510 367 1584 397; x_wconf 86' lang='lat' dir='ltr'>vos</span> <span class='ocrx_word' id='word_1_14' title='bbox 1606 352 1830 399; x_wconf 87' lang='lat' dir='ltr'><strong>audientes</strong></span> 
     </span>
     <span class='ocr_line' id='line_1_3' title="bbox 452 419 1869 484; baseline 0.004 -19"><span class='ocrx_word' id='word_1_15' title='bbox 452 443 472 466; x_wconf 91' lang='lat'>»</span> <span class='ocrx_word' id='word_1_16' title='bbox 501 424 683 468; x_wconf 89' lang='lat' dir='ltr'>verbum</span> <span class='ocrx_word' id='word_1_17' title='bbox 720 423 911 468; x_wconf 88' lang='lat' dir='ltr'>veritatis</span> <span class='ocrx_word' id='word_1_18' title='bbox 945 423 1230 483; x_wconf 86' lang='lat' dir='ltr'>Evangelium</span> <span class='ocrx_word' id='word_1_19' title='bbox 1261 424 1409 469; x_wconf 86' lang='lat' dir='ltr'>salutis</span> <span class='ocrx_word' id='word_1_20' title='bbox 1441 433 1594 468; x_wconf 83' lang='lat' dir='ltr'>vestrae</span> <span class='ocrx_word' id='word_1_21' title='bbox 1614 459 1624 478; x_wconf 90' lang='lat'>‚</span> <span class='ocrx_word' id='word_1_22' title='bbox 1662 424 1707 467; x_wconf 92' lang='lat' dir='ltr'>in</span> <span class='ocrx_word' id='word_1_23' title='bbox 1742 439 1830 484; x_wconf 92' lang='lat' dir='ltr'>quo</span> <span class='ocrx_word' id='word_1_24' title='bbox 1866 419 1869 423; x_wconf 35' lang='grc'><em>“</em></span> 
     </span>
     <span class='ocr_line' id='line_1_4' title="bbox 450 494 1870 560; baseline 0.001 -24"><span class='ocrx_word' id='word_1_25' title='bbox 450 513 471 536; x_wconf 85' lang='lat'>»</span> <span class='ocrx_word' id='word_1_26' title='bbox 498 495 723 538; x_wconf 89' lang='lat' dir='ltr'>credentes</span> <span class='ocrx_word' id='word_1_27' title='bbox 743 494 897 553; x_wconf 89' lang='lat' dir='ltr'>signati</span> <span class='ocrx_word' id='word_1_28' title='bbox 930 495 1028 539; x_wconf 90' lang='lat' dir='ltr'>estis</span> <span class='ocrx_word' id='word_1_29' title='bbox 1054 494 1216 554; x_wconf 88' lang='lat' dir='ltr'>Spiritu</span> <span class='ocrx_word' id='word_1_30' title='bbox 1243 495 1538 554; x_wconf 86' lang='lat' dir='ltr'>promissionis</span> <span class='ocrx_word' id='word_1_31' title='bbox 1564 503 1729 549; x_wconf 88' lang='lat' dir='ltr'>sancto,</span> <span class='ocrx_word' id='word_1_32' title='bbox 1753 494 1830 554; x_wconf 92' lang='lat' dir='ltr'>qui</span> <span class='ocrx_word' id='word_1_33' title='bbox 1866 533 1870 560; x_wconf 42' lang='grc' dir='ltr'><em>ζ</em></span> 
     </span>
     <span class='ocr_line' id='line_1_5' title="bbox 450 565 1832 625; baseline 0.001 -18"><span class='ocrx_word' id='word_1_34' title='bbox 450 583 469 607; x_wconf 91' lang='lat'>»</span> <span class='ocrx_word' id='word_1_35' title='bbox 495 575 558 610; x_wconf 90' lang='lat' dir='ltr'>est</span> <span class='ocrx_word' id='word_1_36' title='bbox 576 567 731 624; x_wconf 89' lang='lat' dir='ltr'>pignus</span> <span class='ocrx_word' id='word_1_37' title='bbox 757 565 1022 611; x_wconf 86' lang='lat' dir='ltr'>haereditatis</span> <span class='ocrx_word' id='word_1_38' title='bbox 1047 575 1220 621; x_wconf 86' lang='lat' dir='ltr'>nostrae,</span> <span class='ocrx_word' id='word_1_39' title='bbox 1247 566 1292 610; x_wconf 90' lang='lat' dir='ltr'>in</span> <span class='ocrx_word' id='word_1_40' title='bbox 1323 565 1663 625; x_wconf 84' lang='lat' dir='ltr'>redemptionem</span> <span class='ocrx_word' id='word_1_41' title='bbox 1687 565 1832 624; x_wconf 90' lang='lat' dir='ltr'>acqui-</span> 
     </span>
     <span class='ocr_line' id='line_1_6' title="bbox 448 632 1872 697; baseline 0.003 -19"><span class='ocrx_word' id='word_1_42' title='bbox 448 656 468 679; x_wconf 83' lang='lat'>»</span> <span class='ocrx_word' id='word_1_43' title='bbox 500 638 662 681; x_wconf 88' lang='lat' dir='ltr'>sitionis</span> <span class='ocrx_word' id='word_1_44' title='bbox 692 639 737 681; x_wconf 92' lang='lat' dir='ltr'>in</span> <span class='ocrx_word' id='word_1_45' title='bbox 766 637 941 682; x_wconf 86' lang='lat' dir='ltr'>laudem</span> <span class='ocrx_word' id='word_1_46' title='bbox 975 637 1120 695; x_wconf 77' lang='lat' dir='ltr'>gloriae</span> <span class='ocrx_word' id='word_1_47' title='bbox 1157 638 1290 696; x_wconf 90' lang='lat' dir='ltr'>ipsius</span> <span class='ocrx_word' id='word_1_48' title='bbox 1317 657 1325 682; x_wconf 73' lang='grc' dir='ltr'>ε</span> <span class='ocrx_word' id='word_1_49' title='bbox 1361 645 1539 697; x_wconf 88' lang='lat' dir='ltr'>propter</span> <span class='ocrx_word' id='word_1_50' title='bbox 1560 637 1643 681; x_wconf 91' lang='lat' dir='ltr'>hoc</span> <span class='ocrx_word' id='word_1_51' title='bbox 1678 646 1722 680; x_wconf 88' lang='lat' dir='ltr'>et</span> <span class='ocrx_word' id='word_1_52' title='bbox 1751 652 1832 695; x_wconf 88' lang='lat' dir='ltr'>ego</span> <span class='ocrx_word' id='word_1_53' title='bbox 1866 632 1872 672; x_wconf 66' lang='grc' dir='ltr'>’ῑ</span> 
     </span>
     <span class='ocr_line' id='line_1_7' title="bbox 449 707 1871 765; baseline 0.001 -15"><span class='ocrx_word' id='word_1_54' title='bbox 449 726 468 748; x_wconf 83' lang='lat'>»</span> <span class='ocrx_word' id='word_1_55' title='bbox 498 707 644 752; x_wconf 80' lang='lat' dir='ltr'>audita</span> <span class='ocrx_word' id='word_1_56' title='bbox 673 709 759 752; x_wconf 89' lang='lat' dir='ltr'>fide</span> <span class='ocrx_word' id='word_1_57' title='bbox 780 717 920 752; x_wconf 89' lang='lat' dir='ltr'>vestra</span> <span class='ocrx_word' id='word_1_58' title='bbox 946 708 992 751; x_wconf 90' lang='lat' dir='ltr'>in</span> <span class='ocrx_word' id='word_1_59' title='bbox 1025 707 1197 752; x_wconf 88' lang='lat' dir='ltr'>Christo</span> <span class='ocrx_word' id='word_1_60' title='bbox 1221 710 1322 752; x_wconf 89' lang='lat' dir='ltr'>Jesu</span> <span class='ocrx_word' id='word_1_61' title='bbox 1340 717 1382 751; x_wconf 86' lang='lat' dir='ltr'>et</span> <span class='ocrx_word' id='word_1_62' title='bbox 1404 708 1449 751; x_wconf 93' lang='lat' dir='ltr'>in</span> <span class='ocrx_word' id='word_1_63' title='bbox 1470 722 1621 752; x_wconf 90' lang='lat' dir='ltr'>omnes</span> <span class='ocrx_word' id='word_1_64' title='bbox 1641 715 1828 762; x_wconf 88' lang='lat' dir='ltr'>sanctos,</span> <span class='ocrx_word' id='word_1_65' title='bbox 1867 718 1871 765; x_wconf 67' lang='grc' dir='ltr'><em>ξ</em></span> 
     </span>
     <span class='ocr_line' id='line_1_8' title="bbox 450 772 1872 843; baseline 0.003 -25"><span class='ocrx_word' id='word_1_66' title='bbox 450 799 466 818; x_wconf 88' lang='grc'>»</span> <span class='ocrx_word' id='word_1_67' title='bbox 497 793 587 822; x_wconf 88' lang='lat' dir='ltr'>non</span> <span class='ocrx_word' id='word_1_68' title='bbox 608 793 728 823; x_wconf 91' lang='lat' dir='ltr'>cesso</span> <span class='ocrx_word' id='word_1_69' title='bbox 750 779 906 837; x_wconf 77' lang='lat' dir='ltr'>gratias</span> <span class='ocrx_word' id='word_1_70' title='bbox 924 792 1048 836; x_wconf 90' lang='lat' dir='ltr'>agere</span> <span class='ocrx_word' id='word_1_71' title='bbox 1065 793 1142 837; x_wconf 89' lang='lat' dir='ltr'>pro</span> <span class='ocrx_word' id='word_1_72' title='bbox 1164 778 1358 823; x_wconf 84' lang='lat' dir='ltr'>vobis1.»</span> <span class='ocrx_word' id='word_1_73' title='bbox 1371 780 1492 823; x_wconf 90' lang='lat' dir='ltr'>Nova</span> <span class='ocrx_word' id='word_1_74' title='bbox 1515 786 1607 821; x_wconf 88' lang='lat' dir='ltr'>erat</span> <span class='ocrx_word' id='word_1_75' title='bbox 1623 786 1666 821; x_wconf 86' lang='lat' dir='ltr'>et</span> <span class='ocrx_word' id='word_1_76' title='bbox 1684 792 1832 822; x_wconf 87' lang='lat' dir='ltr'>recens</span> <span class='ocrx_word' id='word_1_77' title='bbox 1868 772 1872 843; x_wconf 60' lang='lat' dir='ltr'><em>J</em></span> 
     </span>
     <span class='ocr_line' id='line_1_9' title="bbox 444 847 1872 909; baseline -0.001 -16"><span class='ocrx_word' id='word_1_78' title='bbox 444 864 593 893; x_wconf 90' lang='lat' dir='ltr'>eorum</span> <span class='ocrx_word' id='word_1_79' title='bbox 624 849 730 894; x_wconf 89' lang='lat' dir='ltr'>fides</span> <span class='ocrx_word' id='word_1_80' title='bbox 762 848 1000 909; x_wconf 85' lang='lat' dir='ltr'>praedicato</span> <span class='ocrx_word' id='word_1_81' title='bbox 1028 848 1109 893; x_wconf 87' lang='lat' dir='ltr'>sibi</span> <span class='ocrx_word' id='word_1_82' title='bbox 1135 849 1399 907; x_wconf 84' lang='lat' dir='ltr'>Evangelio,</span> <span class='ocrx_word' id='word_1_83' title='bbox 1429 864 1515 908; x_wconf 88' lang='lat' dir='ltr'>qua</span> <span class='ocrx_word' id='word_1_84' title='bbox 1544 847 1632 891; x_wconf 83' lang='lat' dir='ltr'>fide</span> <span class='ocrx_word' id='word_1_85' title='bbox 1665 848 1830 906; x_wconf 88' lang='lat' dir='ltr'>audita,</span> <span class='ocrx_word' id='word_1_86' title='bbox 1868 847 1872 874; x_wconf 45' lang='grc' dir='ltr'><strong>ἱ</strong></span> 
     </span>
     <span class='ocr_line' id='line_1_10' title="bbox 444 918 1874 979; baseline 0 -17"><span class='ocrx_word' id='word_1_87' title='bbox 444 920 599 977; x_wconf 78' lang='lat' dir='ltr'>gratias</span> <span class='ocrx_word' id='word_1_88' title='bbox 625 922 713 964; x_wconf 89' lang='lat' dir='ltr'>Deo</span> <span class='ocrx_word' id='word_1_89' title='bbox 737 935 815 978; x_wconf 83' lang='lat' dir='ltr'>pro</span> <span class='ocrx_word' id='word_1_90' title='bbox 838 920 897 964; x_wconf 89' lang='lat' dir='ltr'>eis</span> <span class='ocrx_word' id='word_1_91' title='bbox 915 919 1004 978; x_wconf 78' lang='lat' dir='ltr'>agit</span> <span class='ocrx_word' id='word_1_92' title='bbox 1027 918 1277 979; x_wconf 89' lang='lat' dir='ltr'>Apostolus.</span> <span class='ocrx_word' id='word_1_93' title='bbox 1303 920 1345 964; x_wconf 90' lang='lat' dir='ltr'>Si</span> <span class='ocrx_word' id='word_1_94' title='bbox 1369 918 1708 977; x_wconf 85' lang='lat' dir='ltr'>hominigratias</span> <span class='ocrx_word' id='word_1_95' title='bbox 1731 933 1834 976; x_wconf 89' lang='lat' dir='ltr'>age-</span> <span class='ocrx_word' id='word_1_96' title='bbox 1868 946 1874 977; x_wconf 84' lang='lat'><strong>:</strong></span> 
     </span>
     <span class='ocr_line' id='line_1_11' title="bbox 441 988 1873 1049; baseline -0.001 -16"><span class='ocrx_word' id='word_1_97' title='bbox 441 999 507 1034; x_wconf 88' lang='lat' dir='ltr'>ret</span> <span class='ocrx_word' id='word_1_98' title='bbox 540 1005 620 1049; x_wconf 92' lang='lat' dir='ltr'>pro</span> <span class='ocrx_word' id='word_1_99' title='bbox 651 1005 730 1046; x_wconf 87' lang='lat' dir='ltr'>eo,</span> <span class='ocrx_word' id='word_1_100' title='bbox 763 990 883 1049; x_wconf 91' lang='lat' dir='ltr'>quod</span> <span class='ocrx_word' id='word_1_101' title='bbox 903 989 1030 1033; x_wconf 89' lang='lat' dir='ltr'>illum</span> <span class='ocrx_word' id='word_1_102' title='bbox 1058 989 1127 1034; x_wconf 88' lang='lat' dir='ltr'>vel</span> <span class='ocrx_word' id='word_1_103' title='bbox 1161 998 1334 1048; x_wconf 87' lang='lat' dir='ltr'>putaret</span> <span class='ocrx_word' id='word_1_104' title='bbox 1366 1004 1454 1034; x_wconf 92' lang='lat' dir='ltr'>non</span> <span class='ocrx_word' id='word_1_105' title='bbox 1487 988 1736 1048; x_wconf 81' lang='lat' dir='ltr'>praestitisse</span> <span class='ocrx_word' id='word_1_106' title='bbox 1763 989 1835 1033; x_wconf 86' lang='lat' dir='ltr'>vel</span> <span class='ocrx_word' id='word_1_107' title='bbox 1869 1029 1873 1042; x_wconf 61' lang='lat'><em>„</em></span> 
     </span>
     <span class='ocr_line' id='line_1_12' title="bbox 440 1055 1873 1120; baseline -0.001 -14"><span class='ocrx_word' id='word_1_108' title='bbox 440 1076 565 1106; x_wconf 89' lang='lat' dir='ltr'>nosse</span> <span class='ocrx_word' id='word_1_109' title='bbox 587 1096 598 1116; x_wconf 80' lang='lat'>,</span> <span class='ocrx_word' id='word_1_110' title='bbox 631 1060 825 1106; x_wconf 81' lang='lat' dir='ltr'>adulatio</span> <span class='ocrx_word' id='word_1_111' title='bbox 854 1061 922 1106; x_wconf 87' lang='lat' dir='ltr'>vel</span> <span class='ocrx_word' id='word_1_112' title='bbox 957 1061 1095 1105; x_wconf 90' lang='lat' dir='ltr'>irrisio</span> <span class='ocrx_word' id='word_1_113' title='bbox 1124 1062 1265 1105; x_wconf 89' lang='lat' dir='ltr'>verius</span> <span class='ocrx_word' id='word_1_114' title='bbox 1297 1076 1428 1120; x_wconf 90' lang='lat' dir='ltr'>quam</span> <span class='ocrx_word' id='word_1_115' title='bbox 1463 1061 1695 1118; x_wconf 87' lang='lat' dir='ltr'>gratiarum</span> <span class='ocrx_word' id='word_1_116' title='bbox 1724 1061 1835 1105; x_wconf 87' lang='lat' dir='ltr'>actio</span> <span class='ocrx_word' id='word_1_117' title='bbox 1870 1055 1873 1070; x_wconf 75' lang='lat'>¹</span> 
     </span>
     <span class='ocr_line' id='line_1_13' title="bbox 441 1130 1832 1186; baseline 0 -11"><span class='ocrx_word' id='word_1_118' title='bbox 441 1131 671 1177; x_wconf 84' lang='lat' dir='ltr'>diceretur.</span> <span class='ocrx_word' id='word_1_119' title='bbox 701 1151 720 1173; x_wconf 91' lang='lat'>«</span> <span class='ocrx_word' id='word_1_120' title='bbox 744 1132 886 1176; x_wconf 90' lang='lat' dir='ltr'>Nolite</span> <span class='ocrx_word' id='word_1_121' title='bbox 905 1147 1061 1186; x_wconf 88' lang='lat' dir='ltr'>errare,</span> <span class='ocrx_word' id='word_1_122' title='bbox 1085 1135 1197 1175; x_wconf 91' lang='lat' dir='ltr'>Deus</span> <span class='ocrx_word' id='word_1_123' title='bbox 1216 1147 1306 1176; x_wconf 89' lang='lat' dir='ltr'>non</span> <span class='ocrx_word' id='word_1_124' title='bbox 1325 1131 1560 1176; x_wconf 75' lang='lat' dir='ltr'>irridetur²</span> <span class='ocrx_word' id='word_1_125' title='bbox 1586 1150 1596 1175; x_wconf 89' lang='lat'>:</span> <span class='ocrx_word' id='word_1_126' title='bbox 1616 1149 1636 1172; x_wconf 90' lang='lat'>»</span> <span class='ocrx_word' id='word_1_127' title='bbox 1662 1130 1832 1175; x_wconf 89' lang='lat' dir='ltr'>donum</span> 
     </span>
     <span class='ocr_line' id='line_1_14' title="bbox 438 1199 1873 1262; baseline 0 -17"><span class='ocrx_word' id='word_1_128' title='bbox 438 1203 554 1246; x_wconf 88' lang='lat' dir='ltr'>euim</span> <span class='ocrx_word' id='word_1_129' title='bbox 585 1204 675 1262; x_wconf 88' lang='lat' dir='ltr'>ejus</span> <span class='ocrx_word' id='word_1_130' title='bbox 706 1212 768 1246; x_wconf 89' lang='lat' dir='ltr'>est</span> <span class='ocrx_word' id='word_1_131' title='bbox 789 1203 917 1246; x_wconf 89' lang='lat' dir='ltr'>etiam</span> <span class='ocrx_word' id='word_1_132' title='bbox 946 1202 1157 1260; x_wconf 87' lang='lat' dir='ltr'>incipiens</span> <span class='ocrx_word' id='word_1_133' title='bbox 1184 1202 1316 1256; x_wconf 87' lang='lat' dir='ltr'>fides,</span> <span class='ocrx_word' id='word_1_134' title='bbox 1337 1217 1392 1245; x_wconf 91' lang='lat' dir='ltr'>ne</span> <span class='ocrx_word' id='word_1_135' title='bbox 1415 1201 1611 1260; x_wconf 85' lang='lat' dir='ltr'>Apostoli</span> <span class='ocrx_word' id='word_1_136' title='bbox 1639 1200 1743 1246; x_wconf 87' lang='lat' dir='ltr'>falsa</span> <span class='ocrx_word' id='word_1_137' title='bbox 1766 1201 1831 1246; x_wconf 86' lang='lat' dir='ltr'>vel</span> <span class='ocrx_word' id='word_1_138' title='bbox 1870 1199 1873 1215; x_wconf 68' lang='lat'><strong>²</strong></span> 
     </span>
     <span class='ocr_line' id='line_1_15' title="bbox 436 1272 1874 1332; baseline 0 -16"><span class='ocrx_word' id='word_1_139' title='bbox 436 1272 566 1317; x_wconf 80' lang='lat' dir='ltr'>fallax</span> <span class='ocrx_word' id='word_1_140' title='bbox 587 1274 821 1331; x_wconf 85' lang='lat' dir='ltr'>gratiarum</span> <span class='ocrx_word' id='word_1_141' title='bbox 838 1273 950 1317; x_wconf 89' lang='lat' dir='ltr'>actio</span> <span class='ocrx_word' id='word_1_142' title='bbox 972 1272 1127 1317; x_wconf 90' lang='lat' dir='ltr'>merito</span> <span class='ocrx_word' id='word_1_143' title='bbox 1141 1273 1378 1332; x_wconf 82' lang='lat' dir='ltr'>judicetur.</span> <span class='ocrx_word' id='word_1_144' title='bbox 1411 1273 1524 1327; x_wconf 86' lang='lat' dir='ltr'>Quid</span> <span class='ocrx_word' id='word_1_145' title='bbox 1539 1272 1666 1329; x_wconf 81' lang='lat' dir='ltr'>illud,</span> <span class='ocrx_word' id='word_1_146' title='bbox 1684 1287 1829 1318; x_wconf 89' lang='lat' dir='ltr'>nonne</span> <span class='ocrx_word' id='word_1_147' title='bbox 1870 1279 1874 1331; x_wconf 72' lang='grc' dir='ltr'><strong>ξ</strong></span> 
     </span>
     <span class='ocr_line' id='line_1_16' title="bbox 443 1343 1833 1403; baseline 0.001 -17"><span class='ocrx_word' id='word_1_148' title='bbox 443 1343 613 1386; x_wconf 90' lang='lat' dir='ltr'>initium</span> <span class='ocrx_word' id='word_1_149' title='bbox 643 1344 745 1387; x_wconf 87' lang='lat' dir='ltr'>fidei</span> <span class='ocrx_word' id='word_1_150' title='bbox 779 1352 956 1403; x_wconf 84' lang='lat' dir='ltr'>apparet</span> <span class='ocrx_word' id='word_1_151' title='bbox 980 1343 1425 1388; x_wconf 87' lang='lat' dir='ltr'>Thessalonicensium</span> <span class='ocrx_word' id='word_1_152' title='bbox 1446 1379 1456 1398; x_wconf 87' lang='lat'>,</span> <span class='ocrx_word' id='word_1_153' title='bbox 1491 1343 1545 1387; x_wconf 90' lang='lat' dir='ltr'>de</span> <span class='ocrx_word' id='word_1_154' title='bbox 1567 1359 1656 1403; x_wconf 88' lang='lat' dir='ltr'>quo</span> <span class='ocrx_word' id='word_1_155' title='bbox 1686 1353 1833 1388; x_wconf 87' lang='lat' dir='ltr'>tamen</span> 
     </span>
     <span class='ocr_line' id='line_1_17' title="bbox 444 1413 1834 1473; baseline 0.001 -17"><span class='ocrx_word' id='word_1_156' title='bbox 444 1413 560 1456; x_wconf 91' lang='lat' dir='ltr'>idem</span> <span class='ocrx_word' id='word_1_157' title='bbox 593 1413 825 1472; x_wconf 83' lang='lat' dir='ltr'>Apostolus</span> <span class='ocrx_word' id='word_1_158' title='bbox 848 1417 933 1458; x_wconf 89' lang='lat' dir='ltr'>Deo</span> <span class='ocrx_word' id='word_1_159' title='bbox 956 1414 1112 1471; x_wconf 83' lang='lat' dir='ltr'>gratias</span> <span class='ocrx_word' id='word_1_160' title='bbox 1134 1413 1222 1472; x_wconf 83' lang='lat' dir='ltr'>agit</span> <span class='ocrx_word' id='word_1_161' title='bbox 1243 1449 1253 1468; x_wconf 88' lang='lat'>‚</span> <span class='ocrx_word' id='word_1_162' title='bbox 1279 1413 1427 1458; x_wconf 90' lang='lat' dir='ltr'>dicens</span> <span class='ocrx_word' id='word_1_163' title='bbox 1454 1433 1463 1459; x_wconf 87' lang='lat'>:</span> <span class='ocrx_word' id='word_1_164' title='bbox 1488 1432 1508 1455; x_wconf 90' lang='lat'>«</span> <span class='ocrx_word' id='word_1_165' title='bbox 1536 1417 1770 1473; x_wconf 86' lang='lat' dir='ltr'>Propterea</span> <span class='ocrx_word' id='word_1_166' title='bbox 1791 1423 1834 1458; x_wconf 90' lang='lat' dir='ltr'>et</span> 
     </span>
     <span class='ocr_line' id='line_1_18' title="bbox 445 1484 1833 1544; baseline 0.003 -20"><span class='ocrx_word' id='word_1_167' title='bbox 445 1501 465 1523; x_wconf 90' lang='lat'>»</span> <span class='ocrx_word' id='word_1_168' title='bbox 502 1499 579 1528; x_wconf 90' lang='lat' dir='ltr'>nos</span> <span class='ocrx_word' id='word_1_169' title='bbox 608 1484 763 1542; x_wconf 86' lang='lat' dir='ltr'>gratias</span> <span class='ocrx_word' id='word_1_170' title='bbox 798 1484 961 1542; x_wconf 79' lang='lat' dir='ltr'>agimus</span> <span class='ocrx_word' id='word_1_171' title='bbox 996 1487 1084 1528; x_wconf 89' lang='lat' dir='ltr'>Deo</span> <span class='ocrx_word' id='word_1_172' title='bbox 1118 1484 1208 1528; x_wconf 89' lang='lat' dir='ltr'>sine</span> <span class='ocrx_word' id='word_1_173' title='bbox 1245 1485 1561 1529; x_wconf 85' lang='lat' dir='ltr'>intermissione</span> <span class='ocrx_word' id='word_1_174' title='bbox 1583 1519 1594 1539; x_wconf 89' lang='lat'>‚</span> <span class='ocrx_word' id='word_1_175' title='bbox 1625 1485 1833 1544; x_wconf 88' lang='lat' dir='ltr'>quoniam</span> 
     </span>
     <span class='ocr_line' id='line_1_19' title="bbox 447 1555 1833 1615; baseline 0.004 -21"><span class='ocrx_word' id='word_1_176' title='bbox 447 1571 467 1595; x_wconf 87' lang='lat'>»</span> <span class='ocrx_word' id='word_1_177' title='bbox 504 1569 604 1598; x_wconf 87' lang='lat' dir='ltr'>eum</span> <span class='ocrx_word' id='word_1_178' title='bbox 627 1556 921 1614; x_wconf 88' lang='lat' dir='ltr'>percepissetis</span> <span class='ocrx_word' id='word_1_179' title='bbox 938 1571 959 1599; x_wconf 91' lang='lat' dir='ltr'>a</span> <span class='ocrx_word' id='word_1_180' title='bbox 976 1556 1102 1600; x_wconf 87' lang='lat' dir='ltr'>nobis</span> <span class='ocrx_word' id='word_1_181' title='bbox 1117 1556 1301 1600; x_wconf 81' lang='lat' dir='ltr'>verbum</span> <span class='ocrx_word' id='word_1_182' title='bbox 1314 1556 1487 1600; x_wconf 89' lang='lat' dir='ltr'>auditus</span> <span class='ocrx_word' id='word_1_183' title='bbox 1500 1556 1593 1611; x_wconf 89' lang='lat' dir='ltr'>Dei,</span> <span class='ocrx_word' id='word_1_184' title='bbox 1611 1555 1833 1615; x_wconf 86' lang='lat' dir='ltr'>excepistis</span> 
     </span>
     <span class='ocr_line' id='line_1_20' title="bbox 449 1625 1833 1680; baseline 0.004 -15"><span class='ocrx_word' id='word_1_185' title='bbox 449 1642 468 1665; x_wconf 92' lang='lat'>»</span> <span class='ocrx_word' id='word_1_186' title='bbox 507 1641 596 1669; x_wconf 90' lang='lat' dir='ltr'>non</span> <span class='ocrx_word' id='word_1_187' title='bbox 627 1635 675 1669; x_wconf 90' lang='lat' dir='ltr'>ut</span> <span class='ocrx_word' id='word_1_188' title='bbox 702 1626 885 1671; x_wconf 76' lang='lat' dir='ltr'>verbum</span> <span class='ocrx_word' id='word_1_189' title='bbox 908 1626 1136 1670; x_wconf 90' lang='lat' dir='ltr'>hominum</span> <span class='ocrx_word' id='word_1_190' title='bbox 1158 1660 1168 1680; x_wconf 74' lang='lat'>‚</span> <span class='ocrx_word' id='word_1_191' title='bbox 1202 1625 1277 1670; x_wconf 81' lang='lat' dir='ltr'>scd</span> <span class='ocrx_word' id='word_1_192' title='bbox 1300 1627 1410 1670; x_wconf 88' lang='lat' dir='ltr'>sicut</span> <span class='ocrx_word' id='word_1_193' title='bbox 1435 1636 1498 1670; x_wconf 89' lang='lat' dir='ltr'>est</span> <span class='ocrx_word' id='word_1_194' title='bbox 1525 1641 1625 1670; x_wconf 87' lang='lat' dir='ltr'>vere</span> <span class='ocrx_word' id='word_1_195' title='bbox 1648 1625 1833 1670; x_wconf 89' lang='lat' dir='ltr'>verbum</span> 
     </span>
     <span class='ocr_line' id='line_1_21' title="bbox 449 1695 1835 1755; baseline 0.004 -20"><span class='ocrx_word' id='word_1_196' title='bbox 449 1713 467 1735; x_wconf 89' lang='lat'>»</span> <span class='ocrx_word' id='word_1_197' title='bbox 505 1697 599 1750; x_wconf 84' lang='lat' dir='ltr'>Dei,</span> <span class='ocrx_word' id='word_1_198' title='bbox 618 1695 738 1755; x_wconf 84' lang='lat' dir='ltr'>quod</span> <span class='ocrx_word' id='word_1_199' title='bbox 762 1704 964 1755; x_wconf 87' lang='lat' dir='ltr'>operatur</span> <span class='ocrx_word' id='word_1_200' title='bbox 985 1697 1030 1740; x_wconf 93' lang='lat' dir='ltr'>in</span> <span class='ocrx_word' id='word_1_201' title='bbox 1050 1696 1189 1750; x_wconf 72' lang='lat' dir='ltr'>vobis,</span> <span class='ocrx_word' id='word_1_202' title='bbox 1215 1696 1286 1740; x_wconf 92' lang='lat' dir='ltr'>cui</span> <span class='ocrx_word' id='word_1_203' title='bbox 1308 1695 1579 1741; x_wconf 81' lang='lat' dir='ltr'>credidistis?</span> <span class='ocrx_word' id='word_1_204' title='bbox 1595 1714 1615 1738; x_wconf 88' lang='lat'>»</span> <span class='ocrx_word' id='word_1_205' title='bbox 1634 1696 1749 1749; x_wconf 88' lang='lat' dir='ltr'>Quid</span> <span class='ocrx_word' id='word_1_206' title='bbox 1772 1705 1835 1741; x_wconf 89' lang='lat' dir='ltr'>est</span> 
     </span>
     <span class='ocr_line' id='line_1_22' title="bbox 447 1766 1834 1826; baseline 0.001 -17"><span class='ocrx_word' id='word_1_207' title='bbox 447 1766 568 1825; x_wconf 83' lang='lat' dir='ltr'>quod</span> <span class='ocrx_word' id='word_1_208' title='bbox 595 1767 696 1810; x_wconf 89' lang='lat' dir='ltr'>hinc</span> <span class='ocrx_word' id='word_1_209' title='bbox 736 1770 824 1811; x_wconf 92' lang='lat' dir='ltr'>Deo</span> <span class='ocrx_word' id='word_1_210' title='bbox 863 1767 1019 1825; x_wconf 89' lang='lat' dir='ltr'>gratias</span> <span class='ocrx_word' id='word_1_211' title='bbox 1051 1767 1137 1825; x_wconf 89' lang='lat' dir='ltr'>agit</span> <span class='ocrx_word' id='word_1_212' title='bbox 1167 1769 1185 1810; x_wconf 79' lang='lat' dir='ltr'>P</span> <span class='ocrx_word' id='word_1_213' title='bbox 1218 1769 1382 1826; x_wconf 90' lang='lat' dir='ltr'>Nempe</span> <span class='ocrx_word' id='word_1_214' title='bbox 1418 1782 1579 1811; x_wconf 90' lang='lat' dir='ltr'>vanum</span> <span class='ocrx_word' id='word_1_215' title='bbox 1613 1775 1676 1811; x_wconf 89' lang='lat' dir='ltr'>est</span> <span class='ocrx_word' id='word_1_216' title='bbox 1704 1776 1834 1826; x_wconf 89' lang='lat' dir='ltr'>atque</span> 
     </span>
     <span class='ocr_line' id='line_1_23' title="bbox 445 1836 1834 1897; baseline 0.002 -17"><span class='ocrx_word' id='word_1_217' title='bbox 445 1836 590 1892; x_wconf 88' lang='lat' dir='ltr'>inane,</span> <span class='ocrx_word' id='word_1_218' title='bbox 611 1838 644 1880; x_wconf 92' lang='lat' dir='ltr'>si</span> <span class='ocrx_word' id='word_1_219' title='bbox 666 1838 735 1881; x_wconf 92' lang='lat' dir='ltr'>cui</span> <span class='ocrx_word' id='word_1_220' title='bbox 757 1838 910 1895; x_wconf 85' lang='lat' dir='ltr'>gratias</span> <span class='ocrx_word' id='word_1_221' title='bbox 933 1839 1035 1895; x_wconf 79' lang='lat' dir='ltr'>agit,</span> <span class='ocrx_word' id='word_1_222' title='bbox 1059 1838 1248 1897; x_wconf 85' lang='lat' dir='ltr'>hoc·ipse</span> <span class='ocrx_word' id='word_1_223' title='bbox 1270 1853 1360 1883; x_wconf 92' lang='lat' dir='ltr'>non</span> <span class='ocrx_word' id='word_1_224' title='bbox 1379 1838 1498 1882; x_wconf 85' lang='lat' dir='ltr'>fecit.</span> <span class='ocrx_word' id='word_1_225' title='bbox 1521 1839 1606 1883; x_wconf 90' lang='lat' dir='ltr'>Sed</span> <span class='ocrx_word' id='word_1_226' title='bbox 1627 1837 1731 1897; x_wconf 86' lang='lat' dir='ltr'>quia</span> <span class='ocrx_word' id='word_1_227' title='bbox 1751 1838 1834 1883; x_wconf 87' lang='lat' dir='ltr'>hoc</span> 
     </span>
     <span class='ocr_line' id='line_1_24' title="bbox 445 1908 1834 1970; baseline 0.003 -21"><span class='ocrx_word' id='word_1_228' title='bbox 445 1922 606 1952; x_wconf 90' lang='lat' dir='ltr'>vanum</span> <span class='ocrx_word' id='word_1_229' title='bbox 637 1917 680 1951; x_wconf 90' lang='lat' dir='ltr'>et</span> <span class='ocrx_word' id='word_1_230' title='bbox 701 1909 830 1953; x_wconf 89' lang='lat' dir='ltr'>inane</span> <span class='ocrx_word' id='word_1_231' title='bbox 849 1924 939 1953; x_wconf 91' lang='lat' dir='ltr'>non</span> <span class='ocrx_word' id='word_1_232' title='bbox 961 1918 1023 1953; x_wconf 89' lang='lat' dir='ltr'>est</span> <span class='ocrx_word' id='word_1_233' title='bbox 1042 1944 1052 1964; x_wconf 87' lang='lat'>‚</span> <span class='ocrx_word' id='word_1_234' title='bbox 1077 1908 1275 1968; x_wconf 88' lang='lat' dir='ltr'>profecto</span> <span class='ocrx_word' id='word_1_235' title='bbox 1298 1912 1411 1953; x_wconf 89' lang='lat' dir='ltr'>Deus</span> <span class='ocrx_word' id='word_1_236' title='bbox 1438 1909 1509 1952; x_wconf 90' lang='lat' dir='ltr'>cui</span> <span class='ocrx_word' id='word_1_237' title='bbox 1527 1908 1582 1953; x_wconf 90' lang='lat' dir='ltr'>de</span> <span class='ocrx_word' id='word_1_238' title='bbox 1599 1909 1683 1954; x_wconf 89' lang='lat' dir='ltr'>hoc</span> <span class='ocrx_word' id='word_1_239' title='bbox 1704 1924 1834 1970; x_wconf 91' lang='lat' dir='ltr'>opere</span> 
     </span>
     <span class='ocr_line' id='line_1_25' title="bbox 447 1978 1877 2039; baseline 0.003 -19"><span class='ocrx_word' id='word_1_240' title='bbox 447 1978 603 2035; x_wconf 82' lang='lat' dir='ltr'>gratias</span> <span class='ocrx_word' id='word_1_241' title='bbox 627 1979 712 2036; x_wconf 88' lang='lat' dir='ltr'>agit</span> <span class='ocrx_word' id='word_1_242' title='bbox 732 2013 742 2033; x_wconf 84' lang='lat'>‚</span> <span class='ocrx_word' id='word_1_243' title='bbox 775 1979 866 2037; x_wconf 90' lang='lat' dir='ltr'>ipse</span> <span class='ocrx_word' id='word_1_244' title='bbox 883 1979 987 2023; x_wconf 81' lang='lat' dir='ltr'>fecit</span> <span class='ocrx_word' id='word_1_245' title='bbox 1006 2014 1016 2032; x_wconf 94' lang='lat'>‚</span> <span class='ocrx_word' id='word_1_246' title='bbox 1042 1988 1090 2022; x_wconf 88' lang='lat' dir='ltr'>ut</span> <span class='ocrx_word' id='word_1_247' title='bbox 1113 1995 1212 2023; x_wconf 86' lang='lat' dir='ltr'>cum</span> <span class='ocrx_word' id='word_1_248' title='bbox 1236 1980 1527 2039; x_wconf 88' lang='lat' dir='ltr'>percepissent</span> <span class='ocrx_word' id='word_1_249' title='bbox 1550 1980 1604 2024; x_wconf 85' lang='lat' dir='ltr'>ab</span> <span class='ocrx_word' id='word_1_250' title='bbox 1625 1979 1834 2039; x_wconf 81' lang='lat' dir='ltr'>Apostolo</span> <span class='ocrx_word' id='word_1_251' title='bbox 1872 1986 1877 2031; x_wconf 71' lang='grc' dir='ltr'><strong>ἓ</strong></span> 
     </span>
     <span class='ocr_line' id='line_1_26' title="bbox 446 2047 1876 2108; baseline 0.003 -18"><span class='ocrx_word' id='word_1_252' title='bbox 446 2048 627 2092; x_wconf 85' lang='lat' dir='ltr'>verbum</span> <span class='ocrx_word' id='word_1_253' title='bbox 661 2047 834 2093; x_wconf 87' lang='lat' dir='ltr'>auditus</span> <span class='ocrx_word' id='word_1_254' title='bbox 866 2049 978 2103; x_wconf 82' lang='lat' dir='ltr'>Dei,</span> <span class='ocrx_word' id='word_1_255' title='bbox 1017 2049 1263 2108; x_wconf 80' lang='lat' dir='ltr'>exciperent</span> <span class='ocrx_word' id='word_1_256' title='bbox 1296 2049 1407 2094; x_wconf 91' lang='lat' dir='ltr'>illud</span> <span class='ocrx_word' id='word_1_257' title='bbox 1441 2065 1531 2094; x_wconf 92' lang='lat' dir='ltr'>non</span> <span class='ocrx_word' id='word_1_258' title='bbox 1563 2059 1613 2094; x_wconf 89' lang='lat' dir='ltr'>ut</span> <span class='ocrx_word' id='word_1_259' title='bbox 1650 2050 1834 2095; x_wconf 87' lang='lat' dir='ltr'>verbum</span> <span class='ocrx_word' id='word_1_260' title='bbox 1873 2053 1876 2068; x_wconf 85' lang='grc'><strong>’</strong></span> 
     </span>
     <span class='ocr_line' id='line_1_27' title="bbox 445 2109 1877 2180; baseline 0.002 -18"><span class='ocrx_word' id='word_1_261' title='bbox 445 2119 674 2163; x_wconf 87' lang='lat' dir='ltr'>hominum</span> <span class='ocrx_word' id='word_1_262' title='bbox 697 2155 707 2175; x_wconf 89' lang='lat'>‚</span> <span class='ocrx_word' id='word_1_263' title='bbox 744 2119 820 2163; x_wconf 90' lang='lat' dir='ltr'>sed</span> <span class='ocrx_word' id='word_1_264' title='bbox 850 2120 962 2164; x_wconf 89' lang='lat' dir='ltr'>sieut</span> <span class='ocrx_word' id='word_1_265' title='bbox 997 2129 1061 2164; x_wconf 85' lang='lat' dir='ltr'>est</span> <span class='ocrx_word' id='word_1_266' title='bbox 1091 2135 1190 2164; x_wconf 89' lang='lat' dir='ltr'>vere</span> <span class='ocrx_word' id='word_1_267' title='bbox 1218 2121 1401 2165; x_wconf 89' lang='lat' dir='ltr'>verbum</span> <span class='ocrx_word' id='word_1_268' title='bbox 1431 2122 1524 2165; x_wconf 83' lang='lat' dir='ltr'>Dei.</span> <span class='ocrx_word' id='word_1_269' title='bbox 1560 2124 1671 2165; x_wconf 89' lang='lat' dir='ltr'>Deus</span> <span class='ocrx_word' id='word_1_270' title='bbox 1700 2121 1835 2180; x_wconf 85' lang='lat' dir='ltr'>igitur</span> <span class='ocrx_word' id='word_1_271' title='bbox 1872 2109 1877 2159; x_wconf 59' lang='lat' dir='ltr'>l</span> 
     </span>
     <span class='ocr_line' id='line_1_28' title="bbox 446 2191 1877 2253; baseline 0.002 -20"><span class='ocrx_word' id='word_1_272' title='bbox 446 2200 648 2248; x_wconf 83' lang='lat' dir='ltr'>operatur</span> <span class='ocrx_word' id='word_1_273' title='bbox 671 2192 716 2235; x_wconf 92' lang='lat' dir='ltr'>in</span> <span class='ocrx_word' id='word_1_274' title='bbox 745 2191 948 2236; x_wconf 89' lang='lat' dir='ltr'>cordibus</span> <span class='ocrx_word' id='word_1_275' title='bbox 966 2191 1194 2236; x_wconf 89' lang='lat' dir='ltr'>hominum</span> <span class='ocrx_word' id='word_1_276' title='bbox 1213 2227 1224 2246; x_wconf 88' lang='lat'>‚</span> <span class='ocrx_word' id='word_1_277' title='bbox 1249 2192 1477 2236; x_wconf 91' lang='lat' dir='ltr'>vocatione</span> <span class='ocrx_word' id='word_1_278' title='bbox 1499 2191 1574 2236; x_wconf 88' lang='lat' dir='ltr'>illa</span> <span class='ocrx_word' id='word_1_279' title='bbox 1592 2193 1833 2237; x_wconf 88' lang='lat' dir='ltr'>secundum</span> <span class='ocrx_word' id='word_1_280' title='bbox 1873 2214 1877 2253; x_wconf 55' lang='grc' dir='ltr'>ξ</span> 
     </span>
     <span class='ocr_line' id='line_1_29' title="bbox 446 2260 1877 2321; baseline 0.001 -16"><span class='ocrx_word' id='word_1_281' title='bbox 446 2262 716 2320; x_wconf 89' lang='lat' dir='ltr'>propositum</span> <span class='ocrx_word' id='word_1_282' title='bbox 738 2276 866 2305; x_wconf 91' lang='lat' dir='ltr'>suum</span> <span class='ocrx_word' id='word_1_283' title='bbox 887 2296 898 2316; x_wconf 78' lang='lat'><strong>‚</strong></span> <span class='ocrx_word' id='word_1_284' title='bbox 923 2260 978 2305; x_wconf 90' lang='lat' dir='ltr'>de</span> <span class='ocrx_word' id='word_1_285' title='bbox 998 2277 1084 2321; x_wconf 89' lang='lat' dir='ltr'>qua</span> <span class='ocrx_word' id='word_1_286' title='bbox 1107 2261 1295 2306; x_wconf 88' lang='lat' dir='ltr'>multum</span> <span class='ocrx_word' id='word_1_287' title='bbox 1319 2262 1456 2307; x_wconf 90' lang='lat' dir='ltr'>locuti</span> <span class='ocrx_word' id='word_1_288' title='bbox 1477 2277 1649 2317; x_wconf 80' lang='lat' dir='ltr'>sumus,</span> <span class='ocrx_word' id='word_1_289' title='bbox 1677 2271 1727 2306; x_wconf 91' lang='lat' dir='ltr'>ut</span> <span class='ocrx_word' id='word_1_290' title='bbox 1744 2277 1834 2307; x_wconf 91' lang='lat' dir='ltr'>non</span> <span class='ocrx_word' id='word_1_291' title='bbox 1874 2274 1877 2320; x_wconf 72' lang='lat' dir='ltr'>j</span> 
     </span>
     <span class='ocr_line' id='line_1_30' title="bbox 445 2331 1833 2390; baseline 0.002 -16"><span class='ocrx_word' id='word_1_292' title='bbox 445 2331 630 2375; x_wconf 85' lang='lat' dir='ltr'>inaniter</span> <span class='ocrx_word' id='word_1_293' title='bbox 655 2332 834 2376; x_wconf 87' lang='lat' dir='ltr'>audiant</span> <span class='ocrx_word' id='word_1_294' title='bbox 854 2331 1159 2390; x_wconf 77' lang='lat' dir='ltr'>Evangelium,</span> <span class='ocrx_word' id='word_1_295' title='bbox 1188 2333 1263 2376; x_wconf 86' lang='lat' dir='ltr'>sed</span> <span class='ocrx_word' id='word_1_296' title='bbox 1283 2348 1334 2377; x_wconf 90' lang='lat' dir='ltr'>eo</span> <span class='ocrx_word' id='word_1_297' title='bbox 1356 2331 1507 2377; x_wconf 88' lang='lat' dir='ltr'>audito</span> <span class='ocrx_word' id='word_1_298' title='bbox 1521 2342 1833 2378; x_wconf 87' lang='lat' dir='ltr'>convertantur</span> 
     </span>
     <span class='ocr_line' id='line_1_31' title="bbox 448 2392 1877 2462; baseline 0.003 -17"><span class='ocrx_word' id='word_1_299' title='bbox 448 2410 492 2446; x_wconf 88' lang='lat' dir='ltr'>et</span> <span class='ocrx_word' id='word_1_300' title='bbox 514 2401 722 2457; x_wconf 86' lang='lat' dir='ltr'>credant,</span> <span class='ocrx_word' id='word_1_301' title='bbox 759 2402 1018 2462; x_wconf 86' lang='lat' dir='ltr'>excipientes</span> <span class='ocrx_word' id='word_1_302' title='bbox 1050 2418 1138 2447; x_wconf 90' lang='lat' dir='ltr'>non</span> <span class='ocrx_word' id='word_1_303' title='bbox 1168 2411 1216 2446; x_wconf 87' lang='lat' dir='ltr'>ut</span> <span class='ocrx_word' id='word_1_304' title='bbox 1252 2403 1435 2447; x_wconf 84' lang='lat' dir='ltr'>verbum</span> <span class='ocrx_word' id='word_1_305' title='bbox 1475 2404 1729 2459; x_wconf 86' lang='lat' dir='ltr'>hominum,</span> <span class='ocrx_word' id='word_1_306' title='bbox 1754 2403 1834 2448; x_wconf 90' lang='lat' dir='ltr'>sed</span> <span class='ocrx_word' id='word_1_307' title='bbox 1873 2392 1877 2404; x_wconf 44' lang='lat'>¹</span> 
     </span>
     <span class='ocr_line' id='line_1_32' title="bbox 444 2472 1884 2536; baseline 0.001 -20"><span class='ocrx_word' id='word_1_308' title='bbox 444 2472 555 2517; x_wconf 91' lang='lat' dir='ltr'>sicut</span> <span class='ocrx_word' id='word_1_309' title='bbox 577 2482 642 2518; x_wconf 92' lang='lat' dir='ltr'>est</span> <span class='ocrx_word' id='word_1_310' title='bbox 664 2488 763 2518; x_wconf 91' lang='lat' dir='ltr'>vere</span> <span class='ocrx_word' id='word_1_311' title='bbox 785 2472 969 2517; x_wconf 91' lang='lat' dir='ltr'>verbum</span> <span class='ocrx_word' id='word_1_312' title='bbox 990 2473 1078 2517; x_wconf 89' lang='lat' dir='ltr'>Dei.</span> <span class='ocrx_word' id='word_1_313' title='bbox 1874 2527 1884 2536; x_wconf 18' lang='lat'>¹¹</span> 
     </span>
    </p>

    <p class='ocr_par' dir='ltr' id='par_1_3' title="bbox 503 2543 1884 2608">
     <span class='ocr_line' id='line_1_33' title="bbox 503 2543 1831 2591; baseline 0.002 -3"><span class='ocrx_word' id='word_1_314' title='bbox 503 2546 594 2589; x_wconf 86' lang='lat' dir='ltr'>XL.</span> <span class='ocrx_word' id='word_1_315' title='bbox 633 2543 750 2589; x_wconf 90' lang='lat' dir='ltr'>Illud</span> <span class='ocrx_word' id='word_1_316' title='bbox 781 2544 912 2589; x_wconf 89' lang='lat' dir='ltr'>etiam</span> <span class='ocrx_word' id='word_1_317' title='bbox 941 2544 1114 2588; x_wconf 91' lang='lat' dir='ltr'>initium</span> <span class='ocrx_word' id='word_1_318' title='bbox 1148 2543 1250 2588; x_wconf 87' lang='lat' dir='ltr'>fidei</span> <span class='ocrx_word' id='word_1_319' title='bbox 1287 2544 1515 2589; x_wconf 88' lang='lat' dir='ltr'>hominum</span> <span class='ocrx_word' id='word_1_320' title='bbox 1555 2544 1722 2591; x_wconf 91' lang='lat' dir='ltr'>donum</span> <span class='ocrx_word' id='word_1_321' title='bbox 1753 2547 1831 2591; x_wconf 91' lang='lat' dir='ltr'>Dei</span> 
     </span>
    </p>
   </div>
   <div class='ocr_carea' id='block_1_3' title="bbox 494 2628 1582 2674">
    <p class='ocr_par' dir='ltr' id='par_1_4' title="bbox 494 2628 1582 2674">
     <span class='ocr_line' id='line_1_34' title="bbox 494 2628 1582 2674; baseline 0 -12"><span class='ocrx_word' id='word_1_322' title='bbox 494 2636 502 2650; x_wconf 84' lang='lat'><em>¹</em></span> <span class='ocrx_word' id='word_1_323' title='bbox 526 2628 640 2671; x_wconf 81' lang='lat' dir='ltr'>Ephes.</span> <span class='ocrx_word' id='word_1_324' title='bbox 662 2641 687 2670; x_wconf 88' lang='lat'>1,</span> <span class='ocrx_word' id='word_1_325' title='bbox 710 2630 748 2663; x_wconf 81' lang='lat'>13</span> <span class='ocrx_word' id='word_1_326' title='bbox 765 2634 799 2663; x_wconf 86' lang='lat' dir='ltr'>et</span> <span class='ocrx_word' id='word_1_327' title='bbox 815 2640 905 2674; x_wconf 82' lang='lat' dir='ltr'>seqq.</span> <span class='ocrx_word' id='word_1_328' title='bbox 920 2647 961 2654; x_wconf 94' lang='lat'><em>-</em></span> <span class='ocrx_word' id='word_1_329' title='bbox 978 2636 991 2652; x_wconf 89' lang='lat'>2</span> <span class='ocrx_word' id='word_1_330' title='bbox 1010 2628 1081 2664; x_wconf 86' lang='lat' dir='ltr'>Gal.</span> <span class='ocrx_word' id='word_1_331' title='bbox 1105 2640 1148 2671; x_wconf 80' lang='lat' dir='ltr'>vi,</span> <span class='ocrx_word' id='word_1_332' title='bbox 1169 2640 1201 2671; x_wconf 81' lang='lat'>7.</span> <span class='ocrx_word' id='word_1_333' title='bbox 1215 2647 1256 2654; x_wconf 93' lang='lat'><em>-</em></span> <span class='ocrx_word' id='word_1_334' title='bbox 1273 2628 1287 2654; x_wconf 82' lang='lat'>³</span> <span class='ocrx_word' id='word_1_335' title='bbox 1311 2642 1323 2663; x_wconf 90' lang='lat'>1</span> <span class='ocrx_word' id='word_1_336' title='bbox 1344 2631 1451 2663; x_wconf 85' lang='lat' dir='ltr'>Thess.</span> <span class='ocrx_word' id='word_1_337' title='bbox 1472 2642 1508 2669; x_wconf 86' lang='grc' dir='ltr'>ιι,</span> <span class='ocrx_word' id='word_1_338' title='bbox 1532 2631 1582 2664; x_wconf 83' lang='lat'>13.</span> 
     </span>
    </p>
   </div>
   <div class='ocr_carea' id='block_1_4' title="bbox 1856 0 1884 3285">
    <p class='ocr_par' dir='ltr' id='par_1_5' title="bbox 1856 0 1884 3285">
     <span class='ocr_line' id='line_1_35' title="bbox 1856 0 1884 3285; baseline 0 0"><span class='ocrx_word' id='word_1_339' title='bbox 1856 0 1884 3285; x_wconf 95' lang='lat' dir='ltr'> </span> 
     </span>
    </p>
   </div>
  </div>
 </body>
</html>
