1821 3264
446 235 500 262 ms
532 235 644 262 nono
676 232 1044 262 PERSEVERANTIAE.
1355 221 1438 263 159

58 301 140 345 hoc
160 297 356 357 Pelagius
379 300 469 358 ipse
487 298 772 343 damnaverit.
802 302 999 359 Itemque
1020 300 1053 343 si
1076 298 1258 343 dicimus
1275 313 1298 342 a
1316 299 1440 343 nobis

46 383 146 416 <esse
166 369 525 426 perseverantiam
546 377 754 422 nostram,
783 384 872 413 non
890 384 912 413 a
932 370 1114 414 Domino
1140 390 1151 426 3
1177 368 1441 428 respondent

44 437 117 484 .ifli
134 473 145 495 ,
167 439 226 482 ita
248 453 325 482 nos
349 454 372 483 a
394 438 520 483 nobis
540 438 700 482 habere
730 439 902 482 initium
925 439 1048 492 fidei,
1073 439 1184 483 sicut
1205 439 1364 494 finem,
1383 439 1441 484 sic

57 517 435 567 argumentantes,
467 508 607 553 multo
645 509 781 567 magis
813 523 890 552 nos
931 509 1093 552 habere
1123 525 1145 552 a
1174 509 1300 553 nobis
1331 509 1442 553 illud

0 625 2 636 ,
55 579 252 633 initium,
278 579 311 623 si
338 595 361 622 a
383 578 509 624 nobis
530 580 741 623 habemus
763 594 1017 638 permanere
1043 594 1181 638 usque
1211 580 1255 622 in
1290 581 1439 633 finem,

53 659 153 694 cum
175 648 381 707 perficere
397 663 528 708 quam
551 649 757 693 inchoare
780 650 835 693 sit
855 650 1020 709 majus:
1044 663 1092 692 ac
1113 648 1173 693 sic
1198 648 1435 692 identidem

54 717 320 763 concludunt
345 753 357 773 ‚
391 718 568 776 gratiam
603 719 677 762 Dei
705 719 944 762 secundum
973 718 1126 762 merita
1155 727 1300 763 nostra
1329 718 1437 761 dari.

52 789 99 836 >Si
127 797 274 833 autem
306 797 544 848 utrumque
576 789 654 833 Dei
681 788 848 833 donum
879 798 968 842 est,
998 798 1041 832 et
1062 789 1156 833 haec
1182 792 1294 832 Deus
1328 788 1440 832 dona

52 873 129 904 sua
144 858 288 917 (quod
305 858 580 918 negarerquis
594 867 735 917 potest
754 861 794 916 ⁴3)
812 858 1016 902 daturum
1035 873 1081 902 se
1096 874 1185 903 esse
1204 859 1440 917 praescivit:

0 926 1 930 ’
53 927 374 987 praedestinatio
397 926 670 986 praedicanda
690 937 783 983 est,
817 938 866 972 ut
894 929 1025 987 possit
1047 944 1146 971 vera
1173 929 1250 971 Dei
1285 928 1439 986 gratia,

53 998 137 1043 hoc
155 1007 234 1052 est,
249 1013 350 1059 quae
372 1014 460 1042 non
487 998 730 1043 secundum
753 999 903 1043 merita
926 1007 1072 1043 nostra
1095 997 1242 1053 datur,
1270 998 1443 1057 insupe-

52 1067 178 1131 rabili
194 1068 438 1113 munitione
460 1067 656 1112 defendi.

111 1140 201 1181 LV.
237 1140 292 1182 Et
318 1153 399 1197 ego
422 1139 601 1198 quidem
628 1139 673 1182 in
694 1138 771 1183 illo
794 1139 906 1183 libro
928 1140 1052 1197 cujus
1075 1147 1140 1182 est
1162 1137 1315 1182 titulus
1336 1173 1346 1192 ‚
1374 1140 1434 1180 De

48 1208 337 1265 ‚Correptione
362 1218 405 1252 et
435 1209 585 1267 gratia,
617 1208 690 1268 qui
718 1209 916 1252 sufficere
949 1223 1039 1251 non
1069 1208 1212 1267 potuit
1241 1207 1446 1252 omnibus

0 1291 2 1300 ’
47 1275 331 1322 ⁴dilectoribus
348 1279 503 1322 nostris
515 1312 525 1332 ,
546 1288 654 1337 puto
671 1293 741 1322 me
757 1279 817 1322 ita
835 1278 1025 1337 posuisse
1044 1278 1212 1321 donum
1231 1278 1308 1321 Dei
1326 1292 1417 1321 esse
1433 1311 1443 1331 ,

55 1346 186 1403 etiam
204 1360 476 1405 perseverare
492 1361 631 1406 usque
647 1347 694 1390 in
712 1348 862 1401 finem,
883 1357 933 1391 ut
952 1348 1035 1391 hoc
1054 1357 1195 1402 antea,
1216 1347 1248 1390 si
1269 1362 1338 1390 me
1357 1361 1446 1390 non

52 1414 164 1460 fallit
199 1416 361 1460 oblivio
378 1451 389 1470 ‚
425 1425 514 1460 tam
550 1431 746 1476 expresse
780 1426 910 1476 atque
945 1416 1168 1461 evidenter
1186 1451 1196 1471 ‚
1237 1416 1306 1461 vel
1342 1431 1445 1459 nus-

51 1501 203 1547 quam,
237 1486 308 1530 vel
339 1502 449 1546 pene
477 1503 694 1547 nusquam
724 1487 982 1545 scripserim.
1018 1487 1100 1532 Sed
1129 1488 1187 1531 ita
1217 1487 1300 1530 hoc
1329 1502 1447 1530 nunc

41 1556 160 1607 dixi,
186 1567 232 1600 ut
251 1572 340 1601 non
359 1566 460 1601 ante
477 1573 547 1601 me
565 1573 695 1602 nemo
715 1558 883 1602 dixerit.
905 1560 1061 1601 Beatus
1078 1558 1242 1617 quippe
1261 1557 1445 1616 Cypria-

53 1642 135 1673 nus
156 1627 201 1670 in
228 1627 434 1671 Oratione
459 1628 701 1689 Dominica‚
726 1629 837 1672 sicut
855 1628 946 1687 jam
976 1626 1244 1672 ostendimus
1270 1627 1448 1686 petitio-

44 1712 130 1757 >nes
153 1707 320 1743 nostras
340 1696 401 1742 ita
424 1699 637 1757 exposuit,
662 1707 711 1742 ut
732 1699 778 1741 in
800 1698 892 1757 ipsa
914 1697 1054 1757 prima
1076 1697 1287 1756 petitione
1310 1712 1449 1756 perse-

55 1769 294 1814 verantiam
318 1783 396 1813 nos
422 1768 586 1813 diceret
607 1784 800 1828 poscere,
824 1768 873 1812 id
894 1785 971 1813 nos
995 1784 1117 1812 orare
1140 1783 1353 1822 asserens,
1379 1768 1448 1811 di-

55 1838 223 1883 cendo:
248 1857 268 1881 «
294 1840 596 1884 Sanctificetur
616 1855 779 1884 nomen
802 1842 973 1892 tuum¹,
1002 1857 1022 1879 »
1049 1854 1147 1882 cum
1166 1840 1255 1897 jam
1280 1839 1325 1881 in
1349 1838 1447 1896 bap-

44 1909 223 1954 -tismate
245 1910 500 1954 sanctificati
521 1909 757 1968 fuerimus3
782 1919 832 1954 ut
850 1910 896 1953 in
919 1925 970 1954 eo
988 1909 1106 1970 quod
1129 1925 1219 1953 esse
1236 1909 1449 1968 coepimus

41 1993 393 2038 perseveremus.
428 1980 618 2024 Videant
651 1989 794 2025 tamen
820 1980 875 2033 ii,
913 1980 1072 2039 quibus
1101 1979 1348 2023 amantibus
1380 1994 1449 2021 me

56 2049 249 2107 ingratus
276 2065 366 2094 esse
393 2066 482 2094 non
505 2050 662 2105 debeo,
687 2051 763 2109 qui
792 2059 951 2109 praeter
979 2050 1062 2094 hoc
1093 2049 1213 2108 quod
1241 2049 1286 2092 in
1313 2063 1450 2108 quaes-

57 2119 222 2163 tionem
243 2120 386 2174 venit,
415 2121 560 2164 omnia
593 2135 709 2175 mea,
740 2123 850 2164 sicut
878 2119 1080 2173 scribitis,
1114 2134 1158 2163 se
1185 2119 1451 2177 profitentur

46 2188 261 2247 amplecti
282 2189 474 2243 videant,
498 2189 696 2248 inquam,
721 2199 869 2233 utrum
898 2190 942 2232 in
964 2189 1092 2248 primi
1115 2188 1215 2231 libri
1239 2188 1450 2247 posterio—

58 2258 179 2302 ribus
201 2259 396 2316 partibus
414 2293 425 2313 ‚
447 2274 599 2302 eorum
624 2259 814 2303 duorum
837 2274 947 2318 quos
969 2258 1053 2302 mei
1076 2260 1345 2317 episcopatus
1366 2257 1450 2301 ini-

59 2328 120 2372 tio
135 2362 145 2380 ‚
167 2337 400 2387 antequam
421 2328 652 2386 Pelagiana
668 2329 842 2373 haeresis
859 2337 1088 2387 appareret
1105 2363 1115 2382 ,
1137 2328 1192 2371 ad
1212 2327 1451 2386 Simplicia-

60 2413 166 2442 num
194 2397 564 2443 Mediolanensem
596 2399 847 2458 episcopum
880 2398 1057 2458 scripsi,
1091 2399 1346 2441 remanserit
1376 2396 1451 2440 ali-

43 2468 167 2528 -quid
183 2483 271 2528 quo
287 2477 465 2513 vocetur
482 2468 528 2512 in
543 2468 728 2513 dubium
747 2503 758 2523 ‚
779 2469 961 2528 gratiam
985 2467 1062 2512 Dei
1087 2482 1176 2512 non
1200 2467 1445 2511 secundum

41 2572 47 2591 ·.
110 2556 121 2575 ¹
139 2551 254 2585 matth.
280 2562 331 2593 vi,
349 2561 382 2593 9.
