1884 3285
434 255 452 289 1
462 251 516 290 42
858 260 891 286 s.
929 257 1157 286 thermum
1190 257 1368 284 nuscum

429 322 737 382 comprehendi
760 336 849 365 non
882 329 1023 379 potest
1049 321 1168 379 quod
1192 319 1412 364 occultum
1440 306 1532 362 est}
1554 318 1801 377 Numquid,

429 395 634 453 inquam,
671 401 898 450 propterea
931 391 1088 435 dicturi
1127 405 1275 435 sumus
1310 387 1430 448 quod
1467 389 1525 432 ita
1558 404 1648 434 esse
1686 404 1801 448 pers-

429 462 627 520 picimuS,
652 476 742 505 non
761 461 820 505 ita
841 475 954 515 esse,
980 461 1187 520 quoniam
1209 475 1287 504 cur
1312 459 1370 502 ita
1394 459 1450 502 sit
1470 473 1563 503 non
1579 473 1806 518 possumus

427 531 652 575 invenire?

486 603 734 647 XXXVIII.
773 599 856 646 Sed
878 602 1022 654 aiunt,
1054 610 1103 646 ut
1132 600 1314 644 scribitis
1341 619 1349 644 :
1390 619 1409 641 «
1434 599 1661 644 Neminem
1682 614 1806 658 posse

428 672 709 730 correptionis
731 671 916 715 stimulis
936 671 1134 723 excitari,
1159 671 1193 714 si
1215 670 1382 713 dicatur
1408 670 1452 713 in
1479 678 1700 713 conventu
1719 672 1812 713 Ec·

429 741 568 785 clesiae
596 740 874 785 audientibus
909 740 1052 783 multis
1080 759 1088 784 z
1124 743 1188 784 Ita
1215 755 1260 784 se
1286 739 1417 783 habet
1445 739 1499 782 de
1523 738 1805 798 praedestina·

426 814 543 854 tione
565 811 740 855 definita
765 811 977 854 sententia
997 809 1232 854 voluntatis
1255 812 1354 863 Dei,
1382 818 1428 853 ut
1447 808 1517 852 alii
1540 825 1591 852 ex
1611 807 1733 853 vobis
1752 808 1807 852 de

425 879 680 924 infidelitate
713 889 888 939 accepta
919 879 1151 924 obediendi
1178 879 1404 925 voluntate
1431 879 1635 923 veneritis
1670 877 1725 922 ad
1753 878 1808 921 fi-

426 949 525 994 dem
542 984 553 1004 ,
576 949 643 994 vel
673 960 846 1008 accepta
874 950 1190 1008 perseverantia
1217 949 1426 993 maneatis
1453 949 1497 992 in
1526 947 1639 1005 fide,
1665 947 1808 992 caeteri

425 1034 528 1064 vero
558 1021 632 1078 qui
661 1021 706 1064 in
738 1030 1016 1078 peecatorum
1050 1019 1340 1064 delectatione
1373 1018 1675 1072 remoramini,
1711 1018 1809 1061 ideo

368 1105 372 1108 ·
426 1090 623 1134 nondum
646 1091 881 1134 surrexistis
897 1124 907 1142 ,
932 1091 1034 1148 quia
1061 1090 1249 1133 necdum
1273 1104 1348 1134 vos
1375 1088 1638 1147 adjutorium
1661 1087 1810 1146 gratiae

426 1160 666 1204 miserantis
703 1160 849 1203 erexit.
886 1163 1191 1203 Verumtamen
1222 1161 1254 1202 si
1289 1160 1364 1217 qui
1392 1160 1490 1201 estis
1517 1158 1704 1201 necdum
1733 1172 1809 1201 vo-

426 1229 540 1282 cati,
578 1245 685 1287 quos
721 1229 856 1287 gratia
888 1244 964 1271 sua
994 1228 1366 1286 praedestinaverit
1399 1226 1620 1284 eligendos
1643 1261 1655 1280 ,
1694 1228 1808 1271 aeci-

425 1298 549 1355 pietis
570 1298 766 1341 eamdem
784 1297 987 1354 gratiam,
1007 1313 1093 1356 qua
1116 1296 1255 1341 velitis
1272 1307 1315 1340 et
1333 1298 1420 1340 sitis
1443 1296 1594 1353 electi,
1618 1305 1662 1340 et
1682 1297 1715 1340 si
1732 1296 1810 1355 qui

426 1367 610 1410 obeditis
635 1402 646 1421 ‚
681 1367 715 1410 si
747 1366 1041 1425 praedestinati
1075 1368 1172 1411 estis
1208 1367 1459 1426 rejiciendi,
1495 1367 1808 1411 subtrahentur

426 1437 656 1481 obediendi
678 1439 814 1493 vires,
840 1448 887 1482 ut
908 1438 1083 1482 obedire
1102 1439 1286 1481 cessetis.
1311 1456 1330 1478 »
1352 1440 1436 1481 Ista
1454 1453 1555 1481 cum
1573 1437 1780 1482 dicuntur
1794 1471 1805 1492 ,

425 1507 485 1551 ita
509 1523 585 1550 nos
607 1523 631 1551 a
653 1508 900 1551 confitenda
917 1524 1017 1551 vera
1043 1508 1116 1551 Dei
1136 1509 1290 1566 gratia,
1316 1508 1361 1550 id
1383 1517 1472 1561 est,
1499 1523 1598 1567 quae
1623 1523 1712 1552 non
1739 1522 1808 1551 se-

426 1578 622 1620 cundum
645 1579 796 1621 merita
819 1587 963 1622 nostra
985 1577 1136 1631 datur,
1167 1586 1209 1620 et
1241 1594 1264 1621 a
1291 1576 1538 1621 confitenda
1565 1578 1807 1622 secundum

426 1663 520 1691 eam
557 1649 934 1707 praedestinatione
968 1659 1217 1692 sanctorum
1249 1647 1465 1692 deterrere
1499 1663 1589 1692 non
1620 1648 1806 1706 debent,

426 1720 537 1762 sicut
559 1734 646 1762 non
665 1719 934 1762 deterremur
952 1735 973 1762 a
991 1719 1239 1762 confitenda
1261 1719 1526 1776 praescientia
1542 1721 1641 1773 Dei,
1661 1720 1693 1762 si
1711 1719 1808 1778 quis

426 1786 480 1830 de
502 1788 574 1831 illa
596 1788 759 1846 populo
782 1789 841 1831 sic
862 1788 1068 1846 loquatur
1086 1823 1096 1840 ,
1125 1797 1172 1831 ut
1194 1788 1308 1831 dieat
1337 1807 1344 1832 ;
1377 1807 1397 1830 «
1427 1789 1523 1832 Sive
1553 1803 1670 1832 nunc
1692 1796 1808 1833 recte

426 1858 602 1909 vivatis,
634 1858 722 1900 sive
755 1873 843 1902 non
872 1868 1014 1911 recte,
1051 1859 1155 1902 tales
1189 1858 1306 1901 eritis
1341 1867 1513 1916 postea,
1549 1859 1700 1917 quales
1732 1873 1809 1903 vos

428 1929 539 1969 Deus
571 1926 742 1970 futuros
763 1942 852 1971 esse
882 1927 1121 1986 praescivit,
1152 1927 1220 1970 vel
1243 1927 1345 1970 hohi
1376 1928 1409 1970 si
1431 1928 1590 1982 bonos,
1617 1927 1683 1971 vel
1707 1927 1808 1971 mali

427 1996 460 2038 si
482 1995 630 2040 malos.
656 2014 675 2036 »
696 1996 920 2055 Numquid
939 1999 1053 2039 enim
1070 2031 1080 2050 ,
1106 2000 1139 2040 si
1161 1997 1243 2041 hoc
1266 1997 1416 2041 audito
1437 1997 1636 2041 nonnulli
1660 1998 1703 2041 in
1724 2007 1808 2041 tor-

427 2079 576 2122 porem
603 2066 918 2125 segnitiemque
939 2075 1184 2120 vertantur,
1220 2075 1263 2109 et
1293 2081 1315 2109 a
1337 2066 1486 2110 labore
1509 2067 1720 2125 proclives
1752 2065 1808 2111 ad

426 2134 651 2178 libidinem
681 2145 778 2193 post
804 2136 1172 2193 concupiscentias
1200 2152 1297 2180 suas
1331 2145 1433 2179 eant
1454 2171 1465 2190 ,
1497 2146 1723 2195 propterea
1751 2136 1807 2182 de

426 2205 692 2262 praescientia
721 2206 795 2248 Dei
818 2205 973 2249 falsum
1001 2206 1246 2263 putandum
1272 2214 1336 2249 est
1358 2221 1447 2249 esse
1463 2241 1473 2259 ‚
1498 2206 1619 2265 quod
1640 2208 1808 2251 dictum

426 2276 515 2317 est?
533 2277 685 2319 Nonne
701 2275 735 2317 si
755 2277 867 2318 Deus
882 2275 976 2318 illos
994 2275 1131 2319 bonos
1149 2274 1318 2319 futuros
1337 2291 1427 2319 esse
1442 2277 1678 2335 praescivit,
1700 2276 1806 2321 boni

428 2354 576 2398 erunt,
602 2345 648 2388 in
670 2344 940 2403 quantalibet
970 2360 1088 2389 nune
1111 2344 1378 2403 malignitate
1400 2356 1646 2403 versentur,
1669 2347 1701 2391 si
1724 2362 1805 2391 au—

427 2422 514 2456 tem
537 2413 694 2468 malos,
714 2415 814 2458 mali
833 2424 987 2469 erunt,
1012 2415 1056 2458 in
1078 2415 1350 2474 quantalibet
1367 2432 1484 2461 nunc
1506 2418 1700 2462 bonitate
1719 2432 1806 2462 cer·

427 2485 617 2527 uantur?
647 2484 749 2527 Fuit
781 2484 958 2544 quidam
994 2486 1037 2527 in
1076 2495 1222 2529 nostro
1250 2488 1533 2542 monasterio,
1563 2488 1638 2546 qui
1671 2487 1806 2531 corri-

425 2551 643 2610 pientibus
665 2551 872 2598 fratribus
893 2569 970 2599 eur
992 2554 1195 2614 quaedam
1218 2571 1306 2601 non
1328 2553 1525 2601 facienda
1546 2554 1706 2602 faceret
1725 2589 1737 2612 ‚
1761 2564 1805 2601 et
