1884 3285
452 265 536 304 496
974 270 1311 303 Annon-nones.

449 339 552 383 liam
571 352 686 382 anno
706 340 805 382 421.
821 344 915 398 quo
928 337 1112 397 Alypius
1128 339 1356 398 episcopus
1376 353 1450 383 sex
1462 341 1691 398 Augustini
1704 339 1836 386 libros

450 409 654 453 adversus
684 407 886 452 eumdem
904 406 1009 452 illuc
1031 408 1212 465 detulit,
1232 410 1322 469 jam
1349 408 1583 470 reliquerat
1608 429 1618 455 ε
1639 411 1836 470 quando-

449 479 644 539 quidem,
670 495 771 524 cum
792 488 891 524 octo
912 494 1009 523 suos
1025 479 1071 523 in
1093 489 1289 525 sanctum
1310 483 1542 526 Doctorem
1559 479 1713 537 edidit,
1739 496 1836 526 oxn-

449 549 554 594 nina
583 548 638 594 de
654 550 794 595 isthoc
811 548 926 594 illius
946 564 1075 609 opere
1096 550 1206 594 nihil
1223 551 1433 596 audierat.

507 621 611 680 Ejus
638 622 903 666 mentionem
937 636 986 665 ex
1009 637 1098 680 quo
1126 622 1324 680 migravit
1359 637 1382 666 e
1410 621 1561 668 Cilicia
1589 623 1635 667 in
1669 638 1830 668 annum

448 707 588 752 usque
610 697 710 738 428.
735 708 948 753 nusquam
980 692 1231 752 reperimus.
1259 697 1316 737 At
1338 694 1516 752 ponitur
1536 693 1737 739 Julianus
1756 709 1833 739 ve-

446 762 528 807 luti
547 764 635 808 dux
663 779 711 808 ac
733 763 976 823 primipilus
992 779 1142 809 eorum
1166 764 1466 824 episcoporum
1489 799 1500 821 ‚
1524 765 1601 825 qui
1627 764 1684 810 ob
1706 780 1834 823 nega·

447 841 542 877 tum
556 833 765 892 originale
777 843 1003 893 peccatum
1015 834 1161 880 officio
1177 833 1574 890 abdicati,Nestorii
1584 834 1834 894 praesidium

447 903 617 948 circiter
650 905 792 963 ipsum
817 920 980 949 annum
1014 910 1113 948 428.
1145 905 1448 964 implorarunt.
1486 905 1598 950 Hinc
1620 909 1834 951 Mercator

446 976 704 1034 praefatione
725 976 781 1020 ad
806 976 991 1023 Nestorii
1016 979 1219 1021 adversus
1240 976 1513 1034 Pelagianam
1531 977 1726 1021 haeresim
1744 992 1833 1020 ser—

445 1060 595 1091 mones
621 1065 630 1092 :
661 1047 845 1092 Contra
873 1045 1084 1106 Pelagii,
1111 1047 1191 1101 ait,
1214 1062 1297 1091 seu
1326 1046 1760 1106 Coelestiipravam
1787 1056 1833 1091 et

446 1117 646 1176 impiam
671 1117 997 1179 definitionem
1017 1118 1233 1175 quamvis
1256 1126 1383 1163 recte
1405 1120 1600 1163 sentiret
1622 1128 1667 1163 et
1687 1117 1829 1162 doce—

445 1196 515 1230 ret
547 1187 766 1232 Nestorius
791 1208 802 1246 3
833 1184 1084 1232 Julianum
1115 1197 1277 1233 tamen
1305 1190 1644 1249 exepiscopum
1672 1186 1828 1233 Ecla-

445 1274 639 1303 nensem
657 1275 765 1303 cum
782 1258 1102 1319 participibus
1123 1260 1236 1316 suis,
1260 1260 1396 1322 cujus
1421 1259 1614 1305 liceresis
1630 1259 1830 1321 signife-

446 1344 550 1373 rum
584 1339 629 1374 et
650 1331 1040 1392 antesignanum,
1064 1329 1177 1375 olim
1199 1329 1263 1374 ab
1292 1330 1562 1390 apostolica
1588 1330 1830 1375 sententia

445 1411 816 1446 exauctoratum
838 1411 983 1459 atque
1018 1400 1313 1461 depositum,
1341 1402 1389 1446 in
1412 1400 1678 1447 amicitiam
1711 1402 1833 1445 inte-

442 1472 531 1515 rim
561 1473 743 1518 censuit
763 1470 1137 1532 suscipiendum,
1162 1488 1297 1532 spem
1319 1474 1365 1518 ei
1384 1471 1700 1519 absolutionis
1716 1487 1832 1532 pro-

441 1543 654 1587 mittens:
670 1545 825 1602 ipsum
835 1559 1023 1601 quoque
1041 1542 1316 1588 Coelestium
1328 1542 1496 1590 litteris
1503 1544 1617 1600 suis,
1629 1559 1833 1603 quarum

442 1612 669 1671 ea‘empla
700 1611 1027 1669 subdidimus,
1060 1612 1334 1658 consolatus
1364 1623 1448 1658 est.
1492 1612 1640 1677 Quod
1675 1622 1833 1658 utrum

440 1681 629 1726 malitia
653 1700 719 1727 an
741 1682 970 1727 vecordia
977 1683 1156 1745 fecerit
1164 1719 1179 1739 ,
1198 1699 1293 1729 non
1307 1683 1471 1746 facile
1490 1686 1626 1729 nosci
1640 1693 1799 1744 potest
1818 1699 1829 1727 .·

439 1760 490 1795 ut
520 1762 690 1802 contra
723 1768 925 1812 quorum
960 1752 1192 1798 distortas
1221 1755 1500 1810 sententias,
1523 1764 1705 1814 praeter
1714 1769 1830 1814 pro·

433 1824 596 1880 priam
619 1825 918 1883 impietatem
933 1840 1039 1882 quse
1055 1823 1189 1869 illum
1211 1824 1282 1869 act
1295 1823 1662 1870 damnationem
1686 1840 1833 1883 usque

433 1893 680 1952 percluoeit‚
709 1896 969 1940 rectissime
992 1894 1232 1940 sentiebat
1246 1905 1292 1940 et
1307 1894 1529 1953 docebat,
1554 1912 1634 1941 eos
1654 1905 1700 1940 et
1716 1896 1832 1940 ami-

436 1980 516 2008 cos
550 1963 750 2010 haberet
765 2001 780 2021 ,
814 1975 859 2010 et
880 1982 966 2025 spe
989 1981 1131 2010 vante
1159 1966 1493 2026 promissionis
1511 1965 1759 2029 fovendos
1787 1975 1831 2010 et

437 2033 693 2081 lactandos
723 2045 949 2096 putaret,
976 2037 1150 2095 quique
1180 2052 1286 2080 cum
1320 2046 1532 2096 patrono
1563 2045 1829 2083 memorato

435 2105 484 2148 in
520 2105 572 2150 E
570 2108 817 2166 plzesiensi
858 2106 1069 2153 Consilio
1108 2124 1141 2152 a
1183 2106 1400 2153 ducentis
1436 2109 1746 2171 septuaginta
1784 2117 1829 2152 et

435 2186 645 2231 quatuor
665 2179 899 2240 episcopis
937 2181 1106 2223 iterum
1148 2179 1411 2238 iterumque
1446 2177 1674 2225 damnati
1697 2187 1823 2224 sunt.

434 2246 652 2291 Caeterum
675 2248 808 2293 iidem
832 2249 1025 2294 haeretici
1049 2265 1126 2308 per
1154 2250 1400 2295 Nestorium
1423 2250 1630 2309 consequi
1659 2264 1826 2309 nequa-

434 2332 567 2375 quam
582 2318 772 2374 valuere‚
792 2328 842 2364 ut
856 2335 911 2363 ne
926 2320 1307 2380 Constantinopoli
1322 2330 1541 2381 praecepto
1558 2320 1827 2380 imperatoris

436 2388 688 2446 Theodosii,
706 2391 824 2435 unde
842 2390 1042 2435 Julianus
1060 2392 1189 2435 etiam
1209 2392 1327 2450 prius
1347 2392 1553 2438 Coelestio
1568 2393 1730 2452 eJectus
1743 2399 1822 2446 est,

434 2458 716 2516 pellerentur.
750 2462 872 2506 Idem
901 2461 1098 2506 Julianus
1131 2477 1222 2505 non
1253 2461 1393 2506 solum
1426 2462 1472 2506 in
1499 2472 1686 2522 utraque
1716 2464 1823 2508 Nes-

433 2529 533 2573 torii
562 2531 616 2575 ad
636 2531 923 2576 Coelestinum
959 2530 1137 2590 epistola
1164 2531 1400 2590 Pelagianis
1425 2533 1516 2577 aliis
1537 2533 1745 2593 episcopis
1769 2532 1823 2577 de

433 2598 672 2645 Occidente
709 2602 856 2661 ejectis
890 2601 1200 2661 praemittitur,
1240 2602 1315 2646 sed
1348 2601 1543 2648 similiter
1573 2611 1668 2662 post
1698 2601 1821 2648 Pela·
