1884 3285
1846 133 1852 153 1

1848 193 1852 262 't

1849 265 1853 292 1

473 302 553 337 120
897 308 928 335 s.
966 308 1193 336 AUGUSTIM
1226 310 1404 336 Et‘lscot‘l

471 374 600 415 rarios
620 373 661 414 in
681 373 803 414 vinea
827 373 899 431 qui
925 382 1017 416 toto
1035 374 1105 416 die
1124 373 1453 425 laboraverunt,
1479 381 1520 415 et
1543 386 1614 416 eos
1635 374 1708 432 qui
1738 362 1850 418 liora

466 459 553 487 una
579 446 589 468 ¹
611 462 619 487 :
646 457 801 502 nempe
817 459 944 487 causa
968 444 1131 487 diversa
1154 453 1217 488 est
1238 445 1418 502 impensi
1437 443 1613 496 laboris,
1639 453 1682 487 et
1698 449 1856 503 tamen}

466 513 581 557 idem
610 513 821 572 judicium
853 514 897 557 in
931 514 1173 558 redditione
1201 513 1423 556 mercedis.
1456 513 1679 590 Numquid
1708 514 1841 558 ethic

464 583 697 628 audieiunt
715 593 1033 628 murmurantes
1047 599 1069 627 a
1088 593 1209 642 patre
1238 582 1437 636 familias,
1462 583 1570 626 nisi:
1598 585 1690 626 Hoc
1714 583 1857 627 volo?

464 657 527 697 Ita
546 653 707 712 quippe
734 654 824 711 ejus
843 668 941 710 erga
959 653 1064 697 alios
1088 652 1170 696 luit
1191 652 1381 711 largitas,
1403 661 1452 695 ut
1467 667 1573 729 ‘erga
1598 652 1703 696 alios
1720 629 1858 721 nulla}

461 733 569 768 esset
607 723 827 782 iniquitas.
860 727 914 767 Et
944 724 1011 766 isti
1044 724 1221 783 quidem
1256 723 1431 782 utrique
1464 723 1510 765 in
1545 722 1670 766 bonis
1700 731 1838 767 sunt.
1829 713 1859 761 sl

459 803 756 837 verumtamen
793 802 1003 852 quantum
1038 792 1092 836 ad
1122 792 1330 851 justitiam
1366 801 1530 850 spectat
1564 800 1606 835 et
1636 771 1860 871 ςΐᾶῐίειῐη,ξ

459 872 600 922 potest
613 872 655 907 et
670 863 724 906 dc
737 877 810 906 reo
823 862 1139 922 qui'liberatur,
1157 871 1270 906 recte
1289 862 1373 905 dici
1392 877 1464 906 reo
1486 861 1563 921 qui
1587 861 1861 906 damnatur&

461 951 481 974 «
509 931 629 976 Tolle
651 931 770 991 quod
792 941 917 975 tuum
942 941 1030 986 est,
1057 941 1100 976 et
1121 931 1258 987 vade3
1285 930 1387 975 huic
1415 940 1559 975 autem
1588 930 1689 974 volo
1721 931 1862 991 quod

461 1022 480 1043 »
504 1018 592 1046 non
614 1003 799 1046 debetur
831 1020 851 1042 »
884 1003 1059 1046 donate.
1101 1005 1169 1046 An
1194 1017 1282 1046 non
1303 1000 1404 1044 licet
1434 1002 1539 1045 mihi
1561 1000 1701 1044 facere
1722 1001 1863 1062 quodi

460 1072 605 1116 »volo-
598 1074 615 1106 ἶ)
633 1076 701 1115 An
713 1072 865 1116 oculus
880 1081 979 1116 tuus
993 1087 1180 1131 nequam
1199 1081 1262 1115 est
1268 1072 1391 1130 ‚quia
1407 1086 1487 1129 ego
1507 1072 1649 1115 bonus
1671 1085 1765 1114 sum
1776 1072 1863 1112 2Ῠ»
1858 1066 1863 1121 l

457 1143 536 1185 Hic
557 1141 629 1184 ille
649 1142 682 1184 si
709 1141 866 1185 dicat:
897 1144 987 1186 Cui
1003 1157 1096 1186 non
1116 1146 1164 1184 et
1186 1142 1317 1184 mihi.
1310 1143 1327 1173 ἱ)
1359 1140 1513 1183 merito
1545 1140 1727 1184 audiet:
1759 1158 1779 1182 «
1804 1126 1863 1184 Ol

459 1230 477 1251 »
504 1212 636 1254 homo
667 1220 711 1254 tu
739 1211 835 1269 quis
858 1226 918 1264 es,
944 1212 1017 1270 qui
1041 1186 1298 1269 respondeas
1328 1213 1417 1253 Deo
1436 1210 1451 1234 3
1475 1211 1493 1252 P
1519 1227 1539 1250 »
1566 1212 1706 1262 Quem
1726 1187 1864 1262 certel

404 1331 407 1334 .
457 1282 498 1322 in
538 1296 627 1324 uno
661 1289 850 1324 vestrum
884 1281 1242 1339 benignissimum
1282 1279 1562 1337 largitorem,
1589 1279 1633 1322 in
1666 1288 1709 1323 te
1739 1253 1865 1329 verol

426 1359 695 1393 ΊθΧειθῐοιθῐῐι
714 1350 1031 1409 justissimum,
1058 1350 1103 1393 in
1132 1349 1255 1393 nullo
1278 1361 1421 1392 tamen
1452 1348 1591 1392 cernis
1613 1349 1838 1407 injustum.
1861 1314 1865 1413 l

451 1424 562 1464 Cum
596 1421 709 1463 enim
739 1421 881 1479 justus
906 1429 1039 1474 esset,
1063 1420 1231 1464 etiamsi
1266 1428 1505 1495 utrumque
1539 1419 1741 1477 puniret:
1768 1414 1866 1477 quil

453 1489 683 1542 liberatur,
717 1490 849 1533 habet
882 1490 999 1533 unde
1030 1491 1184 1546 glatias
1205 1498 1345 1547 agat3
1370 1488 1445 1548 qui
1468 1490 1726 1542 damnatur,
1752 1504 1840 1533 non

452 1559 582 1602 habet
600 1558 719 1617 quod
740 1559 1045 1617 reprehendat.
1864 1591 1866 1594 -

512 1630 675 1671 XVllI.
694 1648 712 1669 (t
729 1628 810 1672 Sed
830 1629 1158 1688 sijam‚inquit‚
1184 1629 1266 1672 hoc
1289 1629 1536 1687 oportebat,
1561 1637 1611 1672 ut
1628 1627 1840 1672 damnatis
1864 1595 1869 1655 l

451 1713 539 1740 non
555 1698 784 1751 omnibus,
806 1698 912 1757 quid
936 1698 1140 1742 omnibus
1164 1697 1399 1742 deberetur
1416 1699 1684 1752 ostenderet,
1709 1707 1839 1757 atque

452 1768 507 1811 ita
524 1769 685 1825 gratius
698 1782 820 1810 suam
834 1768 1014 1823 gratiam
1028 1769 1137 1812 vasis
1157 1759 1461 1812 misericordiae
1483 1768 1808 1812 commendaret
1826 1788 1837 1825 3

451 1838 586 1879 curin
609 1837 760 1880 eadem
779 1852 906 1880 causa
921 1852 987 1880 me
1001 1852 1132 1896 quam
1151 1836 1274 1880 illum
1288 1838 1431 1895 potius
1442 1838 1611 1897 puniet,
1629 1837 1839 1882 autillum

451 1920 583 1964 quam
617 1921 686 1950 me
708 1907 851 1965 potius
884 1907 1128 1950 liberabit?
1155 1925 1174 1947 »
1208 1910 1299 1951 Hoc
1332 1924 1422 1951 non
1453 1908 1551 1952 dico
1584 1928 1592 1953 :
1623 1910 1655 1952 si
1683 1909 1840 1967 quaeris

451 1991 586 2034 quare
608 1997 619 2032 3
644 1977 744 2034 quia
767 1977 906 2020 fateor
928 1992 996 2020 me
1014 1993 1102 2021 non
1116 1978 1310 2022 invenire
1327 1977 1434 2037 quid
1453 1979 1610 2022 (licam.
1640 1980 1682 2024 Si
1701 1989 1743 2023 et
1758 1980 1839 2023 hoc
1866 1981 1871 2045 ᾗ

410 2092 412 2097 X
451 2045 606 2103 quaeris
629 2048 764 2104 quare
787 2066 798 2102 3
820 2047 921 2104 quia
951 2046 995 2088 in
1030 2047 1108 2090 hac
1132 2062 1177 2089 re
1201 2047 1313 2091 sicut
1329 2049 1445 2105 justa
1468 2057 1532 2092 est
1553 2049 1613 2092 ira
1637 2050 1729 2108 ejus
1749 2083 1759 2103 ,
1783 2049 1840 2092 si-
1867 2049 1872 2092 l

423 2118 527 2158 cut
552 2129 705 2172 magna
729 2125 794 2161 est
814 2115 1103 2160 misericordia
1129 2118 1220 2175 ejus
1241 2151 1251 2170 ,
1277 2118 1335 2161 ita
1364 2118 1659 2162 inscrutabilia
1675 2119 1838 2177 judicia
1868 2121 1873 2179 ᾖ

453 2198 559 2242 ejus.
1868 2212 1872 2234 1

511 2256 633 2297 ΧΙΧ.
652 2254 808 2299 Adhuc
822 2265 973 2314 pergat
992 2265 1034 2300 et
1052 2256 1167 2300 dicat
1194 2276 1203 2300 ;
1228 2275 1248 2299 «
1265 2260 1354 2302 Cur
1367 2257 1626 2317 quibusdam
1649 2259 1725 2318 qui
1738 2273 1837 2303 eum

453 2323 685 2368 coluerunt
704 2325 815 2369 bona
841 2324 951 2380 fide,
985 2340 1255 2384 perseverare
1273 2343 1410 2387 usque
1433 2328 1478 2370 in
1497 2329 1627 2371 finem
1651 2343 1740 2373 non
1762 2329 1840 2373 de-
1869 2377 1870 2380 Ἴ

455 2393 551 2437 dit?
573 2414 589 2435 t)
616 2397 705 2439 Cur
722 2404 870 2453 putas,
899 2396 980 2440 nisi
1002 2397 1104 2456 quia
1127 2412 1215 2441 non
1234 2398 1442 2442 mentitur
1464 2399 1540 2457 qui
1561 2397 1666 2443 dicit
1692 2418 1700 2443 ε
1730 2418 1749 2441 «
1775 2402 1838 2443 Ex
1880 2395 1881 2398 ¹

459 2482 479 2505 »
501 2465 625 2509 nobis
646 2466 857 2521 exierunt,
878 2468 951 2510 sed
974 2483 1062 2511 non
1080 2477 1202 2511 erant
1223 2483 1274 2511 ex
1301 2468 1424 2512 nobis
1445 2489 1457 2526 3
1480 2484 1580 2513 nam
1598 2470 1632 2514 si
1657 2469 1838 2514 fuissent
1870 2477 1874 2515 ἱ,

457 2552 477 2576 »
504 2550 554 2577 ex
575 2536 715 2590 nobis,
744 2538 997 2582 mansissent
1028 2538 1180 2599 utiquc
1211 2540 1439 2583 nobiscum
1461 2541 1476 2566 ³
1504 2541 1521 2581 ἲ
1554 2558 1574 2582 »
1610 2541 1835 2601 Numquid

505 2627 513 2641 ¹
537 2620 649 2651 11Ιῆ111]-
673 2632 727 2662 xx,
751 2621 785 2663 ¹4
805 2627 838 2653 ot
861 2622 911 2655 ls).
932 2630 996 2646 -2
1017 2625 1106 2656 Rom.
1128 2635 1175 2663 ιχ,
1197 2632 1249 2656 20.
1270 2641 1310 2646 —
1329 2623 1341 2647 3
1359 2627 1450 2658 Joan.
1469 2637 1509 2666 u,
1530 2632 1581 2663 19.
