1821 3264
267 295 411 323 OPEms
447 296 621 323 IMPERF·
658 292 821 322 couTnA
855 295 1024 324 sutum.
1061 297 1142 323 mn.
1177 298 1223 324 11.
1364 284 1446 324 395

64 362 148 407 tius
165 369 409 420 pervertere
422 360 615 404 instituta
631 359 804 418 jutitiae,
830 370 871 404 et
895 361 978 405 hoc
1007 361 1315 420 omnipotentis
1341 362 1444 416 Dei,

63 449 86 477 a
115 447 203 491 quo
225 431 294 476 vel
326 431 407 475 sub
437 446 526 490 quo
545 430 669 475 istam
700 445 873 489 poenam
905 432 995 475 sine
1020 431 1109 475 ullo
1133 432 1287 476 merito
1317 434 1448 476 innu-

64 501 343 547 merabilibus
360 502 558 546 omnium
582 501 807 545 hominum
832 501 1023 545 millibus
1040 536 1051 556 ,
1078 502 1159 546 lioc
1185 511 1270 556 est,
1295 503 1449 560 imagi-

64 588 170 618 num
189 573 281 627 Dei,
308 589 331 616 a
348 571 418 616 die
433 572 570 616 exitus
589 571 643 615 de
660 581 812 616 ventre
827 572 973 616 matris
991 587 1159 626 eorum,
1185 572 1326 616 dicitis
1347 573 1451 615 irro-

65 644 170 703 gari.
211 646 433 688 Postremo
470 657 695 702 nunquam
731 642 927 686 dicturus
951 657 1019 697 es,
1041 641 1160 686 unde
1188 643 1241 686 sit
1262 644 1447 702 justum,

65 722 114 758 ut
146 714 314 773 parvuli
350 712 470 757 nulla
513 728 618 767 sua,
664 712 784 757 nulla
818 712 1076 774 plerumque
1111 713 1239 756 etiam
1274 727 1449 756 suornm

65 783 208 843 culpa,
233 784 324 828 sine
347 785 604 843 baptismate
621 784 807 837 mortui,
824 799 845 826 a
869 784 1121 843 parentibus
1135 793 1178 827 et
1195 784 1452 843 propinquis

65 853 263 900 fidelibus
286 864 555 914 separentur,
580 863 623 900 et
651 854 706 898 ad
731 855 806 898 Dei
826 870 1008 913 regnum
1032 871 1117 900 non
1144 854 1448 909 admittantur,

66 942 145 971 nec
162 927 274 971 inter
289 943 387 971 vasa
414 925 526 971 facta
548 926 593 970 in
613 927 849 980 honorem,
871 926 979 971 sicut
1010 927 1079 970 alii
1113 925 1278 985 parvuli
1307 927 1453 985 bapti·

65 998 175 1054 zati,
201 998 274 1043 sed
306 1000 416 1044 inter
437 1014 535 1043 vasa
564 999 677 1043 facta
704 999 749 1042 in
777 997 1106 1053 contumeliam,
1128 998 1251 1057 (quia
1282 997 1452 1041 nullum

66 1078 128 1113 est
150 1069 329 1114 tertium
359 1085 494 1128 genus
523 1084 746 1124 vasorum,
768 1072 782 1126 )
805 1069 895 1112 sine
918 1068 1017 1112 ullis
1048 1068 1171 1112 malis
1194 1067 1354 1111 meritis
1376 1068 1454 1110 de-

67 1148 315 1199 putentur..
339 1140 545 1199 Displicet
579 1140 693 1183 enim
738 1139 954 1183 haereticae
993 1138 1237 1198 prudentiae
1279 1147 1451 1192 vestrae,

67 1210 187 1272 quod
210 1209 422 1255 catholica
446 1211 552 1255 fides
575 1211 728 1265 credit,
762 1220 1041 1270 posteaquam
1068 1210 1211 1253 ierunt
1233 1223 1381 1253 omnes
1404 1223 1455 1251 ex

68 1297 157 1326 uno
179 1283 223 1326 in
243 1283 655 1326 condemnationem
674 1317 684 1336 ,
706 1282 750 1325 in
773 1281 863 1325 aliis
887 1281 978 1324 fieri
1002 1279 1335 1324 misericordiam
1359 1294 1455 1338 gra-

71 1353 139 1396 tiee
156 1387 167 1407 ,
193 1352 238 1396 in
272 1352 364 1396 aliis
386 1352 600 1412 ‘iudicium
629 1352 820 1397 veritatis
846 1367 1046 1406 manere,
1077 1371 1096 1392 «
1123 1355 1205 1395 Per
1228 1350 1460 1408 investiga-

72 1442 91 1465 »
119 1423 225 1467 biles
255 1423 430 1468 Domini
462 1424 572 1479 vias,
609 1439 708 1483 quae
732 1423 944 1467 universae
967 1431 1069 1467 sunt
1100 1421 1391 1465 misericordia
1418 1430 1461 1464 et

76 1514 93 1537 υ
114 1496 312 1539 veritas¹.
343 1513 362 1536 »

129 1568 331 1611 CXVIII.
357 1567 585 1609 Jt-LiANts.
616 1582 635 1605 «
663 1562 715 1607 Id
736 1576 837 1621 ergo
859 1571 1018 1616 totum,
1044 1576 1121 1621 per
1142 1560 1261 1621 quod
1280 1561 1461 1605 stultitia

71 1636 293 1682 sordentes
325 1635 571 1695 decipiebas
605 1634 796 1687 animOS,
836 1643 907 1678 tua
937 1633 1208 1693 expositione
1239 1632 1463 1676 evanuisse

72 1705 353 1752 manifestum
374 1715 452 1750 est.
474 1724 495 1747 n

132 1781 424 1822 Aueusmms.
461 1775 685 1821 Evanuisti
701 1810 711 1830 ,
736 1774 811 1820 sed
829 1784 894 1829 tu,
921 1774 996 1834 qui
1015 1773 1162 1818 videre
1183 1772 1252 1817 vel
1268 1771 1465 1816 confiteri

11 1864 13 1866 ·
73 1864 161 1893 non
183 1850 246 1893 vis
269 1848 562 1892 remissionem
587 1855 867 1906 peccatorum
887 1845 1015 1889 etiam
1036 1843 1090 1888 ad
1113 1843 1208 1888 illos
1230 1842 1461 1902 pertinere,

74 1920 149 1980 qui
183 1935 321 1970 unum
358 1918 523 1963 habent
550 1937 558 1963 :
595 1917 649 1962 ad
679 1932 810 1977 quam
848 1914 1147 1960 medicinalem
1179 1915 1356 1972 gratiam
1376 1927 1464 1957 non

74 1991 296 2052 pertinent
317 1990 503 2051 parvuli,
529 1990 562 2034 si
580 1988 752 2034 nullum
775 1988 942 2032 habent
970 2007 978 2032 :
999 2002 1109 2048 quos
1125 1986 1257 2046 impie
1275 1984 1464 2042 necatis3

76 2065 179 2124 quia
196 2065 255 2107 eis
276 2063 532 2108 salvatorem
552 2061 731 2120 negatis.

138 2137 296 2180 CXIX.
325 2137 550 2178 ermus.
583 2151 602 2174 «
638 2134 748 2177 Nam
782 2146 881 2175 cum
915 2128 1147 2190 Apostolus
1184 2127 1463 2187 pronuntiat,

83 2226 101 2249 «
128 2207 274 2251 Gratia
295 2215 442 2250 autem
466 2220 517 2248 ex
547 2203 696 2248 multis
719 2201 888 2247 delictis
910 2202 953 2245 in
974 2201 1324 2260 justicationem²
1352 2217 1360 2242 ι
1385 2215 1404 2238 ))
1426 2205 1469 2240 et

80 2278 164 2321 hoc
188 2286 234 2320 tu
257 2275 362 2320 (licis
396 2276 439 2319 in
470 2273 659 2335 parvulis
693 2273 870 2333 quidem
906 2287 992 2315 non
1029 2286 1150 2330 posse
1177 2279 1401 2324 constare,
1423 2268 1469 2310 in

81 2347 165 2396 illis
188 2356 355 2402 autem,
381 2347 456 2407 qui
478 2347 567 2406 jam
591 2343 797 2404 perfectae
828 2344 964 2387 aetatis
999 2351 1116 2396 sunt,
1144 2340 1242 2385 solis
1263 2339 1362 2382 ideo
1384 2339 1469 2381 im-

82 2419 206 2479 pleri,
232 2420 333 2479 quia
357 2418 409 2462 ad
433 2433 571 2484 unum
594 2415 703 2460 illud
721 2416 801 2459 alia
825 2430 1002 2475 quoque
1032 2422 1152 2457 motu
1174 2412 1360 2471 propriae
1389 2424 1468 2454 vo-

82 2491 261 2535 luntatis
293 2489 565 2547 addiderint,
597 2487 816 2532 confiteris
839 2488 928 2530 sine
951 2486 1109 2537 dubio,
1143 2483 1353 2527 diversam
1380 2495 1470 2524 esse
1501 2540 1508 2546 ἱ

85 2563 378 2623 operationem
415 2561 563 2620 gratiae
598 2576 678 2619 pro
710 2559 957 2603 diversitate
997 2556 1278 2599 venientium.
1314 2557 1360 2597 In
1409 2554 1471 2596 his

135 2656 142 2669 ¹
166 2647 246 2679 Psal.
271 2658 359 2687 xxiv,
383 2658 432 2679 io¹
452 2663 489 2668 -Ν
509 2652 519 2666 2
548 2648 637 2676 Rom.
663 2655 689 2676 v„
720 2644 758 2675 16
