1821 3264
432 256 486 283 nn
517 255 632 282 nono
663 254 1030 285 PEnsEvERAN‘rIAE.
1340 238 1423 287 135'
1478 288 1489 296 ,

48 318 300 366 absurditati
342 318 680 363 auscultabimus
702 351 714 372 ,
761 335 847 377 qua
892 321 1052 365 dicitur
1078 320 1187 365 nihil
1220 321 1424 381 prodesse

47 390 247 448 cuiquam
271 388 382 433 mori
407 397 639 448 antequam
659 388 800 442 cadat,
825 389 925 448 quia
947 390 1189 435 secundum
1210 406 1282 436 eos
1304 402 1425 437 actus

42 459 329 523 judicabitur,
353 474 462 519 quos
492 474 592 502 eum
619 459 835 518 praescivit
860 463 974 503 Deus
998 470 1194 505 acturum
1234 462 1363 507 fuisse
1390 464 1425 508 si

45 531 217 577 viveret.
239 532 361 574 Hanc
378 530 701 589 perversitatem
723 530 895 574 sanitati
913 531 1014 573 fidei
1034 540 1120 574 tam
1143 532 1425 577 vehementer

45 600 261 646 adversam
281 635 292 655 ,
325 602 421 660 quis
448 601 662 660 patienter
697 601 843 644 audiat
865 603 884 644 P
904 601 1001 660 quis
1023 600 1132 645 ferat
1156 603 1174 645 Ρ
1196 604 1251 645 Et
1278 612 1424 647 tamen

42 671 123 715 hoc
144 670 287 714 dicere
309 680 520 729 urgentur
537 705 548 725 ,
581 670 656 729 qui
691 686 779 714 non
801 669 993 714 fatentur
1024 672 1205 730 gratiam
1230 672 1306 714 Dei
1335 687 1424 716 non

42 740 281 786 secundum
302 741 452 785 merita
475 749 618 785 nostra
650 739 759 784 dari.
780 741 865 794 Qui
901 750 1046 785 autem
1084 741 1244 785 nolunt
1280 740 1424 785 dicere

41 825 398 871 unumquemque
433 820 706 855 mortuorum
741 812 981 856 secundum
1015 827 1063 855 ea
1086 812 1297 872 judicari,
1323 828 1424 872 quae

39 884 151 926 Deus
172 880 297 925 illum
319 882 534 941 praescivit
557 891 756 926 acturum
780 880 910 926 fuisse
927 883 960 926 si
978 882 1143 926 viveret
1165 917 1176 936 ‚
1204 883 1423 927 intuentes

39 966 165 1012 quam
197 951 421 996 manifesta
444 952 630 996 falsitate
655 961 698 996 et
726 962 887 1011 quanta
923 952 1190 997 absurditate
1214 953 1385 997 dicatur
1409 974 1421 1011 3

38 1037 126 1067 non
148 1024 205 1067 eis
229 1032 422 1067 remanet
444 1037 521 1067 cur
540 1023 702 1077 dicant,
719 1023 839 1083 quod
856 1024 900 1067 in
922 1023 1162 1082 Pelagianis
1180 1023 1419 1080 damnavit,

36 1102 79 1137 et
107 1093 162 1137 ab
192 1093 286 1152 ipso
316 1093 491 1152 Pelagio
521 1094 717 1137 damnari
749 1093 851 1138 fecit
877 1093 1068 1138 Ecclesia
1088 1127 1097 1143 ‚
1131 1092 1311 1152 gratiam
1347 1094 1423 1137 Dei

36 1162 276 1208 secundnm
297 1164 450 1208 merita
469 1173 613 1208 nostra
633 1163 725 1208 dari
751 1183 759 1208 :
780 1179 880 1208 cum
903 1163 1078 1208 videant
1098 1163 1202 1207 alios
1219 1163 1423 1223 parvulos

36 1249 123 1278 non
139 1243 410 1292 regeneratos
425 1236 479 1279 ad
501 1244 707 1279 aeternam
730 1244 932 1289 mortem,
953 1233 1058 1278 alios
1082 1243 1226 1278 autem
1247 1249 1422 1292 regene-

37 1312 148 1348 ratos
170 1302 224 1348 ad
246 1312 452 1347 aeternam
475 1305 608 1348 vitam
638 1303 733 1348 tolli
756 1304 810 1348 de
829 1305 910 1348 hac
929 1304 1017 1347 vita
1040 1324 1051 1361 3
1074 1304 1276 1363 ipsosque
1300 1318 1422 1362 rege-

35 1382 221 1429 neratoS,
239 1373 343 1418 alios
365 1383 692 1434 perseverantes
714 1389 853 1433 usque
874 1375 919 1417 in
941 1375 1073 1419 finem
1096 1374 1198 1417 hinc
1218 1375 1296 1428 ire,
1316 1374 1421 1419 alios

35 1459 123 1504 quo
147 1459 286 1504 usque
312 1443 517 1488 decidant
546 1444 618 1488 hic
647 1444 810 1499 teneri,
839 1443 914 1503 qui
943 1443 1096 1502 utique
1123 1459 1212 1487 non
1234 1442 1422 1488 decidis-

33 1523 127 1558 sent
146 1548 157 1569 ,
193 1515 226 1558 si
262 1523 495 1574 antequam
528 1514 781 1558 laberentur
808 1514 910 1558 hinc
945 1514 1129 1557 exissent
1160 1533 1171 1570 3
1202 1521 1246 1556 et
1273 1528 1420 1558 rursus

33 1585 242 1645 quosdam
264 1585 404 1644 lapsos
421 1601 509 1645 quo
534 1601 672 1646 usque
693 1584 873 1629 redeant
894 1600 982 1629 non
1006 1584 1120 1628 exire
1135 1583 1190 1627 de
1212 1584 1292 1628 hac
1309 1584 1415 1641 vita,

33 1656 107 1716 qui
122 1657 274 1715 utique
290 1657 505 1715 perirent,
531 1657 563 1700 si
585 1665 818 1716 antequam
842 1655 1056 1709 redirent,
1077 1655 1257 1698 exirent.

38 1739 45 1748 ·
88 1728 296 1771 XXXIII.
317 1727 442 1771 Unde
470 1728 570 1771 satis
590 1727 780 1771 dilucide
803 1725 1048 1770 ostenditur
1067 1759 1077 1780 ‚
1099 1734 1142 1769 et
1163 1724 1414 1779 inchoandi,

33 1805 74 1841 et
85 1812 223 1857 usque
241 1798 283 1840 in
301 1798 433 1841 finem
450 1798 752 1856 perseverandi
772 1797 952 1855 gratiam
970 1797 1048 1840 Dei
1073 1811 1160 1839 non
1176 1795 1418 1840 secundum

34 1868 181 1912 merita
215 1877 358 1912 nostra
390 1867 481 1912 dari
508 1890 518 1926 3
554 1868 630 1912 sed
652 1868 745 1911 dari
768 1867 1007 1911 secundum
1035 1866 1169 1926 ipsius
1192 1866 1420 1910 secretissi-

31 1953 144 1982 mam
162 1974 173 1994 ,
207 1938 492 1999 eamdemque
514 1939 814 1999 justissimam,
841 1938 1197 1997 sapientissimam
1215 1972 1226 1992 ‚
1250 1936 1418 1980 benefi-

31 2009 317 2053 centissimam
349 2009 620 2053 voluntatem
643 2044 657 2063 ,
694 2009 901 2068 quoniam
934 2023 1042 2068 quos
1074 2006 1413 2067 praedestinavit,

29 2079 141 2139 ipsos
159 2089 202 2123 et
222 2080 393 2123 vocavit
413 2080 642 2123 vocatione
664 2078 759 2132 illa,
785 2079 840 2121 de
868 2094 953 2138 qua
972 2078 1138 2122 dictum
1162 2086 1225 2121 est
1245 2095 1287 2122 z«
1317 2077 1417 2121 Sine

33 2168 52 2190 »
71 2149 327 2209 poenitentia
346 2159 446 2194 sunt
470 2150 582 2194 dona
601 2159 644 2193 et
665 2150 835 2193 vocatio
853 2149 931 2193 Dei
949 2152 979 2192 ¹.
1009 2167 1029 2189 n
1048 2149 1115 2192 Ad
1138 2163 1269 2207 quam
1283 2162 1415 2192 voca-

31 2218 193 2263 tionem
218 2220 436 2278 pertinere
469 2227 584 2263 certa
609 2220 923 2263 asseveratione
950 2218 1162 2263 dicendus
1183 2254 1193 2273 ‚
1218 2218 1298 2261 nisi
1315 2232 1415 2262 cum

29 2288 83 2332 de
111 2290 195 2333 hoc
217 2289 379 2333 saeculo
406 2289 553 2333 exierit
577 2292 594 2315 ²
622 2308 630 2334 :
655 2289 699 2332 in
717 2289 798 2333 hac
820 2298 965 2333 autem
991 2289 1079 2333 vita
1102 2290 1291 2332 humana
1316 2303 1415 2347 quae

30 2361 210 2404 tentatio
239 2369 302 2404 est
328 2376 456 2420 super
486 2369 645 2404 terram
673 2362 706 2415 3,
733 2361 807 2420 qui
828 2358 1002 2403 videtur
1032 2368 1144 2403 stare
1164 2395 1173 2414 ,
1197 2358 1341 2403 videat
1359 2373 1415 2401 ne

29 2431 154 2474 cadat
176 2431 206 2473 4.
237 2429 343 2474 Ideo
358 2431 521 2490 quippe
542 2431 670 2487 (sicut
681 2430 769 2490 jam
787 2442 916 2488 supra
935 2430 1136 2485 diximus)
1158 2444 1246 2473 non
1270 2443 1415 2487 perse-

28 2501 218 2545 veraturi
232 2502 563 2560 perseveraturis
586 2501 958 2559 providentissima
982 2502 1056 2544 Dei
1075 2499 1299 2544 voluntate
1317 2498 1410 2543 mis-

75 2592 82 2606 ¹
103 2588 191 2617 Rom.
212 2597 249 2623 ιι,
270 2585 322 2618 30.
341 2603 380 2609 -
399 2592 409 2607 ²
429 2587 475 2617 Id.
493 2597 526 2627 11,
548 2595 601 2627 29.
620 2604 655 2609 -—
676 2584 688 2608 3
707 2586 781 2625 Job,
801 2597 853 2621 vn,
881 2598 904 2615 ι.
928 2597 965 2608 ο·-
982 2584 995 2610 6
1027 2595 1036 2613 ι
1061 2587 1130 2617 Cor.
1154 2588 1273 2621 1v‚12.
