1884 3285
433 246 512 284 148
856 255 888 279 s.
925 252 1153 280 Ancus'l'lm
1186 250 1368 279 131>1sc01>1

430 320 655 365 tradieitur
672 325 714 360 et
731 317 1140 376 martyriCypriano
1160 315 1319 360 dicenti
1338 333 1347 359 ι
1370 333 1388 356 «
1411 316 1463 357 ln
1476 311 1599 356 nullo
1616 313 1804 372 glorian·
1850 306 1853 312 ¹

432 389 564 440 dum,
601 385 779 447 quando
801 395 994 430 nostrum
1031 385 1140 430 nihil
1168 386 1261 429 sit1.
1301 403 1320 425 »
1358 386 1471 428 Cum
1498 383 1613 437 haec,
1649 392 1692 426 et
1724 384 1806 427 alia
1851 374 1855 415 ἶ

429 457 565 502 multa
587 472 686 516 quae
707 457 825 515 piget
858 465 1078 515 repetere,
1113 455 1373 510 dixerimus3
1408 462 1537 512 atque
1565 453 1807 497 ostenderi-
1852 448 1855 499 ’ἶ

426 543 522 572 mus
538 562 548 581 ,
574 536 617 570 et
636 527 806 570 initium
828 526 926 570 fidei
946 561 956 580 ,
982 535 1024 570 et
1046 541 1181 585 usque
1205 526 1248 568 in
1267 526 1395 569 finem
1421 525 1778 583 perseverantiam
1793 559 1804 579 ,

428 599 500 642 Dei
527 598 641 642 dona
664 613 782 654 essez,
810 612 888 641 nec
911 595 997 640 ulla
1032 612 1108 640 sua
1129 595 1277 640 futura
1305 594 1418 639 dona
1436 629 1446 648 ,
1477 603 1520 638 et
1542 610 1640 654 quae
1665 594 1808 639 danda

426 677 593 722 essent,
621 677 664 712 et
686 668 846 728 quibus
877 666 1020 710 danda
1042 675 1210 721 essent,
1238 669 1374 710 Deum
1398 680 1486 709 non
1508 665 1707 724 praescire
1730 680 1810 724 po·

425 739 555 782 tuisse
574 758 584 793 3
608 753 655 781 ac
673 753 749 796 per
771 738 853 781 hoc
879 736 1205 796 praedestinatos
1224 737 1278 780 ab
1303 735 1376 781 illo
1396 751 1508 790 esse,
1529 750 1639 795 quos
1658 735 1812 779 liberat
1858 750 1861 774 t

427 816 468 851 et
497 816 677 852 coronat
711 825 720 851 2
758 805 1111 866 respondendum
1149 815 1328 865 putant,
1373 825 1392 847 «
1424 805 1812 864 praedestinationis

427 877 723 921 definitionem
753 877 938 921 utilitate
970 876 1285 937 praedicationis
1314 877 1568 932 adversum,
1609 891 1660 921 eo
1693 874 1813 935 quod
1860 873 1863 889 ⁵

431 948 510 991 hac
546 947 716 1002 audita',
743 963 871 992 nemo
892 948 1025 1007 possit
1049 947 1330 1007 correptionis
1364 947 1547 991 stimulis
1572 946 1762 991 excitari.
1788 963 1809 987 »
1861 946 1864 978 ἓ

430 1019 532 1060 Haec
550 1017 742 1061 dicentes
761 1017 918 1061 nolunt
939 1037 957 1058 «
976 1017 1225 1061 hominibus
1244 1016 1469 1076 praedicari
1486 1016 1601 1060 dona
1620 1016 1692 1059 Dei
1706 1030 1812 1068 esse,

430 1096 480 1130 ut
504 1087 702 1131 veniatur
731 1087 785 1130 ad
816 1086 968 1141 fidem,
1000 1096 1042 1130 et
1076 1095 1380 1145 permaneatur
1408 1086 1452 1128 in
1482 1085 1600 1140 fide,
1630 1100 1682 1128 ne
1719 1084 1816 1143 plus
1863 1135 1884 1138 ,Α

430 1155 670 1214 desperatio
690 1157 707 1180 ²
734 1171 865 1215 quam
900 1156 1139 1199 exhortatio
1177 1156 1373 1199 videatur
1400 1155 1544 1198 afferri
1564 1189 1575 1208 ‚
1606 1154 1713 1198 dum
1742 1169 1816 1198 co-
1864 1141 1884 1179 ¹:

432 1226 569 1283 gitant
606 1226 681 1284 qui
710 1225 917 1279 audiunt,
957 1226 1173 1270 incertum
1207 1240 1295 1270 esse
1326 1226 1530 1269 humanae
1563 1225 1817 1283 ignorantiae

431 1295 500 1338 cui
532 1296 738 1352 largiatur
761 1299 873 1339 Deus
891 1330 902 1350 ,
937 1297 1006 1339 cui
1032 1311 1122 1340 non
1150 1297 1357 1355 largiatur
1385 1297 1479 1340 haec
1505 1296 1635 1339 dona.
1673 1314 1692 1336 »
1728 1297 1819 1340 Cur

433 1379 534 1422 ergo
563 1374 606 1408 et
636 1365 716 1424 ipsi
747 1365 975 1409 nobiscum
1006 1366 1269 1424 praedicant,
1303 1365 1418 1410 dona
1441 1366 1517 1409 Dei
1538 1380 1627 1409 esse
1647 1366 1816 1424 sapien-

431 1434 532 1477 tiam
564 1444 607 1478 et
636 1436 980 1480 continentiam?
1012 1436 1141 1488 Quod
1173 1437 1206 1479 si
1235 1437 1328 1480 haec
1360 1451 1461 1480 cum
1492 1436 1567 1479 Dei
1591 1435 1705 1480 dona
1728 1450 1818 1479 esse

433 1504 749 1562 praedicantur,
781 1521 871 1549 non
906 1505 1144 1564 impeditur
1168 1506 1358 1550 hortatio
1385 1522 1472 1565 qua
1494 1506 1690 1550 homines
1713 1505 1815 1550 hor-

435 1582 579 1618 tamur
608 1590 696 1619 esse
725 1576 936 1634 sapientes
964 1586 1006 1620 et
1033 1577 1331 1634 continentes,
1361 1593 1460 1636 quae
1487 1577 1663 1621 tandem
1692 1591 1818 1621 causa

436 1654 524 1699 est,
544 1654 592 1689 ut
614 1646 855 1690 existiment
872 1647 1071 1706 impediri
1101 1649 1443 1692 exhortationem
1465 1683 1476 1703 ,
1507 1664 1592 1707 qua
1616 1648 1818 1691 exhorta·

434 1729 531 1757 mur
551 1715 747 1759 homines
769 1716 914 1760 venire
939 1716 992 1760 ad
1020 1716 1175 1772 fidem,
1202 1727 1245 1761 et
1261 1718 1304 1761 in
1330 1734 1377 1761 ea
1400 1733 1653 1776 permanere
1681 1733 1818 1777 usque

433 1783 477 1826 in
498 1784 630 1828 finem
647 1819 657 1839 ,
680 1786 714 1829 si
741 1795 783 1829 et
814 1787 905 1829 haec
927 1786 1042 1830 dona
1068 1787 1142 1830 Dei
1161 1792 1251 1831 esse
1272 1787 1497 1843 dicantur,
1527 1787 1647 1847 quod
1671 1789 1818 1847 Scrip-

436 1854 539 1897 turis
562 1856 651 1913 ejus
669 1856 848 1899 testibus
863 1857 1202 1915 comprobatur?

492 1926 649 1968 XLIV.
686 1928 798 1970 Ecce
814 1961 825 1981 ,
848 1935 899 1970 ut
915 1926 969 1970 de
987 1928 1254 1972 continentia
1272 1937 1490 1973 taceamus
1502 1963 1512 1982 ‚
1533 1938 1577 1972 et
1594 1929 1648 1972 de
1665 1927 1754 1973 sola
1773 1929 1818 1972 in

437 1994 519 2037 hoc
542 1993 639 2038 loco
668 1996 873 2053 sapientia
903 1996 1198 2054 disputemus:
1223 2013 1380 2057 nempe
1402 2014 1530 2057 supra
1555 2008 1818 2043 memoratus

436 2064 656 2122 apostolus
679 2066 867 2109 Jacobus
896 2066 1000 2110 dicit
1021 2086 1028 2110 :
1059 2086 1078 2109 «
1100 2070 1208 2120 Quae
1224 2068 1279 2112 de
1301 2084 1470 2112 sursum
1496 2078 1560 2112 est
1582 2069 1814 2128 sapientia,
1876 2067 1878 2113 ἰ

440 2151 458 2173 »
485 2134 673 2191 primum
697 2135 874 2194 quidem
897 2136 1056 2194 pudica
1079 2147 1165 2191 est,
1190 2138 1348 2183 deinde
1369 2139 1568 2198 pacifica,
1597 2139 1786 2183 modesta
1803 2174 1814 2192 ‚
1877 2147 1880 2196 ξ

439 2221 458 2243 »
484 2203 728 2259 suadibilis,
756 2205 882 2264 plena
904 2207 1194 2251 misericordia
1225 2218 1267 2253 et
1289 2208 1504 2254 fructibus
1527 2210 1676 2265 bonis,
1711 2210 1820 2254 inae-
1877 2202 1880 2226 ³

437 2291 456 2313 »
483 2273 728 2329 stimabilis,
749 2276 839 2319 sine
867 2277 1182 2322 simulatione3.
1210 2297 1229 2319 »
1253 2280 1542 2334 Cernitis-ne,
1567 2280 1766 2335 obsecro,
1793 2295 1816 2324 a

434 2345 559 2386 Patre
580 2343 795 2388 luminum
820 2347 1026 2404 sapientia
1046 2363 1178 2407 quam
1197 2348 1342 2392 multis
1359 2358 1402 2392 et
1421 2350 1583 2407 magnis
1602 2350 1726 2394 bonis
1748 2365 1816 2393 re-

428 2410 537 2456 ferta
562 2414 821 2459 descendat?
849 2434 867 2456 «
897 2417 1038 2459 Omne
1065 2418 1226 2476 quippe
1253 2419 1405 2462 datum
1429 2421 1640 2477 optimum
1660 2455 1670 2475 ,
1706 2420 1816 2464 sicut

474 2521 480 2535 ¹
502 2515 646 2556 Cyprian.
671 2516 726 2547 lib.
745 2528 780 2548 ιιι
799 2518 837 2549 ad
857 2518 968 2555 Quirit.
986 2530 1058 2561 cap.
1082 2519 1110 2560 4
1130 2536 1170 2542 —-
1187 2526 1198 2541 ²
1221 2520 1324 2552 For-ce
1342 2521 1571 2563 desperationis
1587 2533 1678 2564 quain
1696 2523 1815 2554 exhor-

427 2569 560 2600 ationis.
585 2588 619 2593 —
639 2569 650 2591 3
672 2571 788 2603 Jacob.
811 2583 855 2613 in,
877 2584 928 2613 17·
