1821 3264
236 318 382 345 omzms
414 317 590 344 IMPERF.
625 315 789 346 CONTRA
816 315 986 345 summ.
1023 318 1105 344 ΜΒ.
1143 318 1191 345 11.
1327 305 1410 345 345

31 382 76 426 in
92 390 285 441 posteros
307 381 436 425 fuisse
461 381 773 426 transmissum.
798 384 932 441 Supra
957 397 1225 426 concesseras
1250 382 1412 441 magis-

30 463 145 496 trum
179 452 374 510 gentium
412 452 584 511 nuptias
602 487 613 505 ,
636 452 797 511 quibus
818 455 929 495 Deus
958 452 1238 496 benedixerat
1257 487 1268 507 ‚
1303 452 1412 497 nihil

31 538 229 568 accusare
242 544 253 580 3
266 522 535 568 voluntatem
553 522 608 566 ad
627 524 896 581 peccandum
910 523 955 566 in
969 532 1170 567 nascente
1193 539 1281 568 non
1303 539 1408 578 esse,

31 603 230 654 parentes
248 603 410 648 autem,
429 595 473 637 in
486 602 700 653 quantum
717 602 914 652 parentes
930 602 1047 648 sunt,
1071 592 1187 637 licite
1208 594 1287 637 sibi
1307 594 1414 652 legi—

29 665 221 723 timeque
254 665 308 708 ad
336 663 626 723 procreandos
649 664 758 708 filios
782 665 1004 724 conjugari
1030 683 1038 708 :
1062 672 1104 707 et
1125 662 1247 708 addis
1268 663 1411 719 iflico,

31 734 152 794 quasi
173 733 390 779 dormiens
411 736 554 795 priora
572 734 748 778 dixisses
769 769 780 789 ‚
800 734 966 778 crimen
988 734 1042 778 ad
1066 743 1258 793 posteros
1283 750 1415 793 gene-

31 805 196 849 ratione
218 805 465 849 transmitti.
493 805 536 850 Si
556 804 671 848 enim
694 804 739 848 in
761 813 933 849 tantum
957 814 1180 864 generant,
1207 806 1251 849 in
1271 821 1415 866 quan-

29 886 123 921 tum
161 885 359 935 parentes
390 885 491 920 sunt
519 897 530 933 3
555 876 600 920 in
628 885 844 935 quantum
877 885 1023 920 autem
1056 886 1256 935 parentes
1289 886 1411 931 sunt,

29 946 145 992 licite
180 947 263 991 sibi
289 955 332 991 et
367 946 559 1006 legitime
585 948 834 1006 junguntur
864 957 940 1003 3et
963 947 1057 991 haec
1087 948 1337 1006 conjunctio
1361 948 1416 992 ab

28 1016 238 1076 Apostolo
258 1032 347 1062 non
364 1017 764 1077 improbatur,quia
781 1033 804 1061 a
823 1020 911 1061 Deo
932 1033 1021 1062 non
1038 1017 1177 1061 solum
1200 1019 1414 1073 instituta,

27 1103 181 1133 verum
197 1087 328 1132 etiam
344 1088 572 1133 benedicta
591 1098 652 1132 est
669 1110 680 1146 3
700 1104 788 1149 quo
808 1103 898 1143 ore,
922 1104 1009 1149 qua
1024 1088 1136 1147 lege,
1154 1103 1241 1148 qua
1254 1088 1415 1145 fronte,

29 1159 143 1203 hanc
168 1159 494 1217 generationem
533 1168 675 1203 reatus
707 1173 908 1214 causam,
941 1159 1129 1204 radicem
1165 1160 1415 1216 criminum,

30 1243 197 1274 servam
217 1228 396 1284 diaboli,
418 1245 507 1274 esse
531 1230 761 1274 confirmas
781 1231 799 1273 Ξ)
820 1248 840 1270 »

90 1302 381 1344 AUGLsTINUS.
418 1303 515 1344 Jam
544 1301 688 1344 nescio
716 1300 884 1359 quoties
903 1301 995 1344 haec
1028 1300 1143 1345 dicta
1176 1310 1304 1355 sunt,
1342 1301 1422 1344 eis-

32 1387 118 1432 que
140 1385 395 1430 responsum
422 1380 499 1416 est.
532 1371 812 1431 Multiloquio
850 1372 929 1415 tibi
967 1373 1122 1416 excitas
1155 1372 1382 1431 caliginem
1406 1407 1418 1428 ‚

32 1457 132 1501 quae
155 1450 196 1485 te
206 1455 297 1485 non
319 1440 530 1500 permittit
548 1440 755 1485 malitiam
771 1442 977 1487 vitiorum
1000 1458 1023 1486 a
1038 1452 1205 1486 naturae
1227 1443 1422 1487 bonitate

33 1510 275 1556 discernere
306 1530 314 1555 :
352 1520 396 1555 et
419 1526 557 1570 usque
587 1512 643 1555 ad
668 1511 865 1556 odiosum
901 1512 1125 1556 fastidium
1162 1514 1314 1557 eadem
1344 1528 1422 1572 per

33 1582 184 1626 eadem
206 1591 420 1641 repetens,
446 1581 646 1627 nondum
662 1582 769 1627 dicis
784 1583 1007 1643 quomodo
1024 1584 1078 1627 sit
1099 1582 1418 1643 accipiendum,

33 1652 154 1712 quod
170 1668 246 1712 per
261 1668 399 1697 unum
430 1653 651 1697 hominem
677 1662 906 1712 peccatum
925 1653 1104 1698 intravit
1118 1655 1164 1698 in
1185 1655 1419 1698 mundum.

93 1725 227 1767 XLV.
254 1726 274 1768 J
288 1741 482 1768 wLiANrs.
508 1743 527 1765 «
551 1726 649 1768 Non
664 1739 767 1781 ergo
783 1725 904 1782 argui
918 1733 1110 1768 meretur
1124 1725 1179 1768 ab
1194 1725 1421 1784 Apostolo,

36 1803 79 1838 et
101 1810 125 1839 a
148 1794 322 1839 diabolo
354 1795 598 1854 possidetur
623 1816 634 1852 3
660 1811 681 1838 a
707 1798 797 1839 Deo
832 1795 1074 1839 instituitur
1091 1830 1103 1849 ,
1129 1805 1172 1839 et
1193 1796 1425 1840 criminum

36 1865 133 1910 fons
154 1875 216 1910 est
237 1886 248 1922 3
273 1881 296 1910 a
319 1869 409 1910 Deo
426 1875 645 1925 postremo
661 1901 671 1920 ‚
692 1875 741 1909 ut
763 1867 982 1910 confiteris
996 1902 1006 1922 ,
1032 1866 1322 1922 benedicitur,
1338 1876 1380 1911 et
1401 1882 1425 1910 a

37 1945 79 1980 te
96 1935 240 1981 frutex
261 1936 502 1981 diabolicus
525 1945 801 1981 accusatur.»

97 2009 391 2051 Aucusrmcs.
428 2007 613 2066 Nuptias
636 2007 857 2051 benedixit
880 2009 993 2051 Deus
1014 2042 1025 2063 ‚
1051 2022 1140 2052 non
1157 2008 1428 2052 resistentem

38 2077 209 2136 spiritui
231 2078 630 2137 concupiscentiam
654 2079 793 2122 carnis
815 2113 826 2133 ,
858 2094 958 2138 quae
975 2094 1069 2123 non
1092 2078 1176 2123 fuit
1206 2089 1307 2123 ante
1327 2095 1430 2138 pec-

38 2157 185 2192 catum
212 2168 220 2193 :
248 2158 476 2208 peccatum
493 2159 657 2204 autem,
674 2149 786 2194 sicut
803 2164 884 2193 nec
898 2149 1015 2193 illam
1032 2150 1426 2209 concupiscentiam

38 2229 138 2272 quae
162 2215 319 2258 resistit
339 2215 508 2274 spiritui
529 2249 539 2269 ,
561 2230 650 2258 non
675 2214 896 2258 benedixit
919 2217 1047 2259 Deus.
1073 2215 1248 2274 Nuptiae
1270 2231 1399 2274 porro
1416 2250 1427 2270 ‚

39 2299 147 2344 quas
171 2284 416 2338 benedixit,
441 2285 475 2329 si
499 2296 726 2345 peccatum
752 2301 841 2330 non
868 2285 1020 2330 fuisset
1046 2285 1279 2330 admissum
1302 2321 1312 2340 ,
1343 2302 1432 2346 quo

41 2364 197 2400 natura
220 2356 369 2400 vitiata
389 2366 473 2409 est,
501 2367 576 2400 aut
596 2358 657 2401 sic
679 2366 907 2400 uterentur
929 2357 1190 2415 genitalibus
1208 2359 1428 2413 membris,

42 2424 413 2485 quemadmodum
432 2427 523 2471 aliis
547 2427 712 2472 utimur
732 2463 742 2482 ,
764 2427 855 2473 sine
877 2426 964 2471 ulla
984 2427 1167 2472 libidine
1190 2428 1434 2472 obedienti-

45 2496 127 2539 bus
149 2495 392 2554 voluntati3
414 2506 488 2542 aut
510 2498 715 2556 pudenda
733 2499 793 2542 ibi
807 2498 942 2542 libido
965 2513 1053 2542 non
1076 2507 1200 2553 esset,
1225 2498 1433 2557 quoniam
1469 2555 1475 2560 -

44 2581 272 2625 nunquam
304 2568 517 2612 resisteret
545 2567 788 2623 voluntati,
825 2568 964 2628 qualis
996 2583 1114 2612 nunc
1155 2570 1308 2629 utique
1344 2584 1434 2614 non

46 2645 109 2681 est
134 2655 143 2682 2
171 2637 292 2697 quod
315 2637 514 2697 profecto
536 2639 668 2684 etiam
692 2649 740 2685 tu
762 2640 893 2685 sentis
913 2674 924 2696 ‚
950 2639 1128 2700 quando
1154 2640 1209 2684 ab
1237 2655 1287 2685 ea
1313 2640 1433 2685 solli-
