1884 3285
422 335 504 373 406
859 342 890 369 s,
926 342 1156 369 AUGUSTIRI
1190 341 1370 369 »nuscum
1851 361 1853 370 ,
1882 373 1884 395 1

420 410 574 466 terius;
618 408 719 468 quia
754 422 806 451 ex
837 407 902 450 his
938 406 1040 465 ipsis
1074 407 1149 465 qui
1187 405 1443 465 generaliter
1479 403 1726 448 moriuntur
1755 406 1801 452 in
1846 388 1884 480 {ss

417 480 555 525 Adam
570 514 580 534 ‚
606 494 716 537 quos
739 477 833 521 vult
862 477 1054 522 vivificat
1076 477 1288 521 Christus.
1321 478 1419 521 Non
1442 490 1544 532 ergo
1567 473 1647 517 tibi
1677 474 1804 519 vide-2
1852 465 1857 485 ⁸

415 552 583 596 buntur
600 551 713 593 inter
726 564 771 593 se
783 549 863 592 ista
878 547 1108 603 contraria,
1123 547 1261 592 sinon
1276 547 1330 591 sis
1344 546 1425 591 tibi
1440 545 1530 605 ipse
1542 545 1801 590 contrarius..⁴
1840 562 1851 580 »τ
1867 589 1884 617 R

473 622 717 666 CXXXVI.
754 622 981 663 Juumns.
1012 636 1032 660 «
1058 619 1222 662 Verum
1240 627 1289 661 ut
1307 617 1377 661 hic
1396 630 1573 675 quoque
1586 623 1802 674 quantum
1833 597 1847 707 ἱ.
1869 655 1884 692 2⁴

414 692 666 736 muniamur
696 689 892 734 advertas
921 708 930 734 :
964 704 988 732 a
1018 687 1115 733 ioco
1147 687 1399 732 medicantis
1431 687 1579 731 locum
1611 684 1804 744 intellige
1834 717 1839 751 Ι
1871 718 1884 759 4(

412 762 695 807 vulnerantis.
719 761 762 805 Si
781 761 978 805 Christus
999 759 1179 804 salvavit
1196 760 1439 813 universos,
1467 756 1605 801 Adam
1627 770 1804 816 quoque
1835 779 1840 812 3
1869 742 1879 761 ⁹

411 833 624 877 universis
640 831 839 876 nocuisse
861 832 1066 889 fingatur.
1095 848 1116 871 »
1835 814 1846 890 ι

469 908 762 947 Αι-αῑετηπε.
797 901 1024 961 Numquid
1058 901 1157 944 ideo
1188 915 1278 944 non
1309 899 1546 943 mittuntur
1579 911 1730 941 omnes
1759 900 1805 942 in‘
1836 934 1842 949 ,

411 973 739 1018 damnationem
759 987 837 1030 per
858 970 1020 1025 Adam,
1041 971 1248 1030 quoniam
1272 984 1381 1029 quos
1398 967 1494 1012 vult
1513 968 1568 1011 ab
1588 968 1670 1011 hac
1687 966 1808 1010 dam·
1837 954 1843 1043 Ι

412 1044 587 1088 natione
619 1042 776 1092 liberat
799 1041 1028 1086 Christus?
1062 1041 1147 1093 Qui
1184 1049 1414 1099 propterea
1442 1053 1592 1082 omnes
1620 1037 1808 1081 liberare
1838 1046 1844 1074 l

411 1113 553 1158 dictus
575 1122 639 1157 est
667 1112 799 1156 etiam
828 1112 919 1169 ipse
936 1113 947 1136 ¹
965 1145 975 1164 ‚
1007 1110 1217 1169 quoniam
1251 1124 1340 1153 non
1361 1108 1518 1152 liberat
1539 1118 1806 1167 quemquam

410 1185 491 1228 nisi
522 1185 613 1242 ipse
647 1203 656 1226 :
683 1183 796 1226 sicut
818 1181 959 1225 dictus
986 1190 1049 1224 est
1079 1179 1326 1223 illuminare
1353 1194 1528 1223 omnem
1555 1177 1802 1232 hominem,

409 1256 513 1314 quia
534 1267 664 1298 nemo
687 1267 954 1313 quemquam
976 1250 1244 1305 illuminat²‚
1266 1251 1299 1294 si
1317 1265 1407 1293 non
1428 1249 1535 1308 ipse.

467 1326 735 1370 CXXXVII.
772 1327 795 1367 J
803 1339 1002 1367 omanus.
1033 1341 1053 1364 «
1081 1322 1124 1367 Si
1147 1322 1345 1366 Christus
1365 1320 1550 1364 mutavit
1567 1318 1711 1364 officia
1734 1333 1810 1377 ge-

409 1396 630 1447 nitalium,
658 1395 797 1440 Adam
825 1410 874 1438 ea
902 1394 1159 1453 pervertisse
1184 1393 1388 1437 credatur
1413 1411 1422 1436 ;
1448 1392 1482 1435 si
1503 1390 1702 1436 Christus
1726 1389 1809 1433 ali-

409 1467 517 1527 quid
539 1467 723 1510 correxit
740 1466 787 1509 in
808 1465 1004 1508 sensibus
1024 1463 1186 1518 carnis,
1208 1463 1444 1507 aestimetur
1459 1476 1532 1505 eos
1554 1459 1662 1505 Adae
1679 1459 1810 1519 culpa

408 1548 606 1597 turpasse
629 1556 638 1582 :
659 1537 693 1581 si
714 1536 912 1581 Christus
931 1534 1035 1578 fecit
1052 1535 1316 1578 medicinam
1334 1534 1396 1577 ire
1414 1548 1489 1593 per
1505 1531 1808 1591 propaginem,

411 1610 582 1654 dicatur
604 1607 744 1653 Adam
767 1622 844 1667 per
868 1608 1191 1665 generationem
1215 1605 1498 1649 transmisisse
1519 1603 1748 1648 delictum.

471 1684 765 1724 Avensa-mus.
803 1680 899 1721 Jam
922 1678 975 1720 ad
994 1678 1074 1721 ista
1096 1691 1350 1736 responsum
1374 1685 1438 1719 est
1459 1695 1467 1718 :
1492 1675 1568 1718 sed
1585 1674 1689 1718 audi
1711 1673 1811 1717 bre-

410 1751 521 1794 viter
540 1750 668 1793 etiam
692 1763 825 1791 nunc.
851 1747 894 1792 Si
910 1747 1179 1791 Christianus
1201 1745 1441 1790 catholicus
1457 1760 1568 1789 esses
1584 1779 1594 1799 ,
1621 1758 1807 1803 appare-

411 1831 476 1865 ret
501 1821 607 1875 tibi,
639 1829 682 1864 et
715 1822 857 1864 Adam
891 1817 1101 1862 delictum
1130 1817 1379 1876 generando
1412 1816 1734 1871 transmittens,
1768 1824 1813 1859 et

411 1892 609 1937 Christus
632 1889 928 1949 regenerando
945 1888 1184 1933 dimittens.
1207 1889 1450 1934 Carnaliter
1470 1895 1616 1931 autem
1633 1895 1812 1944 generat

414 1962 553 2008 Adam
570 1997 581 2017 ‚
607 1960 856 2021 spiritaliter
877 1970 1105 2018 regenerat
1127 1961 1339 2006 Christus.
1365 1958 1464 2006 Noli
1485 1973 1587 2016 ergo
1613 1971 1811 2017 quaerere

413 2036 458 2078 in
491 2044 679 2094 utroque
712 2031 1001 2093 propaginem
1029 2033 1194 2087 carnis,
1230 2048 1363 2092 quarn
1398 2030 1682 2091 propaginem
1724 2043 1813 2073 non

412 2106 628 2165 pertinere
651 2104 706 2149 ad
728 2102 1106 2163 regenerationem
1120 2103 1355 2163 spiritalem
1370 2138 1380 2157 ‚
1399 2102 1434 2146 si
1453 2116 1543 2145 non
1562 2098 1809 2154 contendis,

417 2176 621 2221 attendis.
658 2178 821 2221 Contra
855 2176 1156 2221 infirmitatem
1189 2189 1291 2218 vero
1321 2173 1483 2226 carnis,
1517 2185 1624 2216 num
1654 2170 1815 2215 Christi

416 2247 553 2306 gratia
575 2257 794 2290 certamen
818 2249 1006 2293 instituit
1028 2268 1039 2303 ς
1063 2255 1213 2306 postea
1231 2251 1320 2301 ejus
1337 2243 1534 2303 perficiet
1555 2242 1782 2287 sanitatem
1800 2259 1811 2285 ;

420 2320 544 2379 cujus
575 2318 768 2362 sanitatis
797 2318 960 2363 futurae
985 2329 1116 2378 atque
1140 2326 1364 2376 perpetuae
1387 2329 1505 2358 nunc
1527 2313 1688 2373 pignus
1714 2311 1814 2371 Spi-

421 2390 555 2434 ritum
588 2398 789 2433 sanctum·
821 2390 969 2443 dedit,
1004 2405 1079 2448 per
1107 2403 1238 2447 quem
1278 2385 1542 2430 diffunditur
1579 2384 1625 2427 in
1658 2382 1814 2427 nostris

422 2459 629 2505 cordibus
649 2459 886 2514 charitas⁴‚
911 2468 961 2504 ut
978 2475 1056 2504 nos
1077 2458 1132 2503 ad
1155 2471 1339 2516 agonem
1360 2455 1534 2500 interim
1552 2452 1699 2498 relicta
1720 2468 1815 2497 car-

423 2532 489 2576 nis
512 2542 598 2576 non
616 2532 762 2576 vincat
780 2531 1022 2575 infirmitas.

471 2637 482 2653 ¹
517 2631 601 2664 Beda
630 2637 663 2664 et
683 2628 815 2673 Florus,
837 2632 878 2665 ad
895 2633 986 2665 Rom.
1007 2638 1038 2663 v.
1060 2647 1099 2653 -
1117 2637 1128 2652 ²
1148 2630 1239 2662 Joan.
1265 2638 1277 2660 ῐ
1293 2651 1300 2663 ,
1331 2639 1363 2669 9.
1382 2643 1422 2649 —-
1444 2624 1456 2648 3
1479 2635 1498 2657 2
1523 2623 1598 2657 Cor.
1620 2634 1668 2662 vr,
1701 2626 1756 2656 22.
1771 2639 1813 2646 —

426 2686 442 2716 4
457 2689 548 2719 Rom.
568 2698 602 2724 v,
627 2688 657 2719 5.
