1884 3285
1845 0 1877 181 a

1848 135 1851 167 Ι

437 246 520 284 366
878 253 912 282 s.
948 256 1178 283 Amissa-im
1212 256 1392 282 EPlscoPl
1848 199 1853 285 i

434 335 566 379 quem
597 327 774 378 generat
795 334 925 364 carne
941 354 951 374 ,
980 330 1146 364 reatum
1166 329 1310 364 tamen
1335 319 1489 379 trajicit
1511 320 1709 378 originis,
1730 335 1817 380 quo
1864 307 1879 374 ὲ

432 390 656 436 absolutus
675 399 737 435 est
752 390 858 449 ipse.
879 393 1103 435 Postremo
1117 391 1162 434 in
1178 394 1291 450 Lege
1310 390 1494 449 scriptus
1513 399 1578 434 est
1601 389 1815 436 Psalmus;
1864 391 1879 436 ἐι,

436 480 456 504 «
487 463 581 519 Ego
624 461 668 505 in
707 461 1011 522 iniquitatibus
1049 471 1284 522 conceptus
1322 476 1416 506 sum
1442 496 1452 516 ,
1480 470 1524 505 et
1553 462 1598 505 in
1634 461 1819 520 peccatis
1870 470 1880 514 ,u

435 549 455 571 »
491 539 628 575 mater
663 546 757 575 mea
777 530 824 575 in
850 541 976 576 utero
1008 547 1076 576 me
1097 532 1204 577 aluit
1240 535 1270 575 ¹.
1308 550 1328 573 »
1355 529 1484 584 Quod
1505 530 1697 575 videritis
1718 545 1819 590 pro·
1851 522 1879 599 §.a

431 600 564 656 fecto,
590 617 672 647 nec
703 602 920 647 auderetis
945 601 1109 662 aliquid
1131 602 1427 648 contradicere
1446 637 1457 657 ,
1479 602 1514 646 si
1535 602 1755 661 Cypriano
1777 611 1820 647 et
1852 603 1879 712 'i

429 674 678 728 Ambrosio,
707 675 962 734 caeterisque
985 674 1143 720 talibus
1165 674 1369 720 Ecclesiae
1398 673 1652 719 doctoribus
1673 707 1684 729 ,
1717 671 1819 718 fidei
1877 675 1879 678 ’

429 743 578 789 oculos
600 745 759 789 similes
779 745 1011 789 haberetis.
1854 763 1857 789 ,ι

485 817 685 860 LXXIV.
703 819 930 862 humus.
948 836 968 859 «
988 820 1077 861 Aut
1109 826 1225 861 certe
1259 817 1359 877 quia
1396 817 1480 861 hoe
1504 815 1550 860 in
1585 818 1700 874 Lege
1729 829 1818 859 non

428 895 570 945 potest
591 888 804 943 inveniri,
825 889 1048 949 acquiesce
1070 888 1466 948 impudentissime,
1494 887 1547 931 de
1570 901 1621 930 eo
1641 893 1818 945 peccato

427 955 550 1018 loqui
587 959 848 1019 Apostolum
864 995 874 1015 ‚
914 959 1033 1021 quod
1063 959 1305 1004 imitatione
1342 959 1528 1004 trahitur
1549 992 1558 1014 ,
1594 956 1818 1002 voluntate

428 1030 731 1086 committitur,
755 1031 920 1076 ratione
942 1031 1156 1090 arguitur,
1182 1033 1297 1088 Lege
1325 1029 1586 1083 ostenditur,
1610 1027 1815 1087 aequitate

428 1100 626 1159 punitur.
656 1119 701 1156 »⁴

486 1173 775 1216 AucusTnvus.
812 1174 874 1215 De
896 1171 1016 1216 omni
1033 1180 1211 1230 peccato
1228 1170 1348 1230 quod
1371 1185 1448 1229 per
1464 1169 1684 1215 Christum
1700 1167 1818 1214 tolli-

428 1249 514 1294 tur,
529 1241 696 1285 dictum
717 1250 799 1286 est:
814 1244 959 1302 Usque
977 1242 1032 1286 ad
1049 1245 1207 1300 Legem
1222 1250 1450 1300 peccatum
1463 1242 1508 1285 in
1520 1239 1686 1285 mundo
1704 1238 1814 1284 fuit:

426 1310 634 1370 quoniam
656 1314 770 1370 Lege
796 1327 885 1357 non
901 1311 1091 1367 tollitur,
1117 1312 1205 1357 sive
1227 1310 1458 1371 originale,
1482 1311 1569 1356 sive
1586 1309 1786 1354 additum
1801 1343 1813 1365 ,

426 1381 514 1425 sive
536 1381 657 1441 quod
673 1391 763 1426 crat
785 1392 828 1426 et
841 1394 941 1427 ante
965 1386 1124 1443 Legem
1151 1418 1160 1437 ,
1181 1383 1268 1427 sive
1290 1381 1410 1442 quod
1426 1383 1553 1427 etiam
1578 1385 1692 1440 Lege
1712 1380 1818 1425 sub·
1875 1427 1877 1430 Α

426 1453 615 1497 intrante
637 1454 892 1499 abundavit.
928 1457 1041 1500 Cum
1065 1464 1211 1499 autem
1235 1455 1293 1499 ais
1313 1489 1324 1510 ,
1350 1454 1405 1499 de
1427 1470 1477 1498 eo
1500 1464 1680 1514 peccato
1695 1452 1817 1513 loqui
1867 1453 1871 1458 '

425 1523 702 1582 Apostolum,
719 1525 839 1586 quod
851 1526 1057 1585 aequitate
1073 1526 1255 1584 punitur
1276 1545 1286 1570 ι
1306 1526 1599 1585 expergiscere
1616 1558 1626 1577 ‚
1652 1533 1695 1568 et
1715 1522 1816 1568 vide

425 1593 485 1637 ibi
505 1605 640 1640 esseet
656 1595 864 1655 originale
889 1606 1131 1655 peccatum.
1149 1599 1247 1642 Non
1262 1597 1377 1640 enim
1395 1595 1518 1640 aliter
1534 1595 1718 1656 aequitas
1735 1593 1812 1638 Dei

426 1681 554 1724 grave
570 1668 727 1726 jugum
750 1668 991 1727 imponeret
1004 1668 1105 1727 ipsis
1118 1683 1295 1728 quoque
1310 1667 1493 1712 exordiis
1509 1665 1790 1727 parvulorum
1804 1673 1816 1710 Ξ

424 1735 545 1795 quod
561 1738 719 1796 jugum
739 1753 843 1782 cura
865 1747 1011 1783 nostra
1034 1754 1148 1799 saepe
1175 1747 1513 1793 commemorat,
1534 1746 1583 1782 ut
1601 1736 1813 1782 cervicem

426 1815 560 1861 tuam,
585 1807 619 1850 si
647 1822 736 1851 non
759 1808 989 1862 inflexerit,
1006 1807 1316 1868 frangat.Nam
1339 1809 1422 1853 hoc
1436 1817 1666 1869 peccatum
1685 1807 1817 1852 etiam

424 1879 539 1936 Lege
561 1880 806 1934 monstrari,
828 1889 1048 1940 praecepto
1072 1880 1408 1926 circumcisionis
1429 1879 1602 1925 ostendi
1624 1883 1656 1924 2.
1683 1876 1815 1932 Quod
1862 1911 1865 1926 1

423 1947 553 2000 Quod
584 1949 618 1992 si
640 1965 770 2009 negas
787 1960 861 2006 tu,
888 1951 996 1996 doce
1019 1968 1109 2012 quo
1135 1961 1312 2011 peccato
1346 1953 1538 2012 proprio,
1564 1951 1598 1995 si
1616 1966 1705 1996 non
1727 1949 1814 1994 cir-

423 2020 759 2075 cumcideretur,
775 2022 981 2066 interibat
995 2024 1138 2067 anima
1152 2022 1322 2082 parvuli
1335 2022 1389 2066 de
1403 2021 1567 2082 populo
1581 2036 1674 2066 suo.
1699 2021 1812 2075 Scio,
1862 2025 1867 2078 ξ

422 2104 512 2134 non
535 2089 664 2135 doces
685 2110 694 2136 ε
713 2092 788 2136 sed
799 2092 948 2138 volens
964 2109 1042 2137 nos
1065 2092 1261 2152 fatigare,
1283 2109 1362 2138 nec
1385 2103 1517 2139 taces.
1863 2083 1867 2091 ¹

483 2162 658 2205 LXXV.
676 2164 701 2205 J
709 2180 903 2207 [munus.
921 2181 940 2205 «
961 2166 1181 2209 Caeterum
1219 2164 1339 2224 quod
1378 2163 1539 2222 fingitis
1557 2198 1569 2219 ,
1606 2161 1815 2222 originale
1863 2215 1867 2228 ⁴

423 2240 666 2287 peccatum,
686 2248 766 2276 nec
787 2248 864 2292 per
880 2249 1019 2279 unum
1038 2234 1272 2279 transmitti
1292 2234 1666 2295 potest,quoniam
1687 2246 1815 2292 gene·
1866 2230 1867 2236 ’

422 2300 530 2345 ratio
547 2317 622 2360 per
639 2301 748 2347 duos
765 2304 955 2361 agitur.»

480 2374 773 2419 Atcus'rmcs.
809 2376 907 2418 Jam
925 2389 1179 2434 responsum
1202 2384 1265 2419 est
1284 2393 1293 2420 z
1318 2378 1433 2434 Lege
1454 2391 1553 2435 quae
1572 2374 1677 2419 hinc
1699 2391 1723 2420 a
1744 2389 1814 2418 me

421 2441 536 2487 dicta
558 2452 678 2500 sunt,
697 2453 739 2489 et
759 2445 951 2490 invenies
973 2454 1016 2490 te
1033 2460 1144 2490 vana
1166 2445 1337 2489 dixisse.
1865 2491 1868 2508 ὲ

481 2516 680 2559 LXXVI.
706 2518 731 2560 J
736 2533 932 2561 tumus.
944 2534 964 2558 «
974 2518 1063 2562 Nec
1080 2517 1225 2576 potuit
1241 2515 1479 2576 aliquando
1495 2531 1601 2574 esse,
1617 2517 1652 2563 si
1667 2524 1812 2578 potest
1866 2510 1867 2516 ’

471 2603 482 2621 ¹
501 2597 579 2631 Psal.
597 2609 627 2641 L,
650 2609 683 2642 7.
700 2615 740 2623 -
756 2606 768 2624 ²
783 2602 864 2634 Gen.
886 2611 968 2640 xvn,
991 2600 1042 2642 14.
