1821 3264
0 0 22 218 l

6 364 15 622 ι

285 285 429 312 OPERIS
460 286 635 313 IMPERF.
670 287 830 316 CONTRA
864 290 1033 319 JULIAN.
1068 293 1150 320 Lus.
1188 294 1235 320 11.
1374 282 1454 323 411

77 348 199 393 liberi
222 348 385 393 arbitrii
401 349 526 407 justis
548 348 712 407 legibus
729 355 971 408 conveniri,
995 364 1044 399 ut
1063 358 1171 400 vitet
1194 372 1324 401 omne
1341 359 1461 418 quod

78 419 240 465 malum
263 429 326 463 est
342 453 352 473 ‚
372 429 566 464 exerceat
583 436 710 464 omne
731 423 850 481 quod
872 424 1038 469 bonum
1054 436 1142 480 est,
1168 442 1249 470 nec
1269 462 1279 482 ,
1303 444 1459 473 sccun-

78 489 184 534 dum
202 505 299 544 vos,
321 490 502 534 aestimet
519 506 706 535 amorem
729 503 771 536 et
790 496 1083 540 necessitatem
1102 498 1332 542 criminum
1353 500 1459 543 sub-

76 561 246 604 stantiae
280 576 368 604 suae
395 562 533 605 causis
549 596 561 616 ,
602 561 646 605 id
682 573 743 606 est.
759 599 770 619 ,
805 565 905 623 ipsis
941 566 1167 610 adhaesisse
1197 568 1458 626 seminibus,

74 645 154 675 nec
176 631 354 690 recipiat
376 640 462 675 tam
485 631 684 686 stultam,
711 642 796 677 tam
815 635 1008 679 insanam
1024 671 1035 690 ,
1063 646 1146 680 tam
1167 636 1343 695 impiam
1359 654 1459 682 sen«

74 702 252 744 tentiam
271 736 282 755 ,
303 702 348 745 in
366 701 674 746 contumeliam
698 704 896 749 videlicet
917 715 1083 749 naturae
1099 740 1109 760 ,
1132 707 1309 750 rationis
1326 741 1337 760 ,
1363 708 1457 762 Dei,

72 771 268 830 Apostoli
292 772 511 816 volumine
532 772 771 828 contineri,
800 776 902 834 quia
922 777 1076 820 dixerit
1098 792 1173 835 per
1206 792 1347 820 unum
1377 777 1460 821 ho-

71 843 232 886 minem
255 851 479 902 peccatum
499 844 540 886 in
562 844 679 887 hunc
698 845 912 889 mundum
931 847 1133 891 intrasse¹
1149 881 1161 901 ,
1186 856 1229 890 et
1243 847 1288 890 in
1309 862 1459 892 omnes

69 912 266 956 homines
288 913 487 956 transisse
510 922 694 957 mortem
713 938 723 970 ·,
751 930 849 958 cum
874 916 957 959 hoc
982 916 1059 960 diu
1080 916 1265 975 caligare
1288 932 1377 960 non
1399 918 1456 960 si-

67 983 204 1038 verit,
229 982 392 1026 addens
410 998 481 1027 eos
504 999 613 1043 quos
635 999 785 1028 omnes
807 985 994 1040 dixerat,
1020 985 1178 1030 debere
1204 986 1363 1030 multos
1387 987 1456 1031 in-

68 1053 229 1112 telligi,
256 1054 333 1113 qui
356 1054 619 1109 imitatione,
646 1071 734 1099 non
757 1057 1034 1114 generatione
1056 1066 1318 1116 peccassent.
1347 1074 1366 1096 »

125 1128 370 1168 AUGtJSTINt
384 1144 416 1168 s.
456 1128 581 1169 Potes
615 1124 780 1179 dicere,
818 1142 907 1169 non
938 1142 1087 1170 omnes
1126 1135 1273 1185 gentes
1302 1126 1457 1170 semini

65 1194 252 1238 Abrahae
273 1194 404 1239 fuisse
420 1197 667 1254 promissas,
691 1197 765 1240 ubi
785 1196 948 1241 dictum
965 1205 1029 1241 est
1051 1216 1059 1241 ε
1089 1217 1107 1238 «
1131 1200 1182 1240 In
1201 1197 1362 1241 semine
1377 1206 1453 1241 tuo

66 1283 87 1306 »
112 1266 426 1310 benedicentur
440 1282 588 1311 omnes
605 1277 752 1324 gentes
764 1271 780 1293 ‘⁴'-
797 1288 808 1324 3
830 1288 847 1309 »
864 1268 965 1327 quia
978 1267 1149 1311 easdem
1165 1268 1269 1311 dixit
1283 1276 1325 1310 et
1339 1266 1453 1310 mul-

0 1341 1 1364 ³
28 1367 33 1369 >
62 1346 126 1381 tas
141 1372 151 1391 ,
178 1337 254 1381 ubi
276 1337 454 1395 legitur,
480 1357 499 1379 «
518 1341 686 1382 Patrem
712 1338 947 1382 multarum
967 1340 1162 1398 gentium
1183 1338 1305 1396 posui
1325 1339 1390 1381 te3
1412 1356 1450 1382 2»

61 1416 183 1466 potes
198 1443 208 1462 ,
242 1408 419 1467 inquam
438 1443 448 1463 ,
480 1409 564 1452 hoc
585 1408 730 1452 dicere
748 1443 758 1463 ,
787 1417 830 1452 et
851 1410 895 1452 in
913 1424 964 1452 eo
992 1423 1169 1467 quoque
1190 1408 1287 1451 loco
1313 1407 1454 1465 Scrip-

60 1487 170 1522 turae
193 1480 506 1538 praenuntianti
536 1479 657 1537 quod
679 1480 808 1522 rebus
839 1480 940 1538 ipsis
962 1479 1159 1523 videmus
1182 1477 1354 1536 impleri
1377 1487 1453 1522 tuo

60 1549 312 1608 vaniloquio
329 1548 655 1607 contradicere3
677 1559 720 1593 et
737 1549 967 1608 prohibere
986 1565 1065 1593 nos
1080 1548 1344 1606 intelligere,
1364 1563 1453 1591 om-

59 1635 135 1663 nes
157 1630 329 1678 gentes,
356 1620 430 1664 ubi
454 1619 673 1678 promissae
697 1629 824 1677 sunt3
848 1619 982 1679 (quid
1001 1618 1121 1662 aliud
1148 1634 1278 1677 quam
1302 1633 1451 1662 omnes

58 1692 256 1748 genteSP)
277 1691 379 1749 quia
397 1705 473 1749 per
490 1699 610 1733 tuam
631 1689 903 1734 dialecticam
920 1725 930 1744 ,
962 1704 1111 1733 omnes
1138 1704 1224 1732 non
1249 1703 1327 1746 pro
1353 1703 1450 1732 om-

58 1760 208 1814 nibus,
229 1761 303 1804 sed
322 1775 400 1819 pro
422 1759 570 1803 multis
593 1776 692 1819 quae
714 1775 862 1803 omnes
880 1774 969 1803 non
987 1768 1115 1813 sunt,
1138 1759 1296 1817 positas
1317 1768 1447 1817 atque

58 1829 360 1888 intelligendas
391 1830 533 1874 doces.
574 1831 616 1874 Si
643 1838 789 1873 autem
816 1839 995 1889 possunt
1026 1829 1227 1889 quidem,
1270 1828 1346 1871 ubi
1382 1828 1449 1871 ‹li-

57 1909 218 1944 cuntur
235 1899 386 1954 multi,
412 1915 500 1944 non
521 1915 670 1943 omnes
692 1899 905 1958 intelligi,
928 1901 1003 1944 sed
1031 1909 1172 1943 tamen
1197 1900 1272 1942 ubi
1292 1899 1447 1942 dicun-

58 1980 130 2015 tur
146 1985 318 2024 omnes,
343 1985 530 2030 vereque
552 1980 654 2014 sunt
674 1985 824 2014 omnes
839 2005 850 2025 ,
872 1980 988 2015 recte
1005 1971 1211 2014 dicuntur
1231 1978 1274 2013 et
1293 1968 1444 2026 multi,

57 2056 113 2085 ne
133 2042 213 2100 ipsi
235 2057 384 2087 omnes
398 2076 408 2094 ‚
430 2042 557 2100 pauci
578 2040 875 2098 intelligantur
893 2062 903 2098 3
928 2042 1038 2085 sicut
1059 2040 1131 2101 illi
1146 2040 1307 2094 sancti,
1338 2055 1448 2099 quos

56 2111 168 2170 ignis
189 2112 344 2155 ardens
362 2127 488 2155 urere
505 2121 568 2155 est
584 2112 743 2156 vetitus
755 2113 770 2136 4
785 2147 796 2166 ,
818 2127 966 2156 omnes
984 2113 1095 2155 inter
1112 2112 1306 2155 innoxias
1324 2111 1449 2154 flam-

56 2197 147 2226 mas
169 2181 407 2226 laudabant
428 2184 615 2236 Deum⁵,
642 2191 684 2225 et
702 2191 847 2225 tamen
871 2182 950 2241 ipsi
972 2197 1121 2225 omnes
1144 2181 1271 2240 pauci
1294 2190 1417 2224 erant
1432 2214 1443 2234 ,

56 2252 263 2311 quoniam
288 2261 372 2295 tres
390 2261 514 2295 erant
535 2270 543 2295 ε
565 2251 673 2310 quid
692 2252 824 2295 habet
841 2252 997 2295 virium
1017 2250 1337 2309 argumentatio
1355 2259 1444 2304 tua,

56 2339 142 2382 qua
173 2332 402 2382 propterea
423 2338 573 2366 omnes
602 2338 691 2366 non
720 2323 781 2366 vis
811 2338 960 2366 omnes
992 2321 1202 2379 intelligi,
1239 2321 1442 2380 quoniam

56 2392 186 2436 iidem
210 2394 291 2452 ipsi
322 2393 427 2437 dicti
448 2402 549 2436 sunt
565 2392 718 2436 multi?
738 2391 1105 2452 Quandoquidem
1125 2391 1201 2449 qui
1225 2406 1323 2433 vere
1345 2399 1446 2433 sunt

56 2477 205 2507 omnes
223 2497 234 2516 ,
258 2462 357 2507 ideo
382 2478 698 2522 nonnunquam
722 2463 929 2507 dicuntur
962 2472 1004 2505 et
1028 2461 1182 2514 multi,
1208 2469 1256 2503 ut
1281 2460 1445 2503 discer-

103 2570 115 2586 1
143 2565 233 2595 Rom.
260 2575 300 2603 v,
326 2575 377 2596 12.
393 2583 431 2588 -ι
450 2572 462 2587 ²
479 2567 558 2596 Gen.
579 2575 658 2605 xxu,
684 2565 734 2597 18.
752 2582 792 2586 ——
807 2563 819 2587 3
840 2564 886 2595 ld.
909 2574 987 2604 xvn,
1007 2562 1037 2594 5.
1056 2579 1095 2585 --
1110 2561 1126 2591 4
1146 2562 1250 2593 For-(e
1268 2561 1444 2593 vei-itus.——
1458 2563 1466 2569 “

59 2616 72 2640 ⁵
91 2620 169 2650 Dan.
190 2630 237 2659 ιιι,
257 2619 307 2651 50.
