1884 3285
1828 85 1833 150 i

1830 185 1834 237 1

1831 240 1836 275 l

1832 283 1836 312 ι

1832 315 1837 347 1

423 292 505 331 342
867 306 899 331 s.
937 303 1167 333 Arousrrm
1200 305 1381 332 Emscom

1833 349 1837 369 1

1834 375 1837 395 Ι

419 368 525 421 scit,
564 383 652 410 non
680 383 769 411 esse
796 369 969 426 nuptias
1006 369 1273 427 arguendas,
1306 370 1360 412 ad
1389 385 1575 428 quarum
1601 371 1804 417 concilia·
1834 397 1839 441 ξ

420 440 583 482 tionem
616 447 659 482 et
695 438 977 482 ministerium
1010 448 1053 482 et
1084 440 1422 483 instrumentum
1449 441 1635 497 pertinet
1665 457 1689 485 a
1718 445 1805 487 Deo
1870 453 1884 486 Κ

417 509 615 553 instituta
638 518 682 554 et
702 509 934 554 benedicta
957 525 1136 554 sexuum
1160 526 1261 555 cum
1281 511 1504 570 voluptate
1526 513 1802 572 commixtio,
1835 506 1847 576 ξ
1871 523 1884 555 Κ

418 596 510 626 non
526 587 672 639 potest
688 578 742 623 de
759 579 825 624 his
845 579 1063 625 diabolica
1081 582 1322 639 germinare
1338 581 1544 640 possessio
1558 616 1570 637 ,
1589 597 1670 627 nec
1684 582 1806 628 sruc-
1838 586 1842 624 ¹.
1872 596 1884 639 oi

417 659 488 694 tus
505 664 655 694 earum
673 665 769 694 reus
786 659 871 705 est,
893 649 1013 709 apud
1028 665 1123 695 earn
1139 652 1322 695 maxime
1335 652 1543 710 justitiam
1563 686 1574 707 ,
1594 668 1694 712 quae
1708 668 1806 712 pec·
1838 633 1844 692 1
1872 663 1884 697 Κ

418 729 565 766 catum
586 736 676 765 non
696 720 906 779 imputat,
930 721 1011 765 nisi
1029 721 1146 766 unde
1165 722 1353 766 liberum
1378 732 1442 767 est
1464 723 1695 767 abstinere.
1722 741 1743 765 »
1841 712 1843 721 ’

474 795 766 835 ΑυωετιΝυε.
805 789 918 846 Noli,
955 791 1162 847 obsecro,
1202 808 1302 837 cum
1331 792 1407 836 tali
1440 792 1664 852 voluptate
1686 808 1808 838 com·
1841 803 1846 851 ’,ι

416 861 670 906 mixtionem
692 863 931 921 conjugum
953 863 999 907 in
1020 863 1219 922 paradiso
1241 864 1468 922 suspicari,
1494 863 1668 923 qualem
1688 880 1807 910 nunc
1842 853 1847 910 ἶ

416 931 520 976 facit
543 932 703 988 libido,
727 948 828 992 quae
856 948 946 979 non
968 932 1024 978 ad
1049 943 1209 978 nutum
1233 933 1468 979 voluntatis
1493 935 1684 993 exurgit,
1708 949 1808 995 quae

414 1018 583 1048 mentes
604 1004 734 1047 etiam
757 1013 1031 1059 sanctorum,
1057 1004 1305 1049 cohibenda
1328 1004 1506 1064 quidem
1523 1039 1535 1059 ,
1569 1006 1644 1049 sed
1663 1014 1809 1050 tamen
1845 1034 1849 1059 ·.

416 1075 666 1134 importuna
683 1074 902 1120 sollicitat.
932 1075 1086 1130 Absit,
1113 1085 1163 1119 ut
1183 1090 1205 1119 a
1230 1074 1432 1119 fidelibus
1454 1084 1497 1119 et
1521 1075 1810 1134 prudentibus
1846 1078 1849 1098 '

420 1145 516 1190 talis
538 1144 735 1204 voluptas
757 1145 969 1204 paradisi,
994 1144 1090 1189 talis
1110 1144 1184 1188 illa
1205 1160 1288 1205 pax
1310 1154 1353 1189 et
1373 1144 1555 1190 felicitas
1576 1147 1804 1204 cogitetur.
1847 1147 1850 1203 ξ
1881 1154 1884 1159 “

475 1217 568 1259 XL.
605 1217 630 1258 J
635 1232 832 1259 numus.
872 1234 893 1257 «
917 1214 1252 1261 Consideremus
1273 1228 1315 1260 et
1339 1215 1512 1260 tertium
1528 1250 1539 1271 ‚
1564 1231 1654 1276 quo
1677 1216 1806 1261 beni·

415 1285 555 1345 gnitas
574 1295 648 1331 tua
668 1286 712 1330 in
729 1286 1031 1346 acquiescendi
1054 1285 1260 1332 facilitate
1275 1295 1493 1331 cernatur.
1519 1305 1538 1329 »
1564 1289 1715 1347 Neque
1731 1303 1808 1347 pa-
1849 1282 1852 1307 ²

416 1366 585 1412 rentes,
619 1356 665 1401 in
698 1366 914 1416 quantum
947 1368 1145 1417 parentes
1176 1367 1279 1403 sunt
1309 1358 1496 1402 invicem
1525 1357 1642 1402 licite
1676 1367 1808 1418 atque

414 1427 608 1486 legitime
626 1427 680 1472 ad
699 1429 989 1488 procreandos
1004 1428 1115 1474 filios
1129 1429 1378 1489 conjugati,
1399 1429 1632 1488 Apostolus
1647 1431 1804 1488 arguit.
1850 1420 1854 1451 ³

419 1516 440 1540 «
466 1498 675 1557 Expende
697 1498 805 1558 quid
825 1498 980 1543 dixeris
997 1533 1008 1554 ,
1033 1514 1123 1544 non
1146 1499 1267 1557 argui
1285 1499 1340 1544 ab
1360 1498 1569 1558 Apostolo
1588 1508 1805 1559 parentes,
1852 1487 1855 1505 ³

416 1568 461 1612 in
485 1578 699 1628 quantum
735 1578 935 1628 parentes
966 1579 1083 1614 sunt.
1117 1570 1224 1614 Ideo
1251 1585 1355 1628 ergo
1388 1584 1486 1624 eos,
1517 1570 1564 1614 in
1591 1580 1808 1629 quantum
1852 1572 1856 1597 ³

415 1648 615 1698 parentes
636 1649 760 1693 sunt,
792 1655 882 1684 non
901 1655 1024 1699 posse
1049 1638 1225 1684 diabolo
1251 1637 1514 1684 fructificare
1529 1674 1540 1694 ,
1567 1654 1648 1684 nec
1670 1639 1726 1684 de
1742 1641 1808 1684 his
1854 1669 1858 1682 ι

414 1708 581 1768 aliquid
597 1744 608 1763 ,
640 1710 685 1753 in
715 1719 931 1769 quantum
958 1719 1158 1768 parentes
1187 1719 1289 1754 sunt
1304 1744 1315 1765 ,
1339 1709 1395 1754 ad
1419 1709 1647 1754 diabolum
1668 1711 1806 1770 perti-

415 1795 518 1824 nere
535 1782 790 1839 pronuntiat
808 1799 816 1825 :
837 1781 914 1825 filii
931 1790 1078 1825 autem
1093 1783 1137 1825 in
1159 1790 1330 1825 tantum
1343 1781 1563 1840 pertinent
1577 1781 1633 1826 ad
1647 1797 1804 1841 paren·
1857 1838 1859 1843 Ι

416 1860 479 1895 tes
491 1850 536 1895 in
554 1863 770 1911 quantum
788 1861 891 1896 sunt
907 1870 917 1897 z
933 1851 1064 1909 igitur
1078 1866 1158 1896 nec
1175 1852 1258 1905 rei,
1275 1867 1355 1896 nec
1370 1851 1451 1896 sub
1470 1867 1606 1910 regno
1618 1850 1797 1908 diaboli,
1857 1900 1861 1909 ¹

415 1936 495 1966 nec
517 1921 729 1980 arguendi
747 1938 770 1967 a
787 1921 962 1967 diabolo
980 1923 1337 1982 comprobantur.
1369 1924 1423 1967 Ut
1443 1922 1561 1967 enim
1578 1923 1663 1967 hoc
1683 1924 1805 1983 quod
1858 1917 1861 1933 '

415 1992 629 2046 diximus,
655 1993 912 2051 repetitione
942 1992 1147 2038 clarescat
1174 2012 1183 2038 :
1217 1996 1269 2037 In
1290 2002 1463 2037 tantum
1485 2008 1666 2038 sexuum
1694 2009 1804 2039 con·

410 2063 581 2123 junctio
602 2062 742 2108 soboli
765 2064 995 2122 participat
1009 2098 1020 2118 ,
1044 2065 1090 2108 in
1111 2072 1326 2124 quantum
1349 2064 1425 2123 qui
1447 2064 1656 2123 conjuges
1673 2074 1776 2110 sunt
1790 2099 1803 2121 ,
1859 2051 1864 2119 ’ξ

416 2134 530 2178 fiunt
558 2144 786 2193 parentes,
810 2135 845 2179 si
870 2144 1016 2179 autem
1044 2134 1209 2195 aliquid
1231 2135 1343 2178 inter
1365 2150 1410 2179 se
1435 2134 1655 2180 voluerint
1681 2150 1806 2194 agere

416 2204 684 2265 petulantius
701 2239 712 2260 ,
743 2205 811 2249 vel
836 2221 912 2264 per
939 2205 1110 2250 illicitos
1139 2204 1455 2250 adulteriorum
1472 2206 1674 2251 oberrare
1695 2222 1806 2251 con·

416 2276 588 2321 cubitus
605 2310 617 2331 ,
641 2277 725 2321 hoc
745 2276 800 2320 ad
817 2276 927 2321 filios
947 2293 1036 2322 non
1060 2286 1202 2336 potest
1223 2277 1428 2332 attinere,
1451 2277 1527 2337 qui
1544 2277 1600 2322 de
1615 2276 1659 2324 vi
1678 2279 1803 2323 semi—

415 2363 539 2401 num,
561 2363 651 2392 non
668 2346 722 2391 de
738 2347 942 2392 vitiorum
957 2349 1241 2392 obscoenitate
1262 2357 1516 2392 nascuntur.
1542 2366 1562 2389 »

474 2422 766 2463 Auoustrmus.
802 2420 957 2462 Jamne
972 2418 1190 2462 confiteris
1207 2417 1336 2462 etiam
1353 2418 1467 2463 inter
1487 2419 1693 2479 conjuges
1709 2433 1800 2463 esse
1864 2449 1868 2470 z

415 2502 536 2547 posse
553 2486 841 2546 petulantiam
864 2489 1206 2533 commixtionis?
1229 2491 1341 2533 Ecce
1358 2489 1479 2549 quod
1500 2487 1604 2532 facit
1628 2498 1702 2534 tua
1722 2487 1797 2533 illa
1865 2487 1868 2490 ⁴

417 2557 599 2617 pulchra
629 2568 826 2618 suscepta
855 2578 864 2604 ε
892 2559 975 2603 boc
1003 2560 1119 2603 enim
1141 2559 1220 2603 nisi
1243 2574 1343 2603 cum
1369 2559 1408 2603 ei
1435 2558 1604 2604 ceditur
1622 2575 1711 2604 non
1730 2560 1800 2614 fit,

415 2628 593 2687 quaudo
621 2628 673 2672 ad
704 2627 1014 2687 petulantiam,
1046 2644 1178 2688 quam
1210 2638 1256 2673 tu
1287 2644 1463 2689 quoque
1492 2628 1799 2689 reprehendis,
