1821 3264
4 285 6 308 ‚
249 265 392 293 opums
424 266 601 294 IMPERF.
634 268 797 296 CONTRA
830 270 1000 300 JULIAN.
1037 274 1118 301 ΜΒ.
1158 278 1202 302 ιι.
1340 271 1420 309 2165

2 324 5 399 ἰ
27 347 67 371 v»
92 338 179 373 tem
211 331 348 374 crucis
367 366 378 386 ,
414 349 435 372 »
461 343 510 377 ut
527 335 632 393 justi
659 338 979 383 constituantur
999 355 1075 399 per
1096 343 1187 401 ejus
1215 346 1390 403 gratiam
1410 385 1421 404 ,

1 406 6 447 1
44 399 173 444 etiam
184 402 260 460 qui
273 416 360 446 non
371 402 442 448 hic
455 420 532 463 per
548 421 668 449 suam
680 411 1047 455 conversationem
1057 413 1161 472 justi
1173 430 1262 460 esse
1274 427 1424 476 potue-

44 479 166 529 runt,
181 471 291 516 sicut
304 472 349 516 hi
361 473 437 532 qui
447 475 656 520 continuo
672 488 767 535 post
780 479 998 524 lavacrum
1011 487 1341 541 regenerationis
1356 505 1427 533 cx-

0 559 4 606 5
44 542 200 601 pirant,
225 543 313 588 sive
334 545 588 602 grandioris,
615 547 702 592 sive
722 548 934 594 infantilis
952 553 1102 597 aetatis.
1130 556 1253 600 Unde
1276 559 1429 604 maluit

43 613 225 657 verbum
250 612 385 658 futuri
407 617 611 676 temporis
639 633 799 676 ponere
820 655 830 675 ,
854 630 897 664 et
919 624 1239 669 constituentur
1256 627 1399 673 dicere
1417 665 1427 684 ,

0 663 4 746 l
45 699 133 729 non
151 686 375 730 constituti
399 696 502 731 sunt
523 722 533 742 ,
555 689 761 747 quoniam
784 692 889 750 justi
911 692 985 737 illa
1002 694 1164 752 justitia
1185 731 1194 750 ,
1221 714 1319 757 quse
1342 700 1433 743 sinc

0 809 3 821 y
44 754 135 800 ullo
158 765 336 815 peccato
358 758 464 812 erit,
482 758 528 801 in
548 756 685 802 futuri
706 761 852 805 saeculi
876 765 1116 809 aeternitate
1137 767 1293 812 victuri
1315 780 1429 814 sunt.

0 830 2 894 ᾗ
46 828 157 872 Cum
185 837 330 872 autem
350 829 405 872 de
426 830 726 889 peccatoribus
752 847 840 877 non
861 833 982 890 dixit,
1009 838 1343 895 constituentur,
1362 841 1435 885 sed

0 954 2 966 y
45 897 272 942 constituti
294 907 395 942 sunt
421 934 431 953 ,
464 900 674 944 saeculum
706 902 790 946 hoc
822 904 941 962 quod
977 908 1202 964 praeterit,
1238 911 1314 954 ubi
1348 915 1437 971 J'arn

45 966 193 1011 vitiata
211 976 274 1012 est
291 968 483 1013 humana
502 979 670 1026 natura,
683 972 816 1016 verbo
830 975 1036 1032 temporis
1049 979 1254 1034 praeteriti
1269 995 1438 1039 expres-

0 1036 2 1046 *
45 1038 114 1082 sit.
136 1040 234 1083 Jam
270 1053 372 1083 vero
401 1039 454 1084 de
487 1041 634 1086 multis
666 1043 767 1102 quia
793 1044 873 1103 ipsi
905 1054 1005 1089 sunt
1028 1061 1177 1091 omnes
1198 1083 1208 1102 ,
1239 1051 1336 1094 satis
1359 1051 1439 1094 tibi

0 1110 1 1130 ³
47 1123 301 1168 responsum
322 1119 400 1154 est.
421 1113 485 1154 Tu
505 1121 649 1156 autem
669 1128 779 1172 quos
791 1116 1024 1172 Apostolus
1041 1116 1146 1161 dixit
1168 1134 1332 1174 omnes,
1351 1136 1441 1165 non

0 1193 1 1198 ¹
46 1181 226 1240 potuisti
257 1181 340 1225 nisi
374 1181 716 1228 contradicendo
745 1199 985 1245 exponere,
1018 1196 1060 1231 et
1092 1188 1277 1234 dicendo
1303 1226 1313 1245 ,
1351 1207 1440 1236 non

47 1260 149 1296 sunt
172 1266 321 1296 omnes
348 1272 359 1309 3
383 1252 438 1296 ad
467 1254 589 1313 quod
617 1263 658 1298 te
682 1254 802 1299 nulla
832 1257 1059 1302 necessitas
1087 1269 1261 1318 cogeret
1281 1295 1291 1314 ,
1313 1262 1347 1305 si
1369 1277 1441 1306 ca-

47 1320 262 1367 tholicum
308 1338 439 1382 quam
478 1323 762 1383 Pelagianum
807 1342 976 1372 sensum
1019 1340 1164 1375 tenere
1202 1331 1441 1377 maluisses,

47 1395 209 1438 Omnes
231 1393 348 1438 enim
367 1383 597 1454 propterea
619 1396 826 1442 dicuntur
848 1407 891 1442 et
907 1399 1052 1455 multi,
1077 1409 1126 1444 ut
1145 1400 1443 1447 discernantur

48 1464 104 1508 ab
122 1464 197 1519 eis,
219 1464 294 1524 qui
313 1480 413 1509 cum
438 1465 524 1509 sint
548 1481 723 1522 omnes,
746 1477 848 1513 sunt
867 1477 1010 1513 tamen
1032 1472 1174 1529 pauci.

107 1536 302 1580 CCXVI.
338 1538 566 1581 Joumus.
604 1555 623 1578 «
661 1539 790 1590 Quod
808 1539 841 1582 si
858 1539 916 1583 ita
939 1540 1171 1596 intulisset,
1190 1557 1279 1587 non
1299 1544 1440 1587 minus

49 1606 289 1651 docebatur
304 1607 435 1666 impia
453 1622 557 1661 esse,
579 1624 710 1668 quam
733 1610 880 1669 inepta
901 1612 1130 1667 sententia,
1151 1629 1237 1672 qua
1260 1623 1302 1658 et
1324 1630 1443 1659 com-

50 1679 215 1738 paratio
237 1679 329 1739 ipsa
351 1679 395 1722 in
424 1678 594 1724 diverso
618 1681 840 1740 proposito
862 1697 1143 1740 personarum
1169 1684 1444 1730 stolidissima

50 1750 279 1795 doceretur
298 1785 309 1806 ,
340 1765 441 1795 cum
464 1766 529 1795 res
552 1767 641 1795 non
664 1751 821 1796 similes
845 1753 899 1797 ad
921 1752 1197 1799 collationem
1224 1757 1442 1815 venirent,

49 1830 204 1866 natura
217 1819 420 1866 videlicet
443 1831 486 1866 et
507 1820 729 1881 voluntas,
749 1832 799 1867 ut
813 1823 858 1867 in
872 1832 995 1882 parte
1007 1824 1108 1869 mali
1125 1827 1339 1871 seminum
1362 1843 1442 1872 ne-

51 1893 222 1937 cessitas
245 1901 496 1952 poneretur,
520 1893 564 1936 in
588 1902 709 1952 parte
730 1909 833 1938 vero
856 1895 960 1938 boni
979 1896 1107 1940 studii
1131 1896 1218 1940 sola
1240 1897 1414 1943 libertas
1434 1917 1446 1955 3

52 1963 140 2008 imo
172 1965 262 2023 jam
296 1978 386 2007 non
408 1962 609 2017 libertas,
631 1965 838 2023 quoniam
866 1979 954 2009 non
985 1967 1244 2025 suppetebat
1262 1968 1447 2013 facultas

53 2032 245 2092 eligendi
263 2033 368 2078 boni
391 2042 435 2077 et
451 2031 635 2077 cavendi
665 2033 767 2077 mali
787 2069 798 2089 ,
826 2034 860 2078 si
883 2035 1089 2079 naturalis
1112 2047 1255 2082 reatus
1278 2037 1443 2083 fuisset.

54 2104 171 2148 Dicit
191 2119 295 2163 ergo
318 2103 552 2162 Apostolus
574 2104 742 2163 sapiens
766 2114 808 2148 et
838 2105 1033 2149 eruditus
1055 2106 1260 2152 Ecclesiae
1277 2108 1446 2163 doctor,

55 2190 132 2234 per
151 2175 493 2219 inobedientiam
516 2175 702 2219 extitisse
720 2177 1008 2236 transisseque
1033 2187 1278 2236 peccatum,
1298 2180 1449 2224 multi-

56 2244 331 2304 tiplicarique
349 2245 607 2304 justitiam.»

116 2318 408 2360 Auen-smnus.
449 2315 534 2359 Ubi
554 2324 617 2359 est
633 2316 752 2374 quod
777 2316 963 2372 dixeras,
980 2332 1068 2362 non
1093 2328 1318 2377 peccatum
1341 2329 1454 2364 tran-

57 2385 202 2439 sisse1,
229 2386 303 2429 sed
320 2393 506 2429 mortem
529 2387 545 2426 ?
567 2387 679 2429 Ecce
702 2400 820 2429 nunc
843 2385 965 2441 dicis,
993 2403 1068 2445 per
1093 2388 1449 2444 inobedientiam,

59 2473 159 2518 quae
183 2457 314 2500 unius
332 2456 518 2500 hominis
532 2467 870 2502 commemorata
886 2467 964 2512 est,
983 2473 1071 2502 non
1088 2458 1227 2502 solum
1250 2460 1452 2515 extitisse,

63 2526 347 2572 verumetiam
375 2526 576 2570 transisse
614 2537 854 2585 peccatum.
892 2530 958 2571 An
1001 2527 1106 2587 quid
1146 2529 1263 2587 prius
1301 2529 1480 2575 dixeris·

113 2618 121 2636 ¹
143 2612 222 2644 Vide
247 2621 356 2654 supra,
375 2621 461 2644 num.
482 2610 539 2652 63,
557 2609 616 2653 64,
639 2611 711 2653 196.

258 2675 408 2706 cxmn.
1226 2669 1275 2708 30
