1821 3264
255 274 400 304 OPERIS
434 274 610 301 IMPERF.
646 271 811 298 CONTRA
847 269 1014 298 JULIAN.
1053 269 1134 294 LlB.
1171 267 1218 292 11.
1353 249 1431 289 437

48 360 127 406 pro
148 343 308 404 quibus
331 349 528 384 mortuus
550 347 614 382 est
631 337 825 382 Christus
843 358 854 393 3
874 350 976 380 eum
997 333 1141 378 statim
1158 332 1240 376 tibi
1258 334 1437 391 Aposto-

48 418 115 462 lus
126 415 271 460 fauces
293 421 476 473 premat,
497 419 540 454 et
562 409 777 468 opprimat
796 407 1123 452 audacissimam
1145 418 1312 457 vocem,
1327 400 1434 461 quid

49 495 304 547 sequeretur
318 482 565 536 ostendens,
585 489 627 524 et
645 480 792 523 dicens
809 498 817 523 ι
835 481 950 536 Ergo
968 491 1116 521 omnes
1139 474 1299 518 mortui
1315 479 1431 516 sunt.

48 557 146 604 Noli
183 556 244 600 sic
273 554 452 599 laudare
480 549 737 611 Apostolum
764 570 775 607 3
800 548 889 592 noli
909 547 968 591 sic
993 559 1206 605 exponere
1224 578 1235 598 ,
1262 551 1310 587 ut
1332 540 1441 585 nolis

50 627 198 674 audire
225 646 233 671 2
264 646 284 668 «
311 626 353 670 Si
373 639 486 668 unus
508 637 588 682 pro
610 621 813 665 omnibus
835 627 1033 664 mortuus
1063 625 1142 670 est,
1168 629 1270 673 ergo
1290 625 1442 657 omnes

53 720 73 743 »
96 698 257 744 mortui
280 705 395 741 sunt.
424 698 476 739 In
494 695 574 738 hos
596 707 744 737 omnes
770 706 869 735 eum
893 696 1073 749 peccato
1104 701 1218 730 mors
1241 692 1441 743 pertran-

53 790 73 814 >›
98 771 184 825 siit,
210 784 287 830 per
309 767 435 811 illum
453 767 497 810 in
514 780 603 826 quo
619 779 768 808 omnes
797 761 1045 806 moriuntur
1070 761 1081 784 ¹
1114 777 1121 802 :
1150 776 1169 797 »
1194 755 1255 799 ibi
1277 762 1378 798 sunt
1400 761 1443 796 et

50 841 235 903 parvuli,
257 839 359 900 quia
381 848 424 882 et
445 851 524 896 pro
540 835 642 895 ipsis
657 835 853 879 Christus
878 841 1077 876 mortuus
1100 836 1163 872 est
1183 846 1192 871 ε
1218 825 1294 886 qui
1314 838 1441 884 prop-

50 923 163 958 terea
182 927 260 970 pro
284 909 488 954 omnibus
513 915 710 951 mortuus
731 913 812 957 est,
834 903 935 962 quia
958 914 1108 945 omnes
1138 896 1298 942 mortui
1319 902 1436 938 sunt.

49 980 276 1042 Quidquid
300 978 628 1037 argumenteris,
649 971 867 1035 quidquid
886 968 1193 1029 tergiverseris,
1219 961 1438 1025 quidquid

49 1051 384 1114 apostolicorum
400 1049 634 1093 verborum
656 1045 824 1090 coneris
847 1051 1041 1086 evertere
1063 1039 1151 1083 sive
1173 1043 1434 1096 pervertere,

51 1142 74 1170 a
95 1133 234 1168 morte
256 1137 355 1182 quae
391 1122 435 1164 in
464 1127 642 1179 peccato
665 1126 756 1171 est,
782 1113 985 1174 parvulos
1018 1125 1110 1154 non
1145 1105 1333 1153 ostendis
1363 1104 1446 1147 im-

51 1211 205 1241 munes
228 1189 365 1253 t‘quia
394 1202 438 1237 et
470 1207 550 1251 pro
572 1190 631 1234 eis
663 1188 886 1234 Christum
907 1192 1133 1229 mortuum
1166 1192 1324 1237 negare
1355 1189 1447 1219 non

55 1267 206 1312 audes.

111 1335 350 1381 CXLXVI.
377 1335 604 1376 JULlANUs.
627 1348 646 1371 «
682 1328 798 1382 Quid
830 1340 931 1383 ergo
967 1322 1178 1380 egerimus
1206 1323 1412 1377 appareat
1442 1333 1454 1371 3

54 1423 204 1454 omnes
221 1442 231 1461 ,
251 1405 462 1464 plurimos
485 1400 717 1462 Apostolus
742 1398 851 1442 dixit
876 1418 887 1454 3
914 1410 1023 1455 quos
1046 1392 1145 1437 ideo
1161 1391 1220 1434 ait
1242 1386 1453 1432 obnoxios

55 1479 200 1532 morti,
215 1475 425 1536 quoniam
444 1472 671 1517 voluntate
686 1469 859 1528 propria
882 1471 1190 1526 peceaverunt.
1204 1462 1300 1504 Non
1323 1457 1455 1515 igitur

55 1546 282 1608 originale,
303 1546 378 1590 sed
400 1542 695 1589 voluntarium
712 1540 874 1583 crimen
895 1544 1086 1580 accusat:
1107 1541 1150 1575 et
1173 1543 1323 1574 revera
1345 1524 1457 1569 nihil

56 1619 176 1665 aliud
197 1617 400 1662 indicant
418 1613 550 1659 verba
572 1648 582 1667 ,
608 1611 641 1654 si
659 1624 811 1654 eorum
834 1607 941 1651 fides
964 1614 1006 1648 et
1031 1602 1268 1663 proprietas
1290 1610 1451 1655 expen-

8 1754 13 1756 ‚
56 1693 203 1736 datur.
221 1692 329 1734 Nam
354 1688 387 1730 si
413 1693 640 1744 peccatum
663 1680 858 1726 erederet
881 1677 935 1720 ad
959 1684 1150 1734 posteros
1178 1666 1455 1729 generatione

58 1762 287 1813 transiisse,
304 1758 350 1803 id
366 1767 444 1812 est,
472 1756 526 1800 ad
548 1770 620 1799 eos
641 1752 717 1812 qui
732 1751 795 1794 ibi
816 1764 905 1793 non
930 1746 1128 1798 fuerant,
1155 1743 1209 1786 ab
1232 1739 1308 1784 illo
1327 1737 1458 1781 fuisse

53 1834 295 1900 jaculatum
312 1866 322 1886 ,
349 1829 573 1874 falsissime
602 1838 752 1869 omnes
775 1834 973 1881 peccasse
996 1813 1315 1877 pronuntiaret.
1342 1826 1363 1848 )›

118 1910 409 1950 Amnum-rs.
449 1903 621 1943 Possem
640 1894 721 1940 tibi
744 1893 885 1937 dicere
914 1909 922 1934 2
947 1884 1180 1942 Quomodo
1201 1880 1339 1927 secuti
1358 1886 1459 1923 sunt

61 1976 220 2037 posteri
243 1973 382 2018 Adam
406 1969 623 2030 peccantis
645 1962 896 2022 exemplum
916 1995 927 2015 ,
952 1959 1030 2019 qui
1052 1972 1141 2001 non
1163 1954 1224 1998 ibi
1243 1952 1424 1996 fuerunt
1442 1983 1453 2004 ,

61 2064 141 2093 nec
157 2049 299 2106 ipsum
326 2051 553 2103 peecatum
571 2037 639 2083 vel
657 2035 878 2087 viderunt,
905 2030 973 2074 vel
994 2028 1241 2078 audierunt,
1267 2021 1335 2066 vel
1365 2035 1458 2065 cre-

63 2117 274 2163 diderunt
295 2117 313 2159 ?
336 2113 419 2158 Sed
438 2127 527 2156 non
547 2112 629 2153 hoe
652 2107 750 2150 dico
778 2123 786 2149 ;
805 2103 908 2147 Fuit
925 2100 1040 2144 enim
1055 2096 1237 2149 AdamQ,
1262 2092 1364 2136 etin
1385 2089 1459 2133 illo

64 2189 226 2233 fuimus
255 2199 406 2230 omnes
434 2202 442 2226 ·,
470 2180 596 2241 periit
619 2178 774 2229 Adam,
801 2173 905 2217 etin
935 2169 1010 2214 illo
1039 2182 1187 2212 omnes
1214 2163 1459 2223 perierunt3

65 2268 242 2320 propter
279 2254 400 2315 quod
421 2254 466 2296 in
486 2251 561 2295 illo
587 2263 736 2294 omnes
768 2245 1030 2289 moriuntur.
1069 2234 1327 2297 Apostolum
1356 2231 1453 2275 audi

68 2328 333 2391 apertissime
376 2326 628 2384 loquentem
658 2355 668 2375 ,
700 2333 788 2362 non
832 2325 876 2359 te
916 2309 1227 2358 tortuosissime
1267 2303 1459 2363 garrien-

89 2417 112 2445 e
165 2435 173 2443 .

71 2412 87 2447 t
116 2417 388 2515 {LXXVIL
416 2467 639 2508 JiLuNrs.
672 2479 688 2499 α,
726 2457 855 2511 Quod
889 2454 1004 2498 enim
1042 2464 1154 2493 unus
1188 2445 1291 2490 facit
1310 2478 1321 2499 ,
1344 2440 1463 2486 etad

72 2541 176 2587 alios
198 2538 360 2597 dirigit,
386 2551 476 2580 non
506 2548 605 2578 vere
640 2532 725 2575 hoc
763 2540 912 2572 omnes·
940 2522 1087 2566 fecisse
1116 2518 1324 2562 dicuutur
1350 2533 1358 2559 ;
1391 2520 1467 2556 aut

124 2635 130 2649 ¹
158 2635 176 2657 '2
194 2627 266 2656 Cor.
290 2635 325 2663 v,
348 2623 397 2663 [4.
414 2639 453 2645 --
472 2626 496 2661 ²>
510 2617 654 2651 Ambros.
674 2615 730 2647 lib.
751 2613 846 2653 vumin
863 2613 938 2642 Luc.
959 2617 1031 2648 cap.
1048 2615 1102 2638 xv,
1125 2613 1210 2634 num.
1233 2600 1287 2642 24.
