1884 3285
441 295 523 336 428
874 310 908 335 s.
943 307 1174 337 Auocsnm
1207 308 1389 336 Emscom
1859 242 1866 380 ἱ

438 369 647 415 catholica
669 380 775 426 erat,
794 380 925 431 atque
941 372 1152 418 catholica
1170 380 1430 433 perseverat,
1456 372 1555 418 ideo
1577 388 1654 418 vos
1674 382 1826 418 contra
1876 388 1884 418 .’

437 441 515 485 ista
544 442 776 486 sentientes
811 452 854 487 et
880 443 1194 488 contendentes
1235 442 1347 487 serre
1379 458 1468 487 non
1502 445 1646 503 potuit
1666 479 1677 500 ,
1702 452 1746 488 et
1777 452 1828 488 ut
1879 456 1884 492 1

437 511 650 556 catholica
676 523 951 572 permaneret
977 549 987 569 ,
1015 515 1311 559 infirmitatem
1333 513 1616 573 parvulorum
1647 529 1825 560 suorum
1878 508 1884 560 i

435 591 574 627 vestra
593 582 873 629 damnatione
896 585 1097 630 munivit.
1864 574 1874 615 ’Δ

496 654 667 699 CLXV.
701 657 927 700 humus.
964 674 984 697 «
1018 656 1247 701 Justificati
1277 658 1424 716 itaque
1446 670 1496 700 ex
1524 654 1612 699 fide
1633 690 1645 710 ‚
1675 670 1824 715 pacem
1865 617 1884 724 ii

438 741 458 765 »
497 724 734 770 habeamus
777 725 830 770 ad
874 729 1012 770 Deum
1050 742 1127 786 per
1170 729 1403 772 Dominum
1441 735 1636 771 nostrum
1679 728 1826 770 Jesum

439 812 458 834 »
495 795 717 839 Christum
740 831 750 850 ,
773 811 847 855 per
867 813 998 856 quem
1021 807 1063 841 et
1091 813 1306 842 accessum
1340 798 1552 842 habemus
1577 798 1623 840 in
1647 797 1829 855 gratiam
1882 847 1884 852 Ι

441 883 458 905 »
493 865 635 920 istam,
659 867 704 909 in
727 883 815 927 qua
829 877 1008 922 stamus,
1035 878 1077 912 et
1099 868 1333 926 gloriamur
1350 868 1395 912 in
1413 883 1488 927 spe
1508 867 1656 927 gloriae
1672 867 1823 910 Dei1.»
1867 797 1884 992 Ε

435 936 520 988 Qui
541 937 664 980 vobis
685 937 855 993 videtis,
889 939 1045 998 inquit,
1064 939 1418 999 justificationem
1445 953 1520 998 per
1549 946 1826 997 peccatorum
1881 937 1884 947 '

435 1007 603 1050 veniam
639 1006 767 1053 fuisse
804 1009 1006 1053 collatam
1025 1045 1035 1064 ,
1067 1010 1237 1053 firmam
1277 1019 1421 1053 tenete
1452 1008 1726 1053 concordiam
1749 1043 1759 1062 ,
1785 1016 1829 1051 et
1871 997 1884 1053 l!

434 1078 610 1136 paribus
641 1080 793 1124 animis
823 1081 1071 1125 Mediatoris
1109 1081 1223 1124 dona
1254 1079 1429 1124 laudate
1454 1114 1464 1134 ,
1504 1080 1626 1139 cujus
1646 1094 1828 1123 munere
1872 1054 1882 1148 l

435 1148 641 1194 collatum
665 1152 790 1195 nobis
814 1160 902 1205 est,
921 1161 971 1195 ut
989 1152 1035 1194 in
1052 1153 1164 1195 hanc
1185 1152 1367 1210 gratiam
1397 1151 1658 1194 haberemus
1675 1150 1849 1207 introis
1873 1152 1881 1256 ἱ

434 1229 527 1263 tum
555 1241 565 1277 3
591 1230 633 1265 et
651 1237 721 1266 eos
745 1238 853 1282 quos
869 1223 1037 1283 justitia
1061 1238 1154 1267 reos
1174 1223 1351 1266 tenebat
1369 1257 1379 1276 ,
1405 1222 1509 1282 quia
1529 1237 1622 1266 reos
1644 1226 1722 1266 nos
1737 1237 1827 1266 non
1874 1254 1884 1301 ἰ

435 1299 589 1334 natura
612 1291 787 1347 fecerat,
815 1293 889 1338 sed
917 1293 1136 1347 voluntas,
1162 1293 1351 1337 libertati
1375 1292 1581 1347 reddidit,
1605 1301 1648 1336 et
1667 1292 1828 1351 eripuit
1874 1303 1884 1947 ἱ

1882 1951 1884 1980 i

1881 730 1884 739 A

435 1359 613 1419 ultioni3
631 1363 933 1423 praestititque,
952 1373 1002 1407 ut
1024 1365 1099 1422 qui
1114 1365 1391 1422 sperabamus
1411 1372 1574 1407 aeterna
1596 1362 1827 1422 supplicia,

438 1431 569 1477 modo
591 1432 826 1491 gloriemur
846 1435 891 1478 in
913 1449 987 1493 spe
1011 1433 1159 1492 gloriae
1182 1435 1273 1478 Dei.
1304 1452 1323 1474 »

494 1507 786 1549 Aret-snms.
823 1508 920 1550 Non
954 1521 1031 1564 per
1058 1505 1192 1549 solam
1221 1514 1500 1564 peccatorum
1538 1504 1829 1548 dimissionem

429 1575 681 1634 justificatio
704 1576 782 1620 ista
804 1575 1043 1632 confertur,
1069 1577 1151 1620 nisi
1175 1577 1424 1621 auctoribus
1447 1576 1585 1620 vobis.
1616 1576 1831 1620 Justificat

435 1646 597 1704 quippe
624 1646 806 1704 impium
848 1650 963 1691 Deus
980 1683 991 1702 ,
1026 1660 1116 1691 non
1145 1646 1286 1691 solum
1309 1645 1574 1690 dimittendo
1594 1661 1694 1705 quae
1716 1645 1831 1690 mala

434 1715 566 1770 facit,
587 1716 811 1760 sedetiam
835 1717 1041 1761 donando
1059 1717 1314 1762 charitatem
1336 1752 1345 1771 ,
1381 1726 1431 1760 ut
1453 1716 1641 1760 declinet
1664 1732 1686 1760 a
1713 1716 1830 1761 malo

435 1794 476 1829 et
505 1784 635 1830 saciat
657 1786 821 1830 bonum
856 1803 933 1846 per
959 1788 1167 1846 Spiritum
1193 1795 1390 1831 sanctum
1410 1821 1421 1841 ,
1447 1788 1570 1845 cujus
1589 1786 1829 1829 subminis-

435 1857 664 1901 trationem
680 1859 829 1918 jugem
855 1860 1061 1919 poscebat
1085 1858 1318 1918 Apostolus
1335 1859 1410 1913 eis,
1435 1858 1597 1918 quibus
1620 1856 1793 1901 dicebat
1815 1876 1824 1902 :

439 1946 458 1968 «
483 1928 666 1974 Oramus
684 1938 829 1973 autem
849 1930 903 1973 ad
926 1933 1080 1984 Deum,
1099 1945 1154 1973 ne
1174 1929 1281 1989 quid
1303 1928 1468 1973 faciatis
1491 1928 1594 1972 mali
1612 1930 1645 1971 2.
1672 1946 1690 1969 η
1715 1930 1830 1973 Con-

436 2005 500 2041 tra
522 1998 647 2042 istam
678 2001 857 2058 gratiam
887 2000 1030 2057 geritis
1067 1998 1231 2043 bellum
1268 2020 1279 2056 ·,
1310 2009 1360 2043 ut
1392 1999 1582 2042 liberum
1615 2013 1705 2042 non
1738 2013 1828 2041 ser·
1882 1989 1884 2034 ἶ

437 2082 564 2111 mone
582 2069 826 2113 defendatis
845 2105 856 2125 ,
889 2069 963 2114 sed
986 2071 1325 2129 praesumptione
1347 2069 1571 2128 decipiatis
1593 2068 1828 2113 voluntatis
1883 2069 1884 2076 ’

437 2138 681 2183 arbitrium.

494 2211 687 2254 CLXVI.
725 2213 952 2256 JI'LIANUS.
992 2230 1012 2253 «
1057 2213 1222 2255 Verum
1269 2221 1320 2255 ut
1345 2212 1482 2270 magis
1514 2211 1829 2270 exprimeretur

435 2280 570 2324 virtus
590 2281 710 2324 istius
732 2283 1027 2342 securitasque
1042 2283 1268 2337 doctrinae,
1285 2282 1392 2342 quid
1410 2281 1606 2327 conferat
1625 2280 1829 2325 fidelibus

436 2351 709 2411 philosophia
733 2353 974 2397 Christiana
1000 2353 1299 2412 persequitur:
1325 2373 1344 2395 «
1370 2356 1466 2398 Non
1499 2353 1637 2398 solum
1662 2362 1824 2407 autem,

441 2441 458 2462 η
481 2421 556 2465 sed
576 2431 619 2465 et
633 2422 869 2480 gloriamur
886 2424 929 2466 in
946 2424 1168 2481 pressuris,
1188 2423 1367 2466 scientes
1380 2423 1584 2482 quoniam
1603 2422 1828 2467 tribulatio

439 2494 733 2552 »patientiam
772 2503 977 2553 operatur
999 2529 1009 2549 ,
1056 2494 1261 2553 patientia
1296 2503 1439 2538 autem
1483 2494 1786 2553 probationem
1813 2529 1824 2549 ,

441 2581 461 2603 u
486 2564 686 2623 probatio
703 2574 849 2610 autem
874 2580 994 2625 spem
1019 2585 1029 2622 3
1057 2580 1151 2625 spes
1169 2574 1314 2610 autem
1337 2581 1426 2610 non
1443 2564 1698 2620 confundit,
1724 2565 1827 2624 quia

487 2657 495 2671 ¹
518 2651 612 2683 Rom.
629 2660 660 2691 v,
686 2661 694 2683 1
715 2655 747 2683 et
765 2659 796 2684 2.
815 2669 855 2674 —
872 2657 885 2673 ²
906 2659 925 2683 2
946 2652 1017 2683 Cor.
1037 2661 1112 2691 xm,
1133 2660 1164 2691 7.
