1821 3264
258 246 401 273 opums
433 247 611 274 IMPERF.
646 247 809 275 CONTRA
841 251 1010 278 suman.
1049 253 1131 280 ΜΒ.
1171 255 1217 278 11.
1353 242 1435 282 415

53 324 147 356 sum
167 309 364 365 dixisset,
389 319 432 355 et
452 321 562 357 esset
585 312 733 356 similis
756 315 893 359 vobis.
923 317 966 361 Si
985 318 1100 360 enim
1122 333 1270 362 omnes
1291 319 1437 363 imita-

54 389 166 426 tores
187 381 347 425 Christi
365 390 462 440 post
479 383 570 442 ejus
590 382 931 429 incarnationem
944 420 956 440 ,
978 388 1236 444 regeneratis
1251 388 1440 446 parvulis

51 450 226 507 additis,
245 450 528 496 conferantur
548 468 646 497 cum
668 456 966 511 peccatoribus
981 491 992 511 ,
1009 473 1118 516 quos
1141 473 1290 502 omnes
1309 459 1438 504 vultis

11 516 14 566 ἶ
57 531 235 582 propter
252 522 477 567 arbitrium
499 524 709 568 libertatis
728 524 782 568 ad
803 526 1088 571 imitationem
1107 529 1232 586 primi
1251 529 1438 573 hominis

11 595 13 602 '
51 592 267 651 pertinere
281 628 292 648 ,
318 594 374 637 ab
395 593 489 653 ipso
506 592 646 638 Adam
664 609 801 654 usque
822 596 866 638 in
889 597 1021 640 finem
1042 597 1189 642 saeculi
1213 599 1438 643 voluntate

51 672 305 721 peccantes3
340 665 417 723 qui
440 680 590 709 eorum
617 665 758 710 multo
781 665 925 725 plures
946 667 1032 712 sint
1060 667 1283 713 evidenter
1310 685 1439 729 appa-

7 782 10 799 ἱ
52 742 143 788 ret,
167 742 218 777 ut
235 743 278 777 et
299 744 440 779 vestra
462 734 648 779 falsitate
669 736 917 780 vincamini.

7 805 10 814 ’
106 804 302 848 CXLIX.
337 807 566 850 Jummus.
607 823 627 846 «
653 806 696 849 Si
729 806 844 849 enim
879 806 1008 865 quale
1044 816 1116 862 tu,
1158 809 1244 852 tale
1273 807 1437 868 aliquid

47 871 119 916 ille
136 874 360 929 sensisset,
385 874 540 919 debuit
561 875 714 934 utique
736 874 902 930 dicere,
929 879 1007 919 Per
1025 878 1154 921 unius
1175 877 1435 922 inobedien-

45 943 150 987 tiam
174 953 419 1002 peccatores
443 945 669 989 constituti
690 955 791 989 sunt
820 960 992 1001 omnes,
1019 947 1093 990 sed
1124 963 1199 1006 per
1221 949 1433 992 obedien-

46 1013 151 1058 tiam
186 1015 347 1059 Christi
372 1031 423 1059 ex
455 1017 522 1060 his
552 1016 684 1076 aliqui
718 1016 772 1060 ad
806 1017 1020 1076 justitiam
1052 1027 1340 1062 reverterunt.
1373 1022 1436 1062 Ita

0 1070 6 1138 l
45 1084 161 1127 enim
183 1100 358 1143 prorsus
381 1086 419 1129 ei
441 1085 715 1146 loquendum
739 1085 904 1141 fuerat,
929 1087 963 1130 si
980 1088 1063 1131 hoc
1080 1087 1201 1148 quod
1226 1097 1273 1131 tu
1291 1087 1432 1144 fingis,

0 1147 5 1252 ᾖ
44 1153 251 1200 voluisset
278 1155 475 1214 intelligi.
510 1159 823 1201 Verumtamen
854 1173 955 1201 cum
977 1158 1058 1202 hac
1081 1159 1292 1202 sententia
1325 1158 1437 1202 illud

0 1256 3 1288 t
45 1224 164 1269 aliud
186 1227 452 1285 nequivisset
476 1242 686 1281 asserere,
711 1226 850 1271 multo
876 1228 1011 1286 magis
1033 1227 1246 1286 profuisse
1275 1228 1434 1272 Christi

45 1295 225 1353 gratiam
240 1330 251 1351 ,
276 1312 410 1356 quam
430 1296 538 1341 Adae
561 1296 737 1341 laesisset
760 1297 980 1357 iniquitas.
1018 1299 1108 1341 Etsi
1132 1314 1234 1356 ergo
1262 1298 1435 1357 penitus

0 1385 2 1438 ξ
43 1365 328 1420 nesciremus,
360 1367 436 1426 qui
458 1382 550 1410 mos
573 1376 707 1421 esset,
729 1382 818 1426 quo
840 1382 916 1426 per
938 1367 1280 1411 inobedientiam
1306 1368 1435 1411 unius

40 1434 229 1480 hominis
251 1435 379 1481 multi
397 1446 644 1496 peccatores
661 1437 866 1481 constitui
883 1436 1131 1481 dicerentur
1154 1457 1164 1483 ;
1184 1447 1330 1481 tamen
1347 1452 1432 1482 ma-

41 1515 164 1549 neret
184 1507 231 1550 in
252 1507 413 1562 solido,
438 1523 527 1552 non
544 1509 628 1552 hoc
650 1508 867 1566 pertine-re
885 1507 941 1551 ad
960 1507 1168 1565 originale
1189 1518 1430 1567 peccatum,

41 1576 161 1636 quod
182 1577 415 1637 Apostolus
446 1578 762 1634 inculcaverat,
789 1577 958 1633 multis,
990 1594 1078 1623 non
1096 1579 1303 1623 omnibus
1325 1594 1433 1623 con-

40 1647 205 1692 venire.
235 1666 255 1690 >›

99 1721 393 1765 Auens'rnvus,
431 1722 491 1763 De
507 1719 656 1763 multis
672 1727 715 1763 et
729 1719 933 1763 omnibus
947 1754 958 1773 ,
973 1720 1063 1778 jam
1081 1734 1334 1778 responsum
1351 1728 1429 1762 est.

42 1791 133 1834 Nec
162 1791 221 1834 sic
242 1790 439 1836 locutum
466 1790 598 1835 fuisse
624 1789 907 1850 Apostolum,
933 1788 1303 1849 quemadmodum
1327 1789 1434 1832 (licis

42 1874 144 1904 eum
175 1860 299 1921 loqui
327 1861 551 1916 debuisse,
586 1861 620 1905 si
654 1862 739 1904 hoc
767 1860 930 1904 diceret
964 1859 1082 1919 quod
1113 1874 1192 1903 nos
1222 1859 1427 1912 dicimus,

41 1931 150 1991 quid
166 1932 325 1976 mirum
350 1934 448 1976 est?
470 1931 836 1990 Quandoquidem
853 1931 1019 1975 etiamsi
1040 1965 1050 1984 ,
1077 1930 1319 1974 secundum
1339 1945 1428 1983 vos,

12 2015 14 2017 ·
41 2001 278 2060 Apostolus
299 2017 376 2061 per
397 2002 526 2046 unius
545 2001 752 2058 delictum
774 2002 833 2045 ita
856 2000 1016 2044 multos
1040 2010 1284 2059 peccatores
1305 2015 1432 2043 cons-

42 2072 194 2116 titutos
223 2088 313 2117 esse
342 2072 544 2127 dixisset,
571 2081 620 2116 ut
649 2071 778 2115 iidem
809 2072 936 2115 multi
965 2087 1053 2115 non
1076 2080 1250 2131 possent
1284 2085 1433 2114 omnes

41 2142 252 2202 intelligi,
289 2143 365 2188 sed
390 2144 436 2187 hi
460 2153 630 2187 tantum
657 2143 732 2202 qui
763 2157 813 2185 ex
836 2142 1073 2186 imitatione
1096 2141 1222 2200 primi
1247 2141 1433 2184 hominis

42 2214 215 2272 propria
246 2214 471 2259 voluntate
504 2221 768 2272 peccarunt,
799 2227 888 2256 non
910 2212 1017 2255 dixit
1039 2227 1115 2270 per
1139 2210 1430 2255 obedientiam

41 2284 201 2329 Christi
222 2300 273 2329 ex
295 2285 359 2328 his
381 2284 548 2344 aliquos
568 2284 824 2343 justificatos
838 2318 848 2337 ,
869 2282 992 2343 quod
1011 2292 1157 2326 tamen
1175 2296 1326 2326 verum
1349 2289 1427 2324 est.

42 2354 160 2407 Quid
181 2364 244 2399 est
265 2370 368 2414 ergo
390 2355 509 2414 quod
532 2353 659 2408 dicis,
686 2373 705 2395 (ι
727 2354 760 2397 si
783 2352 867 2397 tale
890 2351 1057 2412 aliquid
1086 2352 1213 2410 quale
1236 2366 1312 2395 nos
1330 2365 1431 2394 sen-

42 2425 163 2469 sisset
185 2424 442 2485 Apostolus,
474 2440 576 2469 eum
605 2424 749 2468 dicere
771 2423 971 2467 debuisse
987 2457 997 2477 ,
1026 2426 1107 2466 Per
1127 2422 1256 2465 unius
1276 2421 1431 2464 inobe-

44 2494 254 2539 dientiam
285 2504 533 2555 peccatores
562 2494 783 2539 constituti
807 2502 908 2536 sunt
929 2507 1078 2536 omnes
1093 2526 1104 2546 ,
1129 2490 1203 2535 sed
1227 2506 1302 2550 per
1324 2491 1431 2534 obe·
1462 2553 1469 2559 ῃ

44 2563 254 2611 dientiam
275 2566 436 2612 Christi
461 2581 513 2610 ex
533 2566 599 2610 his
621 2564 753 2624 aliqui
775 2563 830 2608 ad
845 2562 1054 2622 justitiam
1078 2563 1382 2607 reverterunt?
1407 2578 1427 2602 »
