1821 3264
259 244 402 271 OPERIS
436 245 609 271 IMPERF.
644 244 805 271 CONTRA
840 244 1007 272 JULIAN.
1045 246 1125 271 Lm.
1163 246 1192 272 1.
1334 233 1417 273 245

43 307 117 353 sed
150 308 238 366 ipsa
266 307 361 366 lege
390 309 581 367 peccati,
614 311 724 352 Deus
762 318 860 353 tuus
899 311 1122 355 nocentior
1144 320 1338 370 apparet.
1365 313 1422 355 Et

43 387 138 439 post
164 379 257 422 haec
279 379 578 437 profanissime
606 378 828 423 catholicis
854 380 1148 425 sacerdotibus
1178 381 1424 426 convicium

43 449 159 502 facis,
186 458 234 492 ut
256 447 371 493 dicas
394 464 465 493 eos
494 464 650 508 negare
680 450 859 508 gratiam
885 452 1064 505 Christi,
1098 453 1218 511 cujus
1242 454 1424 512 aequita-

41 530 126 564 tem
151 528 330 563 tuentur
356 540 363 565 :
392 536 489 564 cum
517 535 593 564 nos
615 519 843 564 laudemus
865 521 1042 580 quidem
1062 522 1334 567 clementiam
1357 539 1426 568 re-

42 590 300 644 mediorum,
318 591 390 635 sed
409 591 554 649 legum
578 600 780 634 manente.
799 592 980 650 justitia.

99 665 390 705 Anmrswmvs.
424 662 596 706 Utinam
620 661 855 705 catholicos
885 677 1137 718 agnosceres
1165 662 1422 718 sacerdotes,

21 731 113 790 ·qui
131 731 260 789 longe
282 732 531 791 priusquam
555 745 643 774 esse
671 731 878 789 coepistis,
899 731 1102 775 dixerunt
1124 732 1426 791 concupiscen-

42 801 138 844 tiam
161 801 314 854 carnis,
344 817 443 860 quae
466 801 734 860 concupiscit
757 801 960 845 adversus
978 803 1201 860 Spiritum,
1227 803 1425 862 quamvis

39 869 240 913 adversus
264 885 357 913 eam
378 871 504 914 ctiam
529 870 703 929 spiritus
726 871 1019 929 concupiscat,
1045 887 1143 932 quae
1171 871 1239 915 lex
1269 871 1428 916 intelli-

38 941 153 998 gitur
179 955 267 984 esse
283 942 444 999 peccati
465 941 660 985 resistens
673 940 759 1000 legi
774 942 930 985 mentis
946 951 1042 1001 post
1059 951 1287 1001 peccatum
1304 943 1425 1002 quod

37 1011 78 1053 in
106 1011 302 1070 paradiso
320 1020 615 1070 perpetratum
640 1021 718 1065 est,
740 1013 973 1056 humanam
997 1013 1168 1056 vitiasse
1185 1023 1383 1058 naturam
1414 1033 1423 1058 ε

36 1083 154 1125 unde
178 1083 268 1126 sine
291 1082 364 1126 illa
385 1082 516 1127 modo
544 1084 734 1127 nascitur
755 1098 883 1128 nemo
902 1104 912 1142 3
938 1084 1065 1143 eique
1083 1084 1255 1143 spiritus
1273 1084 1426 1130 adver-

37 1161 154 1196 satur
171 1153 216 1195 in
239 1154 418 1206 sanctis,
440 1163 488 1197 ut
506 1154 620 1213 juste
639 1155 788 1199 vivant
808 1189 817 1208 ,
845 1155 1085 1213 pugnando
1107 1164 1257 1199 contra
1279 1154 1421 1210 illam,

36 1222 173 1267 donec
205 1223 394 1282 perfecta
418 1225 602 1268 hominis
622 1225 760 1269 salute
775 1260 785 1279 ,
807 1234 849 1268 et
871 1240 1000 1268 carne
1023 1241 1123 1269 cum
1147 1226 1303 1285 spiritu
1324 1227 1419 1286 ple-

37 1293 206 1336 nissime
237 1294 530 1337 concordante
552 1296 640 1353 jam
665 1292 848 1338 nonsit.
882 1296 991 1338 Dicit
1008 1296 1261 1340 Ambrosius
1288 1299 1320 1352 1,
1349 1311 1426 1356 per

37 1363 431 1422 praevaricationem
462 1364 589 1421 primi
615 1364 800 1407 hominis
829 1366 870 1407 in
897 1374 1094 1408 naturam
1128 1367 1304 1410 vertisse
1334 1367 1422 1410 dis-⁷

37 1434 276 1478 sensionem
309 1434 448 1477 carnis
474 1443 516 1477 et
550 1434 725 1492 spiritus
764 1453 771 1478 :
814 1449 997 1494 eamque
1025 1435 1332 1479 dissentionem
1364 1428 1423 1481 sic

35 1505 277 1561 Cyprianus
299 1503 515 1555 ostendit,
542 1503 586 1545 in
609 1519 697 1562 quo
724 1506 860 1547 Poeno
886 1505 1091 1547 Punicam
1116 1505 1315 1548 dialexim
1335 1540 1346 1560 ‚
1373 1515 1423 1550 ut

34 1582 164 1631 puto,
201 1572 378 1616 irridere
406 1588 494 1616 non
524 1573 679 1625 audes,
706 1574 826 1632 quod
851 1573 992 1616 lacere
1026 1574 1072 1616 in
1104 1589 1174 1618 me
1196 1589 1324 1618 ausus
1348 1590 1416 1620 es:

41 1663 60 1685 «
86 1646 160 1687 Est
184 1647 213 1697 ¹,
240 1645 400 1704 inquit,
436 1646 547 1687 inter
569 1659 741 1687 carnem
765 1654 808 1687 et
834 1644 1033 1701 spiritum
1067 1645 1344 1700 colluctatio,
1377 1656 1422 1691 et

31 1714 379 1758 discordantibus
411 1714 640 1758 adversum
663 1729 706 1757 se
728 1714 913 1757 invicem
933 1714 1185 1773 quotidiana
1215 1731 1420 1774 congres-

33 1784 110 1838 sio,
132 1793 281 1827 utnon
305 1799 404 1842 quae
426 1783 627 1827 volumus
649 1784 740 1841 ipsa
761 1784 986 1837 faciamus,
1009 1785 1112 1827 dum
1130 1785 1304 1843 spiritus
1327 1801 1421 1830 coe·

36 1854 154 1898 lestia
180 1863 222 1897 et
244 1853 386 1897 divina
410 1855 594 1914 quaerit,
621 1869 720 1897 caro
744 1864 911 1897 terrena
938 1863 981 1898 et
1010 1853 1230 1899 saecularia
1258 1871 1421 1901 concu-

37 1924 160 1983 piscit
187 1942 195 1967 :
219 1933 260 1966 et
288 1923 385 1966 ideo
404 1924 590 1981 petimus
615 1923 727 1966 inter
749 1922 838 1966 duo
859 1925 936 1966 ista
954 1959 963 1976 ,
992 1939 1074 1981 ope
1092 1933 1135 1967 et
1157 1924 1318 1969 auxilio
1343 1927 1419 1970 Dei

34 1995 307 2038 concordiam
332 1995 440 2046 fieri,
460 2004 509 2036 ut
527 1993 632 2037 dum
652 2002 694 2036 et
711 1994 755 2036 in
778 1994 929 2051 spiritu
950 1994 1050 2037 etin
1073 2009 1202 2037 carne
1219 1994 1420 2040 voluntas

38 2065 109 2108 Dei
125 2066 302 2121 geritur,
323 2080 422 2122 quae
440 2079 517 2122 per
534 2079 633 2106 euin
650 2072 796 2106 renata
817 2073 880 2107 est
903 2064 1044 2106 anima
1068 2073 1274 2108 servetur.
1292 2065 1422 2118 Quod

34 2143 180 2193 aperte
194 2142 323 2192 atque
338 2132 566 2177 manifeste
579 2131 812 2191 Apostolus
827 2148 902 2176 sua
915 2147 1020 2176 voce
1032 2131 1242 2178 declarat:
1259 2136 1416 2190 «Caro,

35 2223 54 2246 ³>
69 2205 225 2264 inquit,
251 2203 518 2261 concupiscit
543 2203 747 2247 adversus
770 2203 984 2262 spiritum,
1011 2212 1053 2247 et
1074 2205 1248 2262 spiritus
1263 2205 1418 2249 adver—

39 2294 59 2317 »
75 2291 143 2319 sus
158 2290 332 2319 carnem
346 2276 361 2299 '³
379 2295 390 2330 3
409 2275 500 2318 haec
519 2275 633 2318 enim
653 2275 836 2318 invicem
858 2274 1141 2318 adversantur
1154 2275 1250 2330 sibi,
1267 2285 1419 2320 utnon

38 2361 116 2389 »ea
139 2361 238 2404 quae
259 2345 407 2398 vultis,
433 2346 522 2403 ipsa
548 2344 725 2388 faciatis.
742 2362 761 2385 »
776 2347 897 2388 Hanc
912 2353 960 2387 tu
982 2344 1259 2388 concordiam
1281 2347 1419 2390 carnis

35 2426 77 2460 et
97 2417 289 2474 spiritus,
313 2430 443 2474 quam
469 2431 546 2459 nos
563 2425 726 2474 optare,
753 2424 795 2458 et
818 2432 838 2458 a
864 2415 1050 2458 Domino
1072 2416 1173 2459 dicit
1196 2431 1316 2459 orare
1333 2417 1418 2473 Cy-

83 2525 92 2540 ¹
113 2517 259 2550 Ambros.
282 2516 338 2549 lib.
358 2527 402 2550 vn
418 2517 450 2549 in
470 2519 546 2550 Luc,
565 2528 636 2560 cap.
660 2528 716 2558 κη,
740 2528 768 2549 v.
790 2516 841 2548 52.
861 2534 901 2540 —-
920 2523 931 2538 '²
951 2517 1102 2558 cyprian,
1121 2517 1161 2550 de
1179 2519 1266 2550 Orat.
1291 2518 1416 2551 nomin.

36 2590 77 2596 —
94 2572 106 2597 3
124 2573 193 2607 Gal.
210 2585 242 2612 v,
265 2584 317 2615 ¹7·
1438 2573 1444 2577 “
