1884 3285
423 267 448 304 6
859 272 893 300 s.
930 271 1162 300 Atausnm
1195 273 1376 299 EPJSCOPI

441 344 530 402 ejus
551 342 666 385 volet
683 341 723 383 ¹?
739 341 800 383 Ac
815 352 891 397 per
906 338 990 382 hoc
1007 346 1049 381 et
1066 335 1308 380 desiderare
1326 336 1530 381 auxilium
1547 337 1712 395 gratiae,
1729 337 1804 381 ini-

435 415 544 458 tium
570 410 715 469 gratiae
737 417 801 452 est
828 427 838 453 :
863 407 917 452 de
935 423 1023 468 quo
1045 408 1102 450 ait
1119 406 1192 450 ille
1214 426 1223 452 :
1250 426 1270 449 ι(
1296 410 1352 452 Et
1379 408 1482 462 dixi,
1518 422 1636 452 nunc
1668 409 1810 467 coepi3

433 502 454 524 »
480 484 572 525 haec
594 489 657 524 est
675 479 920 523 immutatio
949 477 1135 522 dexterae
1154 476 1362 522 Excelsi2.
1390 496 1410 519 »
1437 478 1642 522 Liberum
1667 479 1814 538 itaque

432 551 656 596 arbitrium
681 560 723 594 et
742 550 794 594 ad
818 548 979 593 malum
1001 558 1043 592 et
1065 547 1120 592 ad
1142 548 1308 593 bonum
1330 549 1578 593 faciendum
1596 550 1812 594 confiten-

431 624 535 666 dum
559 631 621 665 est
643 636 720 664 nos
742 619 902 664 habere
924 637 934 664 :
960 619 1034 663 sed
1055 619 1099 662 in
1120 618 1235 662 malo
1259 619 1457 663 faciendo
1474 619 1586 663 liber
1606 629 1670 663 est
1690 621 1813 679 quis-

436 709 521 752 que
535 692 712 752 justitiae
737 705 972 748 servusque
1000 690 1193 748 peccati,
1219 690 1262 733 in
1285 690 1402 733 bono
1428 699 1571 733 autem
1594 689 1704 733 liber
1726 705 1816 734 esse

436 763 583 808 nullus
607 771 764 821 potest,
794 762 875 805 nisi
901 760 1034 805 fuerit
1063 760 1271 805 liberatus
1303 761 1359 804 ab
1387 776 1439 805 eo
1470 761 1546 820 qui
1568 760 1704 805 dixit:
1729 779 1750 803 «
1773 762 1816 806 Si

437 854 457 877 »
478 849 553 879 vos
575 834 708 878 Filius
730 832 993 887 liberaverit,
1019 841 1124 876 tunc
1146 848 1244 876 vere
1266 832 1390 876 liberi
1408 833 1523 876 eritis
1539 834 1571 875 ³.
1600 851 1620 873 »
1646 835 1735 877 Nec
1755 833 1814 876 ita

436 915 502 960 ut,
519 920 616 949 cum
633 904 817 964 quisque
831 904 990 947 suerita
1002 904 1166 962 peccati
1181 904 1694 947 dominationeliberatus
1705 904 1817 963 4jam

436 992 525 1021 non
539 975 727 1033 indigeat
737 975 802 1018 sui
818 974 1056 1018 liberatoris
1067 974 1226 1018 auxilio
1248 993 1256 1019 :
1278 974 1351 1018 sed
1366 974 1424 1018 ita
1440 975 1599 1034 potius,
1613 984 1663 1018 ut
1677 975 1730 1018 ab
1744 974 1817 1018 illo

437 1047 614 1091 audieus
637 1065 645 1090 :
668 1064 687 1087 «
712 1046 812 1090 Sine
826 1060 895 1089 me
908 1045 1017 1089 nihil
1032 1045 1208 1104 potestis
1223 1043 1364 1089 facere
1377 1046 1391 1070 ⁴
1409 1066 1420 1102 3
1437 1062 1457 1085 »
1475 1045 1590 1089 dicat
1602 1045 1641 1088 ei
1653 1045 1816 1104 etipse,

438 1136 459 1160 «
474 1117 789 1176 Adjutormeus
801 1125 909 1170 esto,
921 1131 976 1159 ne
990 1114 1263 1175 derelinquas
1275 1118 1380 1158 me5.
1390 1133 1410 1156 »
1428 1118 1550 1159 Hanc
1559 1114 1707 1169 fidem,
1720 1130 1819 1174 quae

434 1188 525 1231 sine
536 1186 671 1231 dubio
684 1202 782 1230 vera
797 1195 839 1229 et
854 1186 1105 1245 prophetica
1120 1196 1162 1229 et
1178 1185 1412 1243 apostolica
1432 1195 1474 1228 et
1488 1185 1699 1229 catholica
1711 1185 1819 1230 fides

437 1268 515 1311 est,
535 1258 662 1300 etiam
684 1258 727 1299 in
740 1256 872 1299 fratre
885 1265 1032 1299 nostro
1045 1255 1176 1299 Floro
1188 1255 1399 1299 invenisse
1413 1270 1482 1299 me
1500 1255 1668 1314 gaudeo
1680 1274 1688 1300 ι
1700 1255 1819 1300 unde

429 1328 473 1372 hi
490 1328 631 1385 potius
643 1326 885 1382 corrigendi
901 1334 1019 1379 sunt,
1033 1340 1142 1383 quos
1152 1326 1330 1384 quidem
1342 1326 1530 1384 propitio
1546 1329 1634 1371 Deo
1651 1342 1817 1371 correc-

429 1407 494 1442 tos
520 1413 609 1442 esse
621 1398 709 1456 jam
731 1396 941 1450 existimo,
965 1396 1041 1455 qui
1064 1411 1164 1439 eum
1187 1412 1275 1440 non
1293 1397 1607 1454 intelligebant.

485 1470 567 1511 ΙΙΙ.
606 1465 896 1525 Intelligenda
918 1475 980 1509 est
997 1465 1114 1508 enim
1138 1466 1272 1522 gratia
1295 1467 1370 1510 Dei
1392 1482 1466 1525 per
1489 1469 1638 1511 Jesum
1664 1467 1816 1511 Chris-

430 1548 523 1581 tum
553 1538 783 1581 Dominum
807 1545 1030 1590 nostrum,
1055 1552 1142 1595 qua
1173 1536 1260 1580 sola
1294 1538 1489 1582 homines
1522 1536 1765 1581 liberantur
1794 1552 1819 1582 a

430 1608 560 1662 malo,
586 1618 628 1651 et
647 1609 736 1651 sine
757 1624 843 1667 qua
865 1607 1036 1651 nullum
1058 1623 1234 1667 prorsus
1256 1608 1344 1652 sive
1366 1610 1618 1667 cogitando,
1644 1609 1732 1653 sive
1747 1624 1818 1654 vo-

435 1679 562 1722 lendo
578 1689 619 1721 et
640 1679 842 1733 amando,
868 1679 955 1723 sive
977 1679 1144 1737 agendo
1168 1679 1336 1724 faciunt
1354 1680 1519 1724 bonum
1539 1699 1550 1725 ι
1571 1695 1660 1724 non
1677 1680 1819 1724 solum

430 1759 479 1793 ut
499 1758 766 1793 monstrante
783 1751 873 1809 ipsa
889 1750 997 1809 quid
1013 1750 1258 1795 laciendum
1276 1752 1329 1794 sit
1346 1751 1498 1805 sciant,
1519 1765 1669 1795 verum
1690 1751 1818 1795 etiam

426 1830 475 1864 ut
495 1830 728 1878 praestante
739 1822 830 1878 ipsa
845 1819 1001 1864 iaciant
1015 1835 1114 1864 cum
1129 1820 1363 1864 dilectione
1380 1822 1501 1880 quod
1517 1821 1674 1865 sciunt.
1694 1823 1818 1865 Hanc

425 1892 588 1950 quippe
611 1891 936 1949 inspirationem
960 1893 1089 1936 bonae
1111 1891 1349 1936 voluntatis
1363 1901 1495 1951 atque
1511 1893 1652 1951 operis
1668 1908 1818 1952 posce-

425 1963 501 2005 bat
528 1961 762 2019 Apostolus
790 1962 871 2015 eis,
898 1962 1058 2020 quibus
1091 1962 1288 2016 dicebat,
1323 1980 1340 2002 «
1374 1964 1558 2007 Oramus
1584 1973 1731 2008 autem
1760 1963 1817 2008 ad

428 2050 447 2072 »ι
475 2033 632 2084 Deum,
647 2046 702 2074 ne
723 2031 834 2089 quid
859 2030 1024 2075 faciatis
1047 2031 1165 2084 mali,
1191 2046 1281 2075 non
1305 2041 1354 2075 ut
1377 2048 1455 2077 nos
1477 2034 1650 2091 probati
1677 2049 1815 2093 appa-

432 2119 452 2141 »ι
478 2115 663 2154 reamuS‚
694 2100 771 2144 sed
798 2110 849 2144 ut
876 2116 952 2145 vos
982 2101 1103 2160 quod
1129 2102 1296 2145 bonum
1323 2113 1388 2147 est
1416 2103 1626 2148 faciatis⁶.
1661 2122 1681 2145 »
1711 2105 1818 2157 Quis

424 2171 505 2215 boc
527 2170 691 2225 audiat,
712 2181 755 2215 et
777 2187 867 2216 non
887 2171 1075 2229 evigilet,
1102 2180 1234 2231 atque
1256 2173 1446 2218 fateatur
1469 2190 1493 2218 a
1517 2176 1703 2220 Domino
1725 2178 1815 2220 Deo

424 2240 552 2283 nobis
575 2256 681 2295 esse,
708 2250 756 2285 ut
782 2241 1050 2286 declinemus
1072 2257 1096 2285 a
1117 2242 1260 2297 malo,
1297 2252 1342 2288 et
1374 2242 1586 2289 faciamus
1620 2245 1816 2290 honum?

426 2310 793 2371 Quandoquidem
828 2327 917 2356 non
956 2313 1014 2356 ait
1034 2313 1284 2371 Apostolus,
1311 2329 1560 2370 monemus,
1583 2314 1812 2372 docemus,

426 2382 666 2435 hortamur,
692 2383 964 2442 increpamus
993 2403 1002 2428 ι
1028 2383 1103 2427 sed
1125 2384 1205 2438 ait,
1234 2403 1253 2425 ‹<
1277 2385 1461 2429 Oramus
1485 2385 1540 2430 ad
1565 2389 1730 2442 Deum,
1755 2403 1811 2432 ne

429 2470 450 2492 »
476 2451 584 2510 quid
614 2451 778 2497 faciatis
813 2452 937 2508 mali,
968 2453 1043 2497 sed
1075 2453 1195 2513 quod
1223 2455 1388 2498 bonum
1417 2464 1481 2500 est
1500 2455 1680 2501 faciatis.
1710 2476 1729 2499 »
1755 2460 1813 2502 Et

480 2563 489 2576 ¹
511 2558 590 2589 Psal.
609 2566 711 2593 xxxvi,
738 2557 844 2588 23.—
860 2563 873 2578 2
894 2557 940 2588 Id.
960 2567 1069 2595 mxxv,
1093 2568 1145 2590 11.
1161 2575 1201 2581 —-
1220 2556 1232 2580 3
1261 2560 1351 2590 Joan.
1373 2569 1444 2599 vm,
1466 2557 1519 2590 36.
1536 2557 1605 2587 ...4
1624 2559 1671 2591 ld,
1693 2569 1748 2599 xv,
1777 2559 1810 2590 5.

435 2614 498 2638 -5
518 2615 598 2645 Psnt.
619 2625 706 2651 xxvi,
722 2624 754 2655 9.
772 2631 813 2638 -υ
826 2614 842 2637 6
860 2625 871 2646 1
901 2615 961 2646 Cor
979 2625 1046 2654 xiii,
1068 2625 1097 2656 7.
