1821 3264
422 246 475 273 DE
508 246 619 273 nono
652 243 1017 273 PERSEVERANTIAE.
1328 236 1346 272 1
1357 233 1409 273 43

30 308 227 363 facienda
257 323 347 353 non
368 308 530 353 faceret
546 342 557 362 ,
583 307 874 366 respondebat
896 328 905 353 ;
931 308 1270 367 Qualiscumque
1294 323 1412 352 nunc

31 379 135 433 sim,
169 378 263 423 talis
296 393 369 423 ero
389 377 564 438 qualem
595 393 664 421 me
695 380 807 422 Deus
838 378 1037 422 futurum
1067 394 1156 422 esse
1179 378 1406 437 praescivit.

33 449 118 504 Qui
145 448 340 509 profecto
373 458 415 493 et
449 464 599 493 verum
623 447 818 503 dicebat,
855 458 899 492 et
920 449 1003 492 hoc
1030 465 1131 507 yero
1164 465 1253 493 non
1275 449 1410 508 profi-

33 518 172 565 ciebat
198 519 242 562 in
270 519 434 563 bonum
462 537 470 563 :
494 517 567 562 sed
593 532 729 577 usque
750 517 858 562 adeo
878 516 1062 577 profecit
1083 518 1127 561 in
1152 518 1338 570 malum,
1367 527 1414 563 ut

26 587 198 633 *deserta
219 588 466 633 monasterii
487 588 690 632 societate
711 588 833 632 fieret
851 588 968 632 canis
990 603 1183 631 reversus
1205 588 1259 631 ad
1284 603 1412 631 suum

30 659 244 704 vomitum
277 678 285 702 :
317 669 360 703 et
383 668 525 703 tamen
549 658 693 702 adhuc
714 657 851 718 qualis
881 659 936 703 sit
963 658 1163 712 futurus,
1197 658 1412 701 incertum

32 738 108 774 est.
134 729 357 788 Numquid
380 745 483 788 ergo
506 737 680 788 propter
702 729 952 788 hujusmodi
974 728 1139 772 animas
1164 743 1213 771 ea
1237 743 1337 787 quae
1358 726 1413 770 de

32 798 296 857 praescientia
330 799 406 843 Dei
434 813 534 843 vera
557 797 764 842 dicuntur
781 833 792 852 ,
818 799 887 843 vel
908 797 1108 856 neganda
1130 806 1231 840 sunt
1259 795 1327 840 vel
1351 805 1416 839 ta-

32 867 168 912 cenda
186 903 196 923 ‚
219 877 325 913 tunc
340 868 503 913 scilicet
515 903 526 924 ‚
547 868 723 928 quando
739 867 774 912 si
791 883 880 912 non
897 867 1100 913 dicantur
1115 902 1125 921 ‚
1145 867 1191 910 in
1207 865 1311 910 alios
1327 866 1416 910 itur

33 952 195 982 errores
211 940 228 980 ‘2

87 1009 293 1052 XXXIX.
332 1009 442 1053 Sunt
462 1009 589 1052 etiam
614 1008 689 1067 qui
712 1015 938 1067 propterea
959 1006 1027 1051 vel
1049 1021 1138 1050 non
1163 1013 1311 1059 orant,
1347 1005 1417 1049 vel

31 1074 187 1136 frigide
208 1087 354 1133 orant,
379 1079 587 1138 quoniam
610 1079 796 1123 Domino
819 1077 991 1122 dicente
1013 1077 1283 1130 didicerunt,
1309 1076 1417 1119 scire

32 1150 172 1193 Deum
198 1148 304 1209 quid
328 1151 452 1193 nobis
485 1151 772 1195 necessarium
797 1151 873 1195 sit1
891 1185 901 1205 ,
927 1152 1044 1208 prius
1066 1164 1195 1207 quam
1222 1158 1418 1207 petamus

33 1218 88 1262 ab
117 1233 182 1263 eo.
208 1222 322 1264 Num
352 1229 528 1279 propter
556 1220 661 1265 tales
693 1222 819 1280 hujus
850 1221 1076 1265 sententiae
1104 1220 1260 1263 veritas
1293 1219 1417 1262 dese-

34 1287 190 1342 renda,
225 1298 299 1332 aut
334 1305 384 1332 ex
414 1291 652 1348 Evangelio
682 1290 869 1335 delenda
903 1290 1152 1350 putabitur?
1188 1292 1281 1332 Imo
1317 1303 1415 1331 cum

34 1367 201 1402 constet
222 1358 301 1402 alia
324 1362 484 1413 Deum,
508 1359 651 1402 danda
675 1360 803 1403 etiam
824 1376 915 1403 non
937 1359 1188 1413 orantibus,
1211 1359 1322 1402 sicut
1340 1358 1419 1400 ini·

35 1427 143 1472 tium
181 1428 280 1472 fidei
302 1449 313 1486 3
352 1428 433 1472 alia
470 1444 559 1473 non
593 1429 673 1472 nisi
713 1430 938 1473 orantibus
978 1443 1239 1488 praeparasse
1261 1462 1272 1482 ‚
1308 1428 1420 1471 sicut

34 1512 172 1556 usque
201 1499 247 1542 in
274 1499 405 1542 finem
428 1499 791 1558 perseverantiam
818 1519 825 1543 :
860 1498 1054 1557 profecto
1084 1499 1160 1558 qui
1187 1514 1237 1541 ex
1260 1513 1303 1541 se
1324 1498 1417 1555 ipso

35 1567 146 1612 hanc
170 1583 214 1612 se
235 1568 396 1612 habere
419 1578 560 1627 putat,
584 1584 672 1612 non
693 1578 785 1612 orat
810 1579 856 1612 ut
878 1570 1051 1613 habeat.
1076 1568 1332 1613 Cavendum
1355 1575 1419 1610 est

34 1638 186 1697 igitur,
209 1654 264 1682 ne
281 1639 387 1683 dum
404 1640 608 1683 timemus
629 1655 683 1683 ne
702 1649 888 1699 tepescat
907 1640 1118 1694 hortatio,
1140 1639 1419 1697 extinguatur

39 1707 175 1752 oratio
193 1743 203 1763 ‚
229 1709 490 1753 accendatur
507 1708 651 1753 elatiO.

95 1779 188 1821 XL.
224 1779 399 1823 Dicatur
420 1794 523 1837 ergo
545 1794 696 1822 verum
720 1812 731 1833 ,
758 1779 940 1822 maxime
962 1778 1038 1822 ubi
1069 1777 1213 1835 aliqua
1236 1777 1418 1835 quaestio

37 1855 86 1891 ut
107 1847 276 1892 dicatur
292 1847 475 1908 impellit
497 1867 506 1892 2
531 1857 574 1891 et
592 1848 764 1906 capiant
785 1852 862 1908 qui
885 1857 1064 1907 possunt
1082 1868 1092 1903 3
1116 1862 1168 1890 ne
1186 1846 1300 1891 forte
1317 1861 1418 1889 cum

37 1926 202 1962 tacetur
223 1927 400 1977 propter
429 1933 500 1962 eos
522 1919 597 1978 qui
627 1933 780 1976 capere
802 1934 889 1961 11011
914 1928 1094 1977 possunt
1111 1952 1121 1971 ‚
1156 1933 1246 1960 non
1278 1915 1418 1960 solum

36 1988 214 2032 veritate
235 1987 516 2043 fraudentur,
540 2001 693 2033 verum
714 1989 843 2032 etiam
862 1987 1047 2032 falsitate
1064 1988 1290 2046 capiantur
1305 2020 1315 2040 ‚
1342 1985 1419 2044 qui

37 2072 188 2102 verum
218 2073 371 2117 capere
403 2073 492 2116 quo
525 2067 728 2102 caveatur
759 2057 922 2102 salsitas
951 2066 1146 2117 possunt.
1181 2055 1325 2100 Facile
1356 2063 1419 2098 est

37 2128 174 2184 enim3
193 2129 280 2171 imo
298 2137 339 2172 et
362 2128 490 2183 utile,
513 2137 561 2171 ut
579 2124 772 2172 taceatur
794 2126 972 2187 aliquod
991 2142 1141 2171 verum
1160 2135 1335 2185 propter
1356 2125 1420 2168 in-

37 2212 229 2256 capaces.
253 2199 361 2242 Nam
387 2197 503 2241 unde
525 2206 587 2241 est
609 2196 720 2241 illud
742 2197 913 2241 Domini
936 2216 944 2241 :
975 2216 993 2237 «
1017 2195 1173 2241 Adhuc
1192 2195 1329 2239 multa
1348 2194 1419 2238 ha-

41 2284 61 2308 »
88 2266 171 2311 beo
188 2267 311 2312 vobis
328 2267 486 2322 dicere,
507 2266 582 2311 sed
603 2282 690 2311 non
714 2267 890 2325 potestis
906 2266 977 2310 illa
996 2276 1166 2326 portare
1184 2264 1341 2309 modo2
1364 2282 1372 2308 :
1397 2282 1415 2305 »

37 2344 80 2380 et
99 2335 211 2380 illud
232 2336 427 2396 Apostoli
454 2356 462 2380 ε
495 2355 514 2379 «
540 2338 636 2382 Non
663 2337 786 2395 potui
815 2336 938 2381 vobis
959 2336 1080 2395 loqui
1104 2337 1224 2394 quasi
1246 2334 1418 2392 spirita-

43 2425 61 2448 »
85 2406 200 2451 libus
216 2442 227 2463 ‚
250 2408 325 2452 sed
345 2407 467 2467 quasi
488 2407 733 2451 carnalibus
748 2409 761 2433 ³
787 2427 795 2452 :
821 2408 942 2467 quasi
965 2407 1154 2467 parvulis
1177 2407 1222 2449 in
1249 2405 1420 2450 Christo

40 2495 61 2519 »
85 2477 151 2522 lac
173 2477 296 2523 vobis
317 2487 470 2538 potum
490 2477 618 2533 dedi,
643 2494 732 2522 non
754 2493 921 2535 escam·⁷
945 2478 1143 2522 nondum
1169 2476 1282 2520 enim
1303 2486 1420 2534 pote-

87 2567 96 2584 ¹
117 2561 229 2596 Matth.
249 2572 297 2604 vi,
314 2560 346 2594 8.
363 2577 404 2586 -
419 2567 432 2584 ²
452 2562 543 2594 Joan.
563 2572 628 2603 xvi,
650 2571 702 2595 12.
717 2578 756 2584 -—
783 2560 795 2584 ³
819 2573 830 2594 1
852 2563 922 2595 Cor.
941 2572 989 2602 111,
1021 2571 1050 2592 1.
