1884 3285
417 273 499 315 202
860 283 893 309 s.
929 279 1161 311 Acets'nm
1193 281 1374 310 Emscom

416 351 590 407 dignam
614 346 782 406 generis
802 346 984 392 humani
1012 346 1138 403 odio,
1167 346 1326 407 judicis
1344 340 1498 391 'nescio
1527 348 1676 408 cujus,
1709 349 1819 397 imos

415 418 591 478 tyranni
609 417 794 476 allegare
811 433 1040 477 personam
1052 453 1063 473 ,
1085 433 1214 479 quam
1228 418 1418 477 jurando
1433 432 1524 462 non
1536 418 1677 464 solum
1698 434 1805 469 eum⁴

416 506 504 536 non
526 489 767 550 pepercisse
783 489 850 534 his
867 490 942 550 qui
960 489 1070 534 nihil
1086 489 1374 549 peccavissent
1391 524 1401 544 ,
1417 503 1571 539 ,verum
1588 489 1717 535 etiam
1733 490 1803 559 hiq
1814 516 1837 549 ⁴.

415 562 490 622 qui
514 575 594 604 nec
606 575 784 620 peccare
799 561 1055 619 potuissent.
1073 559 1190 605 Solet
1208 560 1370 620 quippe
1386 558 1503 619 apud
1517 556 1825 619 suspiciosum&

415 634 611 678 animum
631 632 746 676 bona
763 632 1026 676 conscientia
1047 630 1246 676 laborare
1267 647 1346 690 pro
1365 630 1617 676 defensione
1633 633 1726 688 sui,
1746 647 1802 678 ne

415 704 528 750 forte
550 703 804 764 deliquerit,
829 704 931 764 quia
951 703 1206 764 delinquere
1222 704 1294 749 vel
1314 704 1457 763 potuit
1481 722 1490 747 ι
1508 702 1708 749 absolute
1724 719 1804 749 au·
1822 698 1824 703 ’

415 785 502 820 tem
523 775 768 820 vindicatur
790 791 814 819 a
830 775 1010 819 crimine
1025 810 1035 830 ,
1062 775 1137 835 qui
1164 776 1255 835 ipsa
1273 775 1335 818 rei
1360 773 1704 834 impossibilitate
1724 774 1803 820 de-i·

415 846 624 892 senditur.
653 846 800 891 Pande
821 847 954 906 igitur
974 846 1070 906 quis
1094 856 1155 891 est
1174 847 1253 892 iste
1269 838 1570 891 innocentium
1585 845 1804 892 addictor.»

416 916 700 978 Respondens
722 920 836 962 Deus
857 937 865 962 ε
892 917 1138 977 percussisti
1158 916 1336 978 quidem
1355 917 1548 961 animum
1566 951 1578 972 ,
1603 918 1678 962 sed
1700 917 1804 978 quia

415 990 486 1034 vix
507 997 679 1033 tantum
699 987 970 1047 sacrilegium
989 987 1120 1034 fidem
1150 996 1340 1032 meretur
1358 1023 1369 1044 ,
1395 987 1503 1048 quid
1530 986 1687 1033 dixeris
1712 1003 1804 1033 am-

415 1061 664 1119 bigamus1.-
683 1060 850 1105 Scimus
875 1061 991 1104 enim
1018 1061 1286 1117 homonyme
1313 1060 1515 1118 usurpari
1534 1074 1697 1104 nomen
1719 1061 1834 1106 hoo?

416 1146 540 1190 posse
565 1150 574 1176 2
597 1150 617 1172 «
645 1132 756 1175 Sunt
777 1131 940 1190 quippe
957 1130 1017 1174 dii
1043 1129 1169 1174 multi
1185 1139 1228 1173 et
1242 1128 1409 1173 domini
1423 1129 1576 1187 multi,
1594 1129 1722 1176 nohis
1738 1139 1809 1177 ta-

418 1221 438 1244 »
459 1218 559 1246 men
577 1217 691 1246 unus
713 1210 776 1246 est
790 1204 902 1245 Deus
919 1205 1045 1246 Pater
1066 1216 1116 1246 ex
1139 1216 1227 1262 quo
1251 1201 1412 1256 omnia,
1428 1210 1473 1246 et
1495 1216 1609 1246 unus
1627 1211 1692 1246 est
1709 1205 1833 1247 Do-*r‘

418 1292 438 1316 »
462 1273 606 1317 minus
628 1275 752 1317 Jesus
774 1273 970 1318 Christus
992 1288 1070 1334 per
1090 1287 1221 1334 quem
1244 1274 1391 1318 omnia
1406 1276 1438 1317 2.
1462 1291 1482 1317 >›
1511 1277 1648 1327 Quem
1672 1274 1810 1334 igitur·

416 1349 556 1390 Deum
586 1346 631 1389 in
659 1346 823 1390 crimen
848 1347 1005 1390 vocas?
1033 1346 1114 1390 Hic
1142 1355 1191 1390 tu
1220 1346 1418 1390 sacerdos
1445 1345 1764 1405 religiosissime
1787 1373 1828 1404 ‚-

414 1427 618 1477 retorque
639 1416 887 1462 doctissime
902 1453 912 1473 ,
933 1417 1108 1462 exhalas
1124 1418 1287 1462 tristius
1309 1426 1352 1462 et
1373 1416 1591 1462 horridius
1614 1417 1780 1478 aliquid
1790 1428 1833 1476 ,ῖς

414 1504 547 1549 quam
563 1489 633 1533 vel
655 1489 874 1533 Amsancti
895 1489 1019 1534 vallis
1037 1492 1124 1548 (3),
1145 1488 1212 1533 vel
1228 1498 1385 1549 puteus
1402 1490 1590 1545 Averni,
1609 1490 1697 1534 imo
1711 1505 1807 1535 sce-

417 1560 563 1605 lestius
585 1575 716 1621 quaxn
741 1561 832 1620 ipsa
859 1561 906 1604 in
928 1561 994 1605 his
1015 1559 1120 1605 locis
1142 1560 1360 1605 idolorum
1383 1559 1556 1605 cultura
1576 1562 1807 1606 commise-

416 1640 496 1675 rat.
529 1634 643 1676 Deus
662 1667 672 1685 ,
698 1632 778 1686 ais,
809 1632 899 1691 ipse
921 1632 996 1691 qui
1019 1631 1298 1677 commendat
1327 1646 1450 1676 suam
1473 1632 1728 1677 charitatem
1759 1623 1824 1677 in*

415 1703 565 1757 nobis,
598 1703 673 1762 qui
706 1701 855 1746 dilexit
885 1718 990 1757 nos,
1031 1712 1073 1747 et
1109 1703 1219 1747 Filio
1245 1717 1325 1747 suo
1355 1717 1446 1747 non
1474 1704 1697 1763 pepercit,
1731 1701 1810 1748 sed

416 1789 494 1833 pro
513 1774 638 1817 nohis
655 1772 780 1817 illum
803 1773 1005 1829 tradidit,
1029 1774 1119 1833 ipse
1141 1774 1200 1817 sic
1216 1773 1412 1833 judicat,
1433 1774 1525 1833 ipse
1545 1783 1611 1819 est
1626 1789 1810 1819 nascen-

414 1845 524 1888 tium
546 1854 798 1904 persecutor
816 1881 826 1899 ,
850 1845 941 1905 ipse
964 1861 1042 1904 pro
1065 1844 1179 1889 mala
1197 1845 1422 1889 voluntate
1439 1846 1612 1890 aeternis
1632 1845 1809 1904 ignibus

415 1914 618 1975 parvulos
636 1914 791 1971 tradit,
818 1931 928 1976 quos
944 1931 1026 1960 nec
1049 1916 1210 1960 bonam
1227 1950 1237 1970 ‚
1259 1930 1339 1961 nec
1356 1915 1517 1960 malam
1537 1915 1810 1961 voluntatem

414 1987 494 2031 scit
513 1987 673 2030 habere
691 1988 895 2046 potuisse.
922 1991 1024 2032 Post
1044 1989 1159 2033 hanc
1181 2003 1284 2047 ergo
1305 1988 1562 2033 sententiam
1579 2023 1590 2043 ‚
1617 1998 1705 2033 tam
1727 1988 1809 2032 im-

417 2072 588 2100 manem
605 2092 615 2111 ,
642 2066 730 2101 tam
749 2058 998 2117 sacrilegam
1013 2094 1023 2114 ,
1043 2067 1131 2103 tam
1149 2058 1366 2103 funestam
1379 2093 1390 2114 ‚
1409 2058 1442 2103 si
1460 2059 1572 2103 sanis
1584 2058 1808 2118 judicibus

418 2136 668 2184 uteremur,
705 2128 816 2173 nihil
845 2138 1004 2188 praeter
1035 2131 1352 2175 execrationem
1384 2129 1449 2173 tui
1482 2129 1644 2174 referre
1670 2128 1808 2174 debe-

419 2215 526 2244 rem.
559 2202 583 2244 J
590 2208 682 2251 usta
715 2200 830 2244 enim
847 2234 858 2255 ,
899 2209 942 2244 et
971 2200 1190 2260 probabili
1227 2201 1437 2260 gravitate
1456 2236 1466 2256 ,
1501 2200 1734 2260 indignum
1763 2208 1809 2244 te

417 2271 712 2330 disputatione
728 2286 947 2315 censerem
961 2307 971 2327 ,
995 2272 1069 2331 qui
1087 2287 1138 2316 eo
1152 2287 1289 2332 usque
1307 2273 1362 2316 ab
1385 2272 1614 2330 religione,
1632 2272 1686 2316 ab
1704 2285 1808 2316 eru-

417 2342 582 2387 ditione
602 2378 611 2396 ,
638 2359 660 2386 a
684 2343 992 2387 communibus
1015 2351 1235 2402 postremo
1263 2343 1458 2387 sensibus
1476 2343 1737 2402 aufugisses,
1757 2351 1811 2388 ut

420 2414 539 2473 quod
562 2414 630 2458 vix
651 2413 741 2459 ulla
758 2413 979 2459 barbaries
994 2449 1005 2469 ‚
1028 2414 1262 2458 Dominum
1280 2423 1408 2459 tuum
1422 2414 1705 2460 criminosum
1721 2410 1830 2475 pu-'

418 2494 546 2529 tates.
1802 2503 1804 2506 ·

478 2560 771 2602 Aramum-s.
798 2559 895 2603 Non
915 2565 979 2601 est
998 2571 1206 2615 magnum
1225 2591 1235 2612 ,
1256 2556 1377 2616 quod
1393 2555 1514 2602 vides
1535 2572 1622 2602 non
1648 2558 1808 2603 habere
1832 2550 1836 2554 ’

469 2648 475 2663 ¹
501 2652 514 2674 1
536 2641 733 2683 Cor.v1n‚5
748 2645 781 2674 et
799 2641 831 2674 6.
850 2648 918 2667 ——2
938 2644 1029 2675 Rom.
1051 2653 1082 2684 v,
1103 2643 1136 2684 8,
1166 2648 1199 2675 et
1218 2653 1287 2679 vm,
1310 2643 1361 2675 32.
