1821 3264
255 261 401 290 ouius
432 257 608 287 naun.
641 251 805 283 CONTRA
837 250 1005 280 sunm.
1042 251 1124 278 ms.
1160 250 1190 275 1.
1329 232 1413 274 247

37 329 187 378 illicita
205 362 217 384 ‚
246 325 443 387 profecto
479 324 569 382 ipsa
604 318 767 364 malum
805 327 895 371 est,
930 332 1017 376 qua
1046 313 1418 372 concupiscuntur

38 399 215 453 illicita,
239 406 282 442 et
310 396 345 441 si
371 394 490 440 nulla
522 388 802 437 consensione
818 421 830 441 ‚
866 386 1078 445 nulloque
1105 397 1235 443 opere
1264 395 1418 440 perpe·

39 478 225 517 trantur.
251 466 421 512 Iudicia
455 463 531 508 Dei
551 475 680 522 porro
696 473 773 503 vos
794 456 984 501 evertitis
999 489 1010 509 ,
1035 455 1112 514 qui
1137 452 1304 512 generis
1333 451 1421 495 hu-

32 539 157 587 -mani
193 537 384 582 miserias
423 532 676 592 incipientes
701 544 725 572 a
756 524 973 586 parvulis,
1008 524 1098 568 sine
1129 522 1222 567 ullo
1259 521 1424 580 peccati

38 611 195 657 merito
210 608 304 653 fieri
321 606 460 652 dicitis
484 625 498 661 ·,
519 617 599 647 nec
615 600 782 646 donum
804 597 882 642 Dei
904 595 1094 655 poscitis,
1114 608 1170 637 ne
1192 592 1358 636 intretis
1381 591 1427 635 in

40 681 323 728 tentationem
345 713 356 733 ,
380 678 465 722 hoc
486 683 566 729 est,
591 687 647 716 ne
674 669 860 731 peccetis
890 670 904 694 ¹
933 686 942 711 z
973 667 1019 710 in
1041 674 1182 710 vestra
1203 663 1320 707 enim
1339 662 1428 706 vir-

41 763 138 799 tute
171 750 390 797 confiditis
421 750 438 772 ²
458 782 469 802 ,
501 754 545 790 et
564 759 640 789 vos
670 743 715 787 in
754 740 923 786 Psalmo
957 746 1105 782 sancto
1139 742 1311 780 notatos
1343 747 1432 777 esse

43 834 175 885 atque
196 822 424 868 damnatos
448 853 459 874 ,
491 817 562 863 vel
591 830 681 860 non
718 812 872 859 videtis
903 810 1008 855 caeci
1029 843 1040 863 ,
1065 807 1132 853 vel
1166 805 1312 852 stolidi
1343 819 1434 850 non

42 894 213 942 doletis.

102 964 307 1009 LXXIII.
336 963 563 1006 Jcnanns.
590 957 779 999 «Verum
794 953 883 1012 jam
903 962 1135 1010 pergamus
1157 955 1200 990 et
1224 945 1279 990 ad
1300 944 1433 989 verba

44 1051 156 1090 mea,
180 1049 281 1094 quae
297 1031 352 1076 de
371 1029 629 1091 praefatione
650 1023 837 1077 sublata,
856 1022 937 1066 sibi
957 1021 1014 1064 im
1023 1017 1257 1078 pugnanda
1278 1029 1432 1074 propo-

44 1107 131 1151 suit
157 1107 172 1132 ³
201 1124 209 1149 :
234 1123 255 1146 n
288 1103 396 1148 Satis
418 1101 552 1159 igitur
575 1095 877 1142 admonuerim
895 1128 905 1146 ,
931 1093 989 1136 sic
1012 1091 1142 1134 istum
1177 1087 1310 1132 verba
1341 1099 1436 1129 mea

46 1176 168 1237 quasi
194 1171 433 1218 refellenda
460 1168 543 1214 sibi
564 1179 808 1227 proponere
828 1161 1016 1207 voluisse
1033 1195 1044 1214 ,
1074 1167 1125 1203 ut
1157 1157 1260 1201 alibi
1285 1154 1436 1200 mediis

48 1245 251 1292 detractis
293 1241 525 1287 sententias
567 1240 902 1293 interrumperet
921 1267 931 1285 ,
968 1230 1071 1275 alibi
1112 1227 1313 1272 extremis
1347 1240 1438 1269 non

49 1315 206 1362 additis
233 1313 482 1358 decurtaret
504 1331 516 1366 3
541 1318 584 1353 et
606 1323 684 1352 cur
712 1307 796 1349 hoc
824 1302 993 1355 fecerit,
1012 1300 1276 1345 sufficienter
1298 1304 1440 1340 osten-

49 1388 188 1433 derim
210 1385 227 1426 ‘2
250 1386 375 1430 Nunc
397 1380 452 1426 ad
473 1395 520 1424 ea
540 1414 551 1433 ,
580 1393 680 1437 quae
700 1376 812 1420 sicut
831 1372 969 1418 voluit
989 1406 1000 1425 ,
1023 1379 1169 1414 nostra
1193 1365 1436 1426 proposuit,

50 1474 150 1520 quae
182 1472 259 1501 sua
279 1453 497 1513 posuerit,
523 1448 759 1494 videamus.
789 1448 1042 1504 Sequuntur
1064 1442 1177 1485 enim
1199 1440 1289 1498 jam
1306 1437 1438 1481 verba

50 1531 169 1589 ejus,
197 1536 241 1571 et
266 1525 378 1570 sicut
408 1523 488 1567 iste
513 1518 774 1570 insinuavit,
813 1516 889 1574 qui
922 1514 1002 1557 tibi
1031 1508 1275 1556 chartulam
1306 1506 1438 1560 misit,

51 1600 171 1660 prius
193 1594 358 1657 aliquid
387 1593 442 1638 de
464 1590 718 1652 praefatione
750 1583 1004 1644 conscripsit
1019 1617 1030 1637 ‚
1055 1579 1211 1641 procul
1233 1577 1367 1622 dubio
1384 1575 1440 1619 li-

53 1671 234 1715 brorum
257 1680 408 1711 eorum
425 1698 436 1718 ,
458 1662 512 1707 de
533 1661 695 1720 quibus
716 1672 854 1717 pauca
875 1653 1104 1712 decerpsit.
1132 1648 1184 1694 Id
1217 1657 1360 1692 autem
1383 1646 1442 1690 ita

53 1755 144 1786 sese
178 1738 326 1783 habet.
363 1755 383 1776 ιι
414 1737 648 1784 Doctores,
678 1728 851 1786 inquit,
875 1723 1012 1768 nostri
1045 1719 1252 1779 temporis
1271 1753 1283 1772 ‚
1309 1715 1442 1761 frater

54 1809 314 1861 beatissime,
335 1814 379 1849 et
400 1802 576 1848 nefariae
589 1835 599 1855 ,
623 1813 722 1859 quae
740 1796 882 1840 adhuc
904 1793 1042 1837 fervet
1059 1826 1070 1845 ,
1096 1787 1318 1834 seditionis
1341 1800 1444 1830 auc-

55 1890 184 1933 tores,
209 1878 263 1922 ad
285 1875 530 1927 hominum,
547 1883 736 1930 quorum
755 1865 910 1912 sanctis
932 1862 1084 1907 studiis
1106 1867 1312 1911 uruntur,
1332 1871 1441 1900 con-

57 1949 255 1996 tumelias
277 1956 321 1991 et
341 1945 524 1990 exitium
545 1941 832 1986 decreverunt
854 1950 930 1995 per
952 1933 1122 1977 ruinam
1143 1930 1273 1974 totius
1295 1925 1444 1971 Eccle-

55 2023 127 2068 siae
146 2018 372 2081 pervenire
398 2037 409 2073 3
433 2029 523 2059 non
543 2009 832 2067 intelligentes
851 2014 1065 2065 quantum
1088 2002 1154 2045 his
1177 1996 1444 2044 contulerint

57 2092 235 2138 honoris
254 2125 266 2145 ,
285 2101 475 2149 quorum
503 2082 789 2129 ostenderunt
810 2076 987 2136 gloriam
1007 2073 1088 2118 nisi
1109 2086 1210 2116 cum
1231 2066 1443 2113 catholica

58 2163 269 2222 religione
294 2174 385 2204 non
406 2155 596 2216 potuisse
617 2149 818 2197 convelli.
844 2149 953 2193 Nam
985 2145 1020 2189 si
1043 2143 1140 2203 quis
1158 2149 1234 2185 aut
1254 2138 1442 2183 liberum

59 2236 106 2280 in
124 2231 375 2278 hominibus
397 2226 625 2272 arbitrium
643 2258 654 2276 ,
679 2230 754 2265 aut
774 2223 912 2263 Deum
930 2230 1020 2260 esse
1046 2211 1315 2258 nascentium
1339 2222 1444 2252 con-

61 2306 248 2350 ditorem
279 2299 449 2352 dixerit,
474 2293 758 2341 coelestianus
784 2298 827 2333 et
857 2285 1112 2344 Pelagianus
1147 2289 1342 2325 vocatur.
1381 2279 1444 2322 Ne

61 2376 194 2435 igitur
214 2380 426 2418 vocentur
446 2364 637 2411 haeretici
657 2398 667 2416 ,
687 2363 799 2406 fiunt
814 2356 1046 2404 Manichaei
1070 2373 1079 2399 :
1098 2362 1141 2397 et
1162 2352 1269 2396 dum
1292 2348 1443 2393 falsam

61 2454 267 2491 verentur
287 2440 538 2491 infamiam,
563 2448 713 2479 verum
744 2431 908 2476 crimen
931 2429 1159 2471 incurrunt
1185 2441 1192 2466 :
1218 2422 1351 2464 instar
1377 2418 1442 2461 fe·-

113 2555 122 2570 ¹
142 2545 255 2579 Matth.
278 2555 384 2583 xxxxi,
409 2542 460 2584 41.
476 2556 517 2563 ·-
533 2545 546 2562 ²
565 2536 644 2570 Psal.
666 2544 779 2567 nvm.
804 2543 833 2571 ἡ.
850 2548 891 2553 -
908 2527 921 2553 3
940 2527 1018 2560 vide
1035 2526 1093 2559 lib.
1111 2535 1131 2556 ii
1151 2524 1191 2554 de
1208 2520 1343 2563 Nuptiis,
1368 2529 1438 2560 cap.
1453 2561 1461 2566 ἢ

66 2613 86 2637 ¹2
103 2602 155 2635 vel
177 2602 207 2635 3.
