1884 3285
417 263 500 302 492
937 272 1272 299 Annon-rmum,

415 343 486 384 siae
514 339 743 399 praefectus
773 338 907 383 fuerit
926 373 936 393 ‚
962 338 1167 383 dissensio
1189 348 1281 383 crat
1302 338 1537 399 aliquando
1570 340 1682 384 inter
1703 355 1800 385 eru-

415 411 527 455 ditos
543 446 554 464 ,
579 425 678 454 cum
703 411 748 453 in
771 409 986 454 Gennadii
1005 409 1119 454 libro
1136 410 1190 454 de
1207 411 1488 470 scriptoribus
1506 411 1801 456 ecclesiasticis

417 483 664 542 episcopus
681 480 897 525 diceretur
918 481 1182 540 Capuanus
1201 499 1211 526 :
1231 482 1274 526 in
1297 483 1492 542 Prosperi
1508 491 1653 526 autem
1665 483 1802 528 Chro-
1865 479 1869 486 ⁴

414 555 512 597 nico
526 587 536 607 ,
570 550 795 595 Julianus
816 553 866 596 A
870 550 1145 596 tellanensis
1166 574 1188 607 ,·
1209 554 1253 596 in
1276 552 1454 612 epistola
1486 553 1601 597 Petri
1630 553 1802 598 diaconi

415 624 470 668 ad
513 622 738 667 Africanos
771 624 990 683 episcopos
1035 626 1082 668 in
1124 624 1318 669 Sardinia
1358 624 1504 668 exules
1526 659 1536 679 ,
1576 622 1803 669 Julianus

415 694 696 739 Eclanenszss·
719 714 740 745 ,·
763 696 808 738 in
826 693 983 738 Gelasii
1005 710 1129 754 papae
1162 694 1338 740 decreto
1371 695 1426 739 de
1448 695 1669 755 scripturis
1693 710 1804 755 apo-

414 767 590 825 cryphis
608 801 618 821 ‚
662 764 943 809 Celanensz's
980 765 1196 824 legeretur
1228 783 1239 810 .·
1279 781 1367 826 quo
1405 766 1535 810 etiam
1566 766 1802 825 posteriore

418 836 544 880 titulo
578 852 601 880 a
635 835 751 879 Beda
790 834 1045 895 praefatione
1069 836 1148 880 lib.
1180 845 1218 880 1.
1251 837 1294 880 in
1327 837 1507 881 Cantica
1535 837 1802 881 canticorum

415 908 618 951 donatur.
649 907 834 950 Tametsi
866 922 991 951 voces
1013 906 1128 960 illae,
1160 904 1351 951 Julicmi
1376 905 1657 950 Celanensis
1681 907 1805 965 epis—

416 979 526 1037 copi
546 994 578 1021 (ι
607 977 901 1036 Campania,
919 978 1079 1037 quibus
1108 979 1225 1021 Beda
1248 978 1404 1032 utitur,
1431 977 1630 1022 absolute
1644 977 1808 1036 possint

417 1050 475 1093 ita
488 1049 659 1108 exponi,
680 1057 730 1092 ut
752 1049 978 1092 sulianum
999 1057 1097 1091 ortu
1121 1047 1298 1106 quidem
1322 1048 1622 1104 Celanemem,
1641 1049 1808 1107 episco-

417 1121 503 1181 pali
533 1130 677 1164 autem
706 1120 806 1163 sede
832 1121 1104 1178 Campanum
1127 1119 1258 1162 fuisse
1292 1119 1536 1177 significent
1561 1139 1569 1163 :
1596 1118 1809 1180 quemad-

417 1191 596 1235 modum
621 1206 720 1234 cum
743 1206 844 1234 eum
859 1194 1041 1249 Prosper
1062 1189 1399 1243 Atellanensem‚
1428 1194 1577 1234 Petrus
1597 1190 1806 1235 diaconus

417 1261 712 1316 Edanensem‚
738 1261 931 1305 Gelasius
950 1261 1231 1306 Celanensem
1262 1260 1474 1315 nominat,
1497 1259 1810 1321 appellationes

418 1334 517 1377 istas
548 1333 601 1377 de
633 1332 765 1376 natali
801 1334 894 1392 ejus
928 1332 1024 1377 loco
1046 1368 1056 1386 ,
1091 1332 1270 1391 perinde
1303 1342 1434 1391 atque
1469 1332 1523 1376 de
1551 1334 1809 1393 episcopali,

418 1404 565 1448 liceret
600 1405 873 1463 interpretari
913 1423 921 1448 :
955 1413 1086 1463 atque
1117 1404 1176 1446 ita
1214 1418 1302 1462 quo
1341 1404 1483 1447 minus
1519 1403 1672 1448 sedisse
1709 1420 1811 1448 eum

417 1478 579 1535 Capuae
611 1477 886 1520 crederemus
911 1511 922 1531 ‚
949 1475 1058 1519 nihil
1076 1483 1238 1519 vetaret
1260 1496 1270 1531 3
1296 1475 1375 1517 nisi
1400 1475 1678 1520 observatum
1700 1485 1810 1520 esset

418 1546 533 1606 apud
544 1549 820 1591 Gennadium
832 1549 876 1591 in
892 1548 1214 1607 probatioribus
1232 1547 1551 1606 manuscriptis,
1569 1547 1749 1592 velutin
1761 1562 1813 1593 eo

418 1632 549 1677 quem
568 1618 612 1660 in
629 1617 865 1676 appendice
886 1618 1125 1676 sequimur,
1140 1616 1437 1676 antiquissimo
1453 1617 1687 1676 exemplari
1705 1619 1814 1664 Cor-

421 1687 600 1740 heiensi,
621 1687 793 1730 nullum
807 1686 860 1730 de
873 1686 1037 1730 Juliani
1053 1687 1306 1745 episcopatu
1320 1687 1507 1729 verbum
1527 1688 1720 1746 reperiri.
1744 1689 1812 1733 Sic

420 1774 548 1818 porro
558 1759 685 1801 etiam
700 1760 897 1817 Prosperi
913 1757 1123 1803 editiones
1148 1759 1425 1813 recentiores,
1443 1773 1520 1817 pro
1529 1758 1815 1814 Atellanensi,

421 1829 705 1873 Eclanensem
740 1845 791 1873 ex
832 1829 1020 1874 melioris
1057 1839 1171 1873 notae
1220 1844 1319 1873 mss.
1358 1830 1644 1874 substituunt.
1677 1832 1818 1883 Quam

423 1899 598 1960 quidem
613 1900 927 1944 correctionem
949 1899 1057 1944 nihil
1068 1909 1263 1943 moratus
1287 1903 1442 1944 Petrus
1465 1903 1620 1945 Franc.
1638 1901 1819 1945 Chiffie-

425 1972 521 2025 tius,
540 1970 724 2029 primam
742 1971 939 2029 Prosperi
961 1969 1191 2014 lectionem
1207 1970 1288 2013 alia
1310 1970 1521 2029 potiorem
1537 1986 1641 2024 esse,
1658 1986 1707 2015 ac
1719 1986 1819 2015 vere

423 2041 647 2085 ,lulianum
672 2041 826 2086 Atellae
845 2077 855 2096 ,
875 2057 973 2101 quae
1006 2041 1050 2084 in
1089 2041 1273 2084 urbibus
1308 2041 1558 2099 Campaniae
1587 2041 1688 2085 olim
1711 2041 1820 2085 cele-

429 2112 655 2167 brabatur,
679 2122 721 2156 et
744 2128 767 2155 e
785 2113 907 2171 cujus
934 2112 1068 2155 ruinis
1093 2115 1252 2155 Aversa
1277 2109 1559 2169 postmodum
1579 2112 1692 2155 inter
1710 2114 1821 2157 Nea-

430 2182 562 2241 polim
581 2185 867 2244 Capuamque
892 2184 1074 2227 excitata
1096 2191 1184 2236 est,
1209 2181 1356 2225 sedem
1374 2182 1564 2226 tenuisse
1584 2182 1738 2226 voluit.
1765 2185 1823 2228 At

427 2255 771 2297 controversiam
791 2252 953 2297 decidit
981 2254 1141 2298 Marius
1159 2255 1376 2296 Mercator
1397 2252 1560 2295 Juliani
1581 2251 1758 2312 aequalis
1781 2262 1825 2298 et

428 2324 611 2368 remulus
630 2359 640 2378 ,
671 2326 852 2384 ejusque
889 2323 1083 2381 gentilis,
1118 2323 1224 2367 dum
1248 2324 1390 2368 verbis
1429 2324 1650 2383 conceptis
1681 2324 1823 2383 ipsum

430 2397 531 2440 alias
549 2395 848 2456 Episcopum
870 2394 1195 2440 Eclanensem
1210 2430 1224 2449 ,
1257 2395 1358 2438 alias
1377 2396 1716 2454 exepiscopum
1737 2412 1824 2455 op-
1882 2447 1884 2450 Α

426 2466 532 2525 pidi
548 2465 840 2510 Eclanensis
857 2474 985 2509 vocat
1010 2485 1018 2509 2
1047 2481 1135 2524 quo
1156 2480 1255 2508 cum
1274 2467 1516 2509 Mercatore
1535 2469 1712 2510 Petrum
1731 2466 1825 2511 dia-

432 2552 592 2581 conum
613 2536 867 2591 ,Gelasium,
887 2551 935 2579 ac
955 2535 1115 2579 Bedam
1130 2570 1140 2590 ,
1162 2551 1248 2579 una
1274 2545 1442 2580 mutata
1464 2537 1532 2580 vel
1568 2538 1824 2597 transposita

432 2610 573 2655 littera
597 2610 850 2666 conciliare,
875 2625 964 2654 non
982 2610 1040 2653 ita
1061 2610 1202 2667 magni
1233 2610 1392 2666 negotii
1414 2608 1559 2653 fuerit.
