1821 3264
265 304 409 331 OPERIS
442 306 617 332 IMPERF.
653 306 812 334 CONTRA
847 309 1013 336 JULIAN.
1050 311 1130 337 Lm.
1168 312 1214 338 11.
1347 298 1429 338 469

57 368 314 424 adornetur,
341 379 415 414 aut
435 371 585 414 vitium
608 381 692 425 est,
717 382 789 417 aut
807 374 952 418 vitiata
976 384 1036 418 cst
1058 395 1066 420 z
1093 391 1171 420 nec
1194 377 1429 432 immerito,

58 437 268 484 militibus
301 440 459 484 Christi
494 456 516 484 a
552 441 710 500 quihus
741 442 1004 500 debellatur,
1039 446 1183 490 odiosa
1213 455 1299 505 est3
1333 462 1431 491 cum

58 525 144 571 qua
164 510 255 570 ipse
273 511 496 556 concludis
513 547 524 568 ,
550 521 599 556 ut
620 527 712 556 eam
732 523 772 557 et
793 530 1040 574 expugnare
1063 526 1103 560 te
1123 517 1259 572 dicas,
1282 527 1325 562 et
1345 517 1435 561 lau-

58 579 161 625 dare
177 596 266 626 non
288 582 526 627 erubescas.
554 585 634 626 Per
648 584 759 628 hanc
777 585 967 629 humana
990 602 1088 646 quae
1105 589 1314 641 nascitur,
1337 602 1435 632 caro

58 652 220 710 peccati
245 662 306 697 est
331 672 338 698 :
364 663 540 712 propter
561 654 680 713 quod
703 670 778 714 per
798 656 915 700 illam
940 658 1054 701 nasci
1077 658 1217 702 noluit
1240 659 1334 715 ille,
1360 657 1436 719 qui

56 730 184 766 natus
203 732 265 767 est
281 724 326 767 in
343 723 624 768 similitudine
645 726 781 770 carnis
799 728 961 786 peccati
981 749 991 786 3
1013 744 1059 772 ac
1077 743 1152 787 per
1169 729 1266 783 hoc,
1288 745 1437 789 quam-

54 791 117 835 vis
144 792 189 836 in
221 808 349 837 carne
375 809 496 850 vera,
529 810 616 839 non
640 804 784 839 tamen
816 797 859 839 in
888 812 1015 841 carne
1047 800 1225 857 peccati.
1262 801 1324 842 Ex
1356 801 1437 844 hac

56 864 403 922 concupiscentia
422 899 432 919 ‚
458 873 654 924 suscepta
678 875 774 919 tua,
796 867 875 910 tibi
893 867 1068 926 quidem
1091 868 1271 928 pulchra
1294 870 1435 925 nimis,

55 932 130 977 sed
153 933 272 977 foeda
296 935 498 979 omnibus
522 937 704 991 sanctis,
725 939 1000 995 generatione
1016 940 1201 983 trahitur
1223 940 1440 999 originalis

56 1004 218 1062 peccati
253 1003 506 1060 vinculum,
546 1006 634 1050 sola
664 1008 984 1064 regeneratione
1012 1008 1265 1053 solvendum
1295 1029 1303 1054 ι
1332 1010 1440 1053 illud

56 1073 219 1119 factum
252 1084 315 1119 est
349 1090 425 1134 per
452 1076 614 1132 Adam,
653 1078 734 1122 hoc
770 1079 817 1122 fit
850 1094 925 1138 per
948 1080 1192 1138 Christum3
1226 1080 1335 1124 illud
1367 1096 1442 1139 per

55 1160 184 1205 quem
219 1154 446 1205 peccatum
476 1148 650 1191 intravit
684 1149 726 1191 in
755 1149 996 1203 mundum,
1022 1151 1104 1194 hoc
1133 1165 1208 1209 per
1240 1166 1338 1194 eum
1367 1151 1441 1210 qui

56 1215 169 1260 tollit
203 1225 429 1275 peecatum
457 1218 625 1261 mundi.
655 1220 721 1263 Sic
744 1220 935 1278 agnoscit
959 1220 1095 1264 Adam
1121 1229 1163 1264 ct
1187 1221 1406 1266 Christum
1426 1255 1438 1275 ‚

56 1287 130 1346 qui
154 1302 206 1330 ex
229 1286 368 1330 Adam
394 1289 561 1333 transiit
584 1288 637 1332 ad
656 1290 891 1334 Christum.

114 1357 310 1402 CCXIX.
346 1360 572 1403 thLIANL‘5.
614 1378 630 1400 «
663 1360 779 1413 Quid
812 1375 914 1419 ergo
950 1360 1146 1404 additum
1174 1370 1270 1420 post
1306 1361 1441 1419 legem

55 1437 118 1473 est
146 1438 325 1488 peccato
359 1431 572 1485 naturali,
607 1431 725 1491 quod
758 1432 935 1491 quidem
967 1447 1055 1476 non
1085 1433 1223 1476 solum
1248 1432 1443 1492 prohibi-

54 1508 148 1543 tum
165 1501 177 1525 ¹
203 1508 278 1543 aut
299 1500 638 1545 condemnatum
657 1536 667 1555 ‚
688 1516 839 1546 verum
863 1502 992 1546 etiam
1013 1518 1093 1547 nec
1110 1502 1260 1546 leviter
1277 1503 1445 1561 vitupe-

53 1580 195 1615 ratum
223 1580 298 1614 aut
319 1572 509 1615 tenuiter
531 1581 751 1616 ostensum
776 1572 988 1631 probatur
1010 1573 1054 1615 in
1075 1572 1195 1630 lege?

114 1645 405 1687 AUGrsTINUs.
442 1643 698 1687 Ostenditur
722 1653 765 1687 et
795 1644 839 1687 in
862 1642 979 1701 lege,
1013 1642 1087 1686 sed
1118 1643 1151 1687 si
1174 1643 1295 1687 vobis
1320 1641 1443 1686 aufe-

54 1721 175 1756 ratur
207 1713 448 1757 velamen2.
483 1712 598 1767 Quid
621 1714 735 1757 enim
758 1713 875 1757 aliud
900 1712 1142 1758 ostenditur
1166 1712 1444 1756 damnatione

55 1783 211 1828 animae
247 1783 361 1828 illius
399 1785 474 1843 qui
501 1793 653 1828 octavo
687 1784 756 1827 die
791 1799 879 1827 non
915 1782 1296 1828 circumciditur3i‘
1327 1781 1442 1835 Quid

55 1853 175 1898 aliud
212 1854 483 1909 ostenditur,
523 1855 701 1915 quando
734 1854 901 1898 infante
938 1864 1040 1899 nato
1073 1854 1328 1898 sacrificium
1364 1869 1444 1913 pro

55 1934 236 1984 peccato
249 1926 435 1985 jubetur
457 1925 627 1970 offerri4
645 1927 661 1967 ἶ)
683 1925 802 1984 quod
820 1926 909 1985 jam
928 1940 1054 1984 supra
1071 1925 1320 1969 memoravi.

113 1997 286 2040 CCXX.
325 1999 551 2040 Jummrs.
593 2015 611 2037 «
637 1997 764 2040 Certe
787 2011 841 2039 ne
864 2004 911 2039 tu
931 1995 1105 2055 quidem
1132 1995 1239 2039 adeo
1261 1994 1440 2053 desipis,

54 2075 103 2111 ut
134 2067 275 2122 dicas,
308 2067 472 2126 peccati
501 2068 725 2111 traducem
757 2076 854 2125 post
886 2067 1254 2111 circumcisionem
1288 2065 1442 2109 factam

54 2152 142 2180 esse
164 2139 370 2198 majorem
393 2158 400 2182 ι
427 2138 650 2198 quomodo
674 2152 774 2195 ergo
802 2136 1041 2181 abundavit
1062 2146 1160 2196 post
1184 2136 1318 2194 legem
1343 2151 1442 2195 quae

54 2223 134 2252 nec
167 2209 361 2266 arguitur
391 2210 433 2252 in
458 2208 551 2267 lege
568 2243 578 2263 ,
605 2223 683 2252 nec
706 2207 929 2269 proditur?
966 2211 1020 2252 At
1045 2208 1130 2251 hoc
1160 2207 1256 2250 vido
1273 2241 1283 2261 ,
1309 2220 1439 2266 quam

54 2293 169 2322 sanae
191 2278 489 2336 intelligentiae
512 2280 739 2334 concinat,
765 2295 864 2338 quae
887 2288 1111 2338 peccatum
1131 2279 1174 2321 in
1193 2276 1281 2321 sola
1297 2276 1439 2319 delin-

54 2350 227 2409 quentis
249 2350 474 2394 voluntate
498 2351 738 2395 constituit.
767 2352 913 2408 Usque
937 2350 991 2392 ad
1013 2348 1150 2407 legem
1176 2348 1279 2391 dicit
1302 2350 1440 2405 Apos-

54 2420 169 2465 tolus
199 2420 328 2464 fuisse
356 2423 609 2480 peccatum⁵
626 2455 637 2475 ‚
669 2428 717 2464 ut
741 2429 838 2479 post
859 2420 995 2477 legem
1020 2417 1284 2476 intelligatur
1310 2416 1438 2460 fuisse

55 2490 353 2550 praevaricatio
378 2525 388 2545 ‚
429 2490 701 2549 promulgata
738 2488 939 2533 videlicet
972 2497 1185 2547 praecepta
1222 2497 1437 2545 transgre-

103 2599 113 2616 ¹
134 2594 239 2625 Forte
258 2603 319 2624 non
334 2593 541 2635 prohibitum.
554 2609 593 2616 -
609 2599 622 2614 2
641 2601 660 2624 t).
676 2594 746 2625 Cor.
765 2603 812 2633 ιιι,
836 2592 886 2623 16.
899 2607 939 2613 -
952 2589 965 2613 3
984 2593 1063 2623 Gen.
1079 2601 1160 2631 xvn,
1184 2590 1233 2631 14.
1247 2588 1313 2619 -4
1332 2589 1433 2621 Levit.

57 2660 111 2688 xu,
128 2648 161 2681 6.
175 2667 213 2672 -n
226 2647 240 2671 5
260 2651 352 2682 Rom.
372 2662 402 2688 v,
427 2649 476 2680 13.
