1821 3264
0 326 3 412 F

0 415 3 474 ι

431 269 482 294 οε
517 269 626 296 nomo
659 264 1023 297 rnasssanAm-im.
1340 258 1419 294 157

45 334 155 375 Deus
185 339 228 374 et
263 332 482 390 proximus
514 331 718 390 diligatur
750 352 758 376 :
790 334 846 375 ita
872 331 1147 391 praedicanda
1178 340 1240 375 est
1274 340 1317 375 et
1344 332 1423 376 ista

42 400 363 462 praedestinatio
386 402 694 446 beneficiorum
721 403 793 445 Dei
815 438 825 456 ,
864 412 911 446 ut
944 403 1018 462 qui
1050 404 1180 446 habet
1203 418 1326 446 aures
1351 418 1425 446 au·

42 471 211 526 diendi,
234 487 322 517 non
340 473 384 516 in
408 488 451 517 se
473 474 588 532 ipso,
614 473 687 516 sed
712 474 754 517 in
773 474 959 517 Domino
977 473 1198 530 glorietur.

100 545 198 586 LII.
229 543 357 595 Quod
390 553 534 587 autem
564 543 745 596 dicunt,
775 563 793 584 «
820 559 909 587 non
937 558 1045 602 opus
1074 542 1203 586 fuisse
1226 544 1426 603 hujusce-

43 611 158 657 modi
182 612 484 673 disputationis
505 615 670 658 incerto
693 614 834 657 minus
856 614 1190 672 intelligentium
1210 622 1272 657 tot
1296 613 1425 658 corda

44 683 209 728 turbari
236 704 244 729 :
275 685 482 744 quoniam
503 700 591 729 non
612 686 752 729 minus
774 685 937 730 utiliter
958 686 1049 729 sine
1072 686 1152 729 hac
1173 683 1427 728 definitione

45 754 432 814 praedestinationis
455 770 530 814 per
552 764 616 799 tot
639 771 774 799 annos
792 756 968 800 defensa
983 764 1046 799 est
1068 754 1279 799 catholica
1301 754 1423 808 fides,

46 833 135 868 tum
168 834 316 870 contra
351 825 482 879 alios,
516 834 608 869 tum
645 826 829 870 maxime
865 835 1015 870 eontra
1052 825 1332 883 Pelagianos,
1364 833 1428 867 tot

43 893 353 939 catholicorum
377 905 419 939 et
442 895 623 939 aliorum
649 905 692 938 et.
717 896 873 939 nostris
892 894 1422 954 praecedentibuslibris2»

45 964 230 1008 multum
255 965 386 1008 miror
411 980 482 1009 eos
505 964 648 1009 dicere
671 987 682 1023 3
713 981 792 1009 nec
818 965 1066 1019 attendere,
1094 973 1143 1008 ut
1165 964 1220 1007 de
1243 964 1332 1008 aliis
1354 965 1427 1008 hic

0 1052 1 1056 ¹
45 1044 223 1086 taceam,
250 1035 361 1095 ipsos
383 1036 516 1080 libros
536 1046 701 1080 nostros
725 1046 767 1081 et
791 1045 1023 1095 antequam
1051 1034 1266 1093 Pelagiani
1291 1049 1427 1093 appau

46 1120 137 1148 rere
151 1106 394 1164 coepissent,
417 1109 680 1165 conscriptos
698 1105 906 1161 ereditos,
928 1114 970 1148 et
997 1105 1144 1149 videre
1162 1119 1290 1165 quam
1313 1103 1429 1147 mul—

45 1175 97 1218 tis
125 1191 274 1220 eorum
300 1176 404 1221 locis
436 1175 626 1220 futuram
660 1178 897 1220 nescientes
929 1175 1201 1234 pelagianam
1232 1175 1429 1218 haeresim

44 1245 332 1302 caedebamus,
357 1247 635 1307 praedicando
659 1249 836 1306 gratiam
852 1283 862 1301 ,
887 1263 970 1307 qua
997 1262 1073 1290 nos
1098 1250 1210 1289 Deus
1234 1245 1387 1289 liberat
1407 1262 1429 1289 a

47 1315 168 1360 malis
201 1318 417 1362 erroribus
450 1328 492 1361 et
525 1319 716 1362 moribus
750 1318 931 1371 nostris,
962 1333 1048 1360 non
1085 1316 1431 1376 praecedentibus

47 1386 170 1431 bonis
207 1387 368 1430 meritis
401 1388 557 1431 nostris
578 1422 589 1441 ,
622 1386 782 1431 faciens
812 1389 893 1431 hoc
923 1386 1161 1431 secundum
1199 1386 1430 1444 gratuitam

44 1456 379 1501 misericordiam
403 1472 541 1509 suam.
569 1456 700 1509 Quod
723 1456 892 1516 plenius
914 1472 1061 1516 sapere
1084 1456 1198 1514 coepi
1217 1457 1259 1498 in
1279 1471 1326 1498 ea
1348 1454 1431 1498 dis-

45 1528 286 1586 putatione,
304 1544 435 1587 quam
458 1528 603 1586 scripsi
620 1527 673 1571 ad
697 1528 835 1572 beatae
858 1528 1079 1572 memoriae
1103 1526 1429 1585 Simplicianum

47 1599 294 1657 episcopum
332 1599 664 1643 Mediolanensis
699 1598 935 1653 Ecclesiae,
971 1600 1012 1643 in
1050 1598 1131 1641 mei
1158 1597 1431 1656 episcopatus

47 1668 236 1725 exordio,
262 1668 440 1730 quando
460 1679 502 1714 et
524 1670 696 1714 initium
716 1669 815 1713 fidei
835 1670 1000 1714 donum
1024 1670 1099 1713 Dei
1123 1683 1212 1712 esse
1229 1667 1428 1725 cognovi,
1465 1663 1468 1666 ’

45 1749 87 1784 et
107 1742 278 1785 asserui.

105 1814 224 1855 LIII.
262 1811 379 1865 Quid
410 1821 555 1856 autem
586 1826 779 1856 meorum
818 1810 1127 1870 opusculorum
1162 1809 1431 1869 frequentius

47 1889 90 1925 et
109 1881 410 1926 delectabilius
432 1883 700 1926 innotescere
723 1882 880 1940 potuit,
903 1896 1031 1941 quam
1056 1880 1155 1924 libri
1181 1878 1430 1924 Confessio-·

48 1967 151 1996 num
177 1968 367 1997 mearum
391 1955 409 1997 Ρ
430 1955 542 1998 Cum
571 1962 613 1997 et
653 1954 764 2011 ipsos
799 1952 1006 1996 ediderim
1042 1961 1273 2010 antequam
1305 1949 1430 1993 Pela-

46 2022 169 2083 giana
188 2024 358 2068 haeresis
379 2023 582 2067 extitisset
609 2044 619 2080 3
646 2023 691 2065 in
715 2023 773 2066 eis
804 2031 920 2067 certe
952 2021 1038 2065 dixi
1063 2024 1151 2064 Deo
1184 2030 1332 2064 nostro
1351 2054 1361 2072 ,
1388 2028 1432 2062 et

44 2109 156 2154 saepe
186 2093 272 2138 dixi
300 2113 309 2139 z
343 2098 401 2138 Da
425 2093 543 2154 quod
565 2094 719 2153 jubes,
748 2103 789 2137 et
808 2094 916 2152 jube
945 2091 1063 2152 quod
1088 2092 1166 2135 vis.
1197 2093 1304 2144 Quae
1336 2105 1431 2133 mea

43 2165 175 2208 verba
204 2164 402 2222 Pelagius
425 2167 576 2208 Romae
596 2166 628 2218 ¹,
650 2179 748 2207 cum
778 2179 799 2206 a
827 2162 1015 2223 quodam
1040 2161 1168 2205 fratre
1195 2170 1239 2204 et
1267 2160 1431 2217 coepis-

43 2249 153 2294 copo
169 2249 264 2278 meo
287 2233 468 2279 fuissent
492 2250 543 2278 eo
568 2242 777 2292 praesente
806 2241 1166 2285 commemorata,
1200 2230 1310 2274 serre
1343 2244 1431 2272 non

43 2305 199 2364 potuit,
226 2315 268 2348 et
291 2305 592 2349 contradicens
626 2305 850 2364 aliquanto
873 2303 1133 2348 commotius
1152 2338 1161 2356 ,
1194 2317 1304 2360 pene
1329 2315 1428 2344 cum

47 2390 96 2420 eo
117 2375 194 2435 qui
220 2374 293 2418 illa
316 2383 728 2419 commemoraverat
751 2373 948 2431 litigavit.
975 2372 1088 2425 Quid
1108 2387 1210 2415 vero
1234 2370 1432 2429 primitus

48 2454 89 2489 et
109 2446 292 2489 maxime
316 2449 427 2489 Deus
448 2445 596 2505 jubet,
617 2444 697 2488 nisi
721 2453 768 2487 ut
793 2443 1019 2487 credamus
1042 2443 1086 2485 in
1108 2456 1205 2485 eum
1231 2443 1248 2484 P
1271 2444 1327 2483 Et
1349 2440 1431 2482 hoc

0 2543 1 2548 =
48 2530 126 2574 ego
144 2516 234 2575 ipse
254 2517 355 2570 dat,
381 2515 415 2559 si
451 2516 560 2558 bene
582 2514 747 2558 dietum
781 2523 845 2557 est
879 2532 887 2557 ι
915 2515 974 2556 Da
997 2512 1117 2571 quod
1136 2511 1277 2570 jubes.
1307 2512 1362 2553 Et
1387 2509 1432 2551 in
1475 2571 1481 2575 ἡ

94 2605 103 2620 ¹
125 2599 194 2631 Lib.
213 2611 246 2640 x,
262 2611 334 2642 cap.
359 2600 469 2641 1931,
491 2599 592 2639 et37.
