<?xml version="1.0" encoding="UTF-8"?>
<!DOCTYPE html PUBLIC "-//W3C//DTD XHTML 1.0 Transitional//EN"
    "http://www.w3.org/TR/xhtml1/DTD/xhtml1-transitional.dtd">
<html xmlns="http://www.w3.org/1999/xhtml" xml:lang="en" lang="en">
 <head>
  <title>
</title>
<meta http-equiv="Content-Type" content="text/html;charset=utf-8" />
  <meta name='ocr-system' content='tesseract 3.04.00' />
  <meta name='ocr-capabilities' content='ocr_page ocr_carea ocr_par ocr_line ocrx_word'/>
</head>
<body>
  <div class='ocr_page' id='page_1' title='image "./operaomniaaccura36auguuoft/operaomniaaccura36auguuoft_0408.png"; bbox 0 0 1884 3285; ppageno 0'>
   <div class='ocr_carea' id='block_1_1' title="bbox 426 258 1374 297">
    <p class='ocr_par' dir='ltr' id='par_1_1' title="bbox 426 258 1374 297">
     <span class='ocr_line' id='line_1_1' title="bbox 426 258 1374 297; baseline -0.003 0"><span class='ocrx_word' id='word_1_1' title='bbox 426 258 509 297; x_wconf 88' lang='lat'>316</span> <span class='ocrx_word' id='word_1_2' title='bbox 860 269 893 294; x_wconf 89' lang='lat' dir='ltr'>s.</span> <span class='ocrx_word' id='word_1_3' title='bbox 930 266 1160 295; x_wconf 67' lang='lat' dir='ltr'>Avens&#39;rlm</span> <span class='ocrx_word' id='word_1_4' title='bbox 1192 268 1374 296; x_wconf 74' lang='lat' dir='ltr'>Emscom</span> 
     </span>
    </p>
   </div>
   <div class='ocr_carea' id='block_1_2' title="bbox 426 333 1855 395">
    <p class='ocr_par' dir='ltr' id='par_1_2' title="bbox 426 333 1855 395">
     <span class='ocr_line' id='line_1_2' title="bbox 426 333 1855 395; baseline 0.006 -21"><span class='ocrx_word' id='word_1_5' title='bbox 426 353 446 375; x_wconf 84' lang='lat'>»</span> <span class='ocrx_word' id='word_1_6' title='bbox 474 344 547 378; x_wconf 88' lang='lat' dir='ltr'>tua</span> <span class='ocrx_word' id='word_1_7' title='bbox 564 333 863 388; x_wconf 85' lang='lat' dir='ltr'>suffoderunt,</span> <span class='ocrx_word' id='word_1_8' title='bbox 888 342 931 377; x_wconf 92' lang='lat' dir='ltr'>et</span> <span class='ocrx_word' id='word_1_9' title='bbox 952 348 1032 392; x_wconf 87' lang='lat' dir='ltr'>ego</span> <span class='ocrx_word' id='word_1_10' title='bbox 1055 335 1231 379; x_wconf 87' lang='lat' dir='ltr'>relictus</span> <span class='ocrx_word' id='word_1_11' title='bbox 1256 349 1353 379; x_wconf 90' lang='lat' dir='ltr'>sum</span> <span class='ocrx_word' id='word_1_12' title='bbox 1376 333 1515 389; x_wconf 90' lang='lat' dir='ltr'>solus,</span> <span class='ocrx_word' id='word_1_13' title='bbox 1541 343 1584 379; x_wconf 90' lang='lat' dir='ltr'>et</span> <span class='ocrx_word' id='word_1_14' title='bbox 1605 347 1805 395; x_wconf 85' lang='lat' dir='ltr'>quaerunt</span> <span class='ocrx_word' id='word_1_15' title='bbox 1851 336 1855 385; x_wconf 69' lang='grc' dir='ltr'>ἱ</span> 
     </span>
    </p>
   </div>
   <div class='ocr_carea' id='block_1_3' title="bbox 424 403 1807 677">
    <p class='ocr_par' dir='ltr' id='par_1_3' title="bbox 424 403 1807 677">
     <span class='ocr_line' id='line_1_3' title="bbox 426 403 1806 464; baseline 0.002 -18"><span class='ocrx_word' id='word_1_16' title='bbox 426 422 446 445; x_wconf 87' lang='grc'>»</span> <span class='ocrx_word' id='word_1_17' title='bbox 471 404 657 448; x_wconf 87' lang='lat' dir='ltr'>animam</span> <span class='ocrx_word' id='word_1_18' title='bbox 677 419 833 448; x_wconf 86' lang='lat' dir='ltr'>meam.</span> <span class='ocrx_word' id='word_1_19' title='bbox 865 403 949 449; x_wconf 86' lang='lat' dir='ltr'>Sed</span> <span class='ocrx_word' id='word_1_20' title='bbox 969 405 1076 464; x_wconf 87' lang='lat' dir='ltr'>quid</span> <span class='ocrx_word' id='word_1_21' title='bbox 1093 405 1198 450; x_wconf 84' lang='lat' dir='ltr'>dicit</span> <span class='ocrx_word' id='word_1_22' title='bbox 1219 405 1280 449; x_wconf 90' lang='lat' dir='ltr'>illi</span> <span class='ocrx_word' id='word_1_23' title='bbox 1299 420 1552 464; x_wconf 90' lang='lat' dir='ltr'>responsum</span> <span class='ocrx_word' id='word_1_24' title='bbox 1575 404 1806 451; x_wconf 77' lang='lat' dir='ltr'>divinum?</span> 
     </span>
     <span class='ocr_line' id='line_1_4' title="bbox 424 474 1806 536; baseline 0.004 -19"><span class='ocrx_word' id='word_1_25' title='bbox 424 493 446 517; x_wconf 87' lang='lat'>»</span> <span class='ocrx_word' id='word_1_26' title='bbox 470 475 642 535; x_wconf 85' lang='lat' dir='ltr'>Reliqui</span> <span class='ocrx_word' id='word_1_27' title='bbox 663 475 770 519; x_wconf 91' lang='lat' dir='ltr'>mihi</span> <span class='ocrx_word' id='word_1_28' title='bbox 798 484 963 534; x_wconf 85' lang='lat' dir='ltr'>septem</span> <span class='ocrx_word' id='word_1_29' title='bbox 993 474 1126 520; x_wconf 85' lang='lat' dir='ltr'>millia</span> <span class='ocrx_word' id='word_1_30' title='bbox 1149 477 1340 521; x_wconf 90' lang='lat' dir='ltr'>virorum</span> <span class='ocrx_word' id='word_1_31' title='bbox 1356 511 1367 531; x_wconf 90' lang='lat'>,</span> <span class='ocrx_word' id='word_1_32' title='bbox 1396 477 1472 536; x_wconf 88' lang='lat' dir='ltr'>qui</span> <span class='ocrx_word' id='word_1_33' title='bbox 1495 491 1583 520; x_wconf 92' lang='lat' dir='ltr'>non</span> <span class='ocrx_word' id='word_1_34' title='bbox 1605 491 1806 522; x_wconf 83' lang='lat' dir='ltr'>curvave-</span> 
     </span>
     <span class='ocr_line' id='line_1_5' title="bbox 425 546 1807 607; baseline 0.003 -20"><span class='ocrx_word' id='word_1_35' title='bbox 425 563 445 587; x_wconf 90' lang='lat'>»</span> <span class='ocrx_word' id='word_1_36' title='bbox 471 555 573 589; x_wconf 89' lang='lat' dir='ltr'>runt</span> <span class='ocrx_word' id='word_1_37' title='bbox 588 561 703 604; x_wconf 85' lang='lat' dir='ltr'>genu</span> <span class='ocrx_word' id='word_1_38' title='bbox 724 555 825 590; x_wconf 84' lang='lat' dir='ltr'>ante</span> <span class='ocrx_word' id='word_1_39' title='bbox 840 546 956 590; x_wconf 87' lang='lat' dir='ltr'>Baal.</span> <span class='ocrx_word' id='word_1_40' title='bbox 981 546 1049 591; x_wconf 93' lang='lat' dir='ltr'>Sic</span> <span class='ocrx_word' id='word_1_41' title='bbox 1068 562 1170 606; x_wconf 83' lang='lat' dir='ltr'>ergo</span> <span class='ocrx_word' id='word_1_42' title='bbox 1190 547 1288 591; x_wconf 89' lang='lat' dir='ltr'>etin</span> <span class='ocrx_word' id='word_1_43' title='bbox 1303 547 1386 591; x_wconf 93' lang='lat' dir='ltr'>hoc</span> <span class='ocrx_word' id='word_1_44' title='bbox 1403 555 1598 605; x_wconf 86' lang='lat' dir='ltr'>tempore</span> <span class='ocrx_word' id='word_1_45' title='bbox 1613 547 1807 607; x_wconf 88' lang='lat' dir='ltr'>reliquiae</span> 
     </span>
     <span class='ocr_line' id='line_1_6' title="bbox 424 615 1807 677; baseline 0.004 -20"><span class='ocrx_word' id='word_1_46' title='bbox 424 633 445 657; x_wconf 89' lang='lat'>»</span> <span class='ocrx_word' id='word_1_47' title='bbox 472 630 547 675; x_wconf 91' lang='lat' dir='ltr'>per</span> <span class='ocrx_word' id='word_1_48' title='bbox 563 615 819 661; x_wconf 79' lang='lat' dir='ltr'>electionem</span> <span class='ocrx_word' id='word_1_49' title='bbox 851 617 998 676; x_wconf 80' lang='lat' dir='ltr'>gratiae</span> <span class='ocrx_word' id='word_1_50' title='bbox 1022 616 1148 662; x_wconf 66' lang='lat' dir='ltr'>factae</span> <span class='ocrx_word' id='word_1_51' title='bbox 1180 626 1295 662; x_wconf 86' lang='lat' dir='ltr'>sunt.</span> <span class='ocrx_word' id='word_1_52' title='bbox 1327 618 1368 660; x_wconf 52' lang='lat' dir='ltr'>Si</span> <span class='ocrx_word' id='word_1_53' title='bbox 1398 625 1540 662; x_wconf 86' lang='lat' dir='ltr'>autem</span> <span class='ocrx_word' id='word_1_54' title='bbox 1565 617 1699 676; x_wconf 85' lang='lat' dir='ltr'>gratia</span> <span class='ocrx_word' id='word_1_55' title='bbox 1717 619 1807 677; x_wconf 88' lang='lat' dir='ltr'>jam</span> 
     </span>
    </p>
   </div>
   <div class='ocr_carea' id='block_1_4' title="bbox 422 687 1862 1383">
    <p class='ocr_par' dir='ltr' id='par_1_4' title="bbox 422 687 1862 1383">
     <span class='ocr_line' id='line_1_7' title="bbox 425 687 1857 747; baseline 0.003 -19"><span class='ocrx_word' id='word_1_56' title='bbox 425 701 557 730; x_wconf 89' lang='lat' dir='ltr'>»non</span> <span class='ocrx_word' id='word_1_57' title='bbox 592 702 641 730; x_wconf 86' lang='lat' dir='ltr'>ex</span> <span class='ocrx_word' id='word_1_58' title='bbox 672 687 901 745; x_wconf 87' lang='lat' dir='ltr'>operibus,</span> <span class='ocrx_word' id='word_1_59' title='bbox 938 687 1131 747; x_wconf 88' lang='lat' dir='ltr'>alioquin</span> <span class='ocrx_word' id='word_1_60' title='bbox 1165 688 1300 746; x_wconf 83' lang='lat' dir='ltr'>gratia</span> <span class='ocrx_word' id='word_1_61' title='bbox 1324 688 1411 747; x_wconf 86' lang='lat' dir='ltr'>jam</span> <span class='ocrx_word' id='word_1_62' title='bbox 1445 702 1534 730; x_wconf 87' lang='lat' dir='ltr'>non</span> <span class='ocrx_word' id='word_1_63' title='bbox 1567 696 1630 731; x_wconf 90' lang='lat' dir='ltr'>est</span> <span class='ocrx_word' id='word_1_64' title='bbox 1653 687 1802 746; x_wconf 85' lang='lat' dir='ltr'>gratia.</span> <span class='ocrx_word' id='word_1_65' title='bbox 1854 700 1857 710; x_wconf 74' lang='grc'><em>”</em></span> 
     </span>
     <span class='ocr_line' id='line_1_8' title="bbox 425 756 1807 818; baseline 0.002 -19"><span class='ocrx_word' id='word_1_66' title='bbox 425 775 446 798; x_wconf 88' lang='grc'>»</span> <span class='ocrx_word' id='word_1_67' title='bbox 473 756 640 800; x_wconf 86' lang='lat' dir='ltr'>Deinde</span> <span class='ocrx_word' id='word_1_68' title='bbox 668 756 767 800; x_wconf 91' lang='lat' dir='ltr'>vide</span> <span class='ocrx_word' id='word_1_69' title='bbox 797 757 903 817; x_wconf 88' lang='lat' dir='ltr'>quid</span> <span class='ocrx_word' id='word_1_70' title='bbox 933 758 1141 818; x_wconf 85' lang='lat' dir='ltr'>adjungat</span> <span class='ocrx_word' id='word_1_71' title='bbox 1167 778 1174 802; x_wconf 91' lang='lat'>:</span> <span class='ocrx_word' id='word_1_72' title='bbox 1202 758 1313 811; x_wconf 87' lang='lat' dir='ltr'>Quid</span> <span class='ocrx_word' id='word_1_73' title='bbox 1345 760 1472 816; x_wconf 78' lang='lat' dir='ltr'>ergo?</span> <span class='ocrx_word' id='word_1_74' title='bbox 1499 758 1661 817; x_wconf 83' lang='lat' dir='ltr'>inquit,</span> <span class='ocrx_word' id='word_1_75' title='bbox 1687 757 1807 818; x_wconf 90' lang='lat' dir='ltr'>quod</span> 
     </span>
     <span class='ocr_line' id='line_1_9' title="bbox 426 828 1859 890; baseline 0.001 -21"><span class='ocrx_word' id='word_1_76' title='bbox 426 845 445 868; x_wconf 88' lang='lat'>»</span> <span class='ocrx_word' id='word_1_77' title='bbox 468 828 691 886; x_wconf 87' lang='lat' dir='ltr'>quaerebat</span> <span class='ocrx_word' id='word_1_78' title='bbox 710 828 855 882; x_wconf 78' lang='lat' dir='ltr'>Israel,</span> <span class='ocrx_word' id='word_1_79' title='bbox 878 829 961 873; x_wconf 91' lang='lat' dir='ltr'>hoc</span> <span class='ocrx_word' id='word_1_80' title='bbox 984 844 1073 873; x_wconf 89' lang='lat' dir='ltr'>non</span> <span class='ocrx_word' id='word_1_81' title='bbox 1095 838 1159 873; x_wconf 89' lang='lat' dir='ltr'>est</span> <span class='ocrx_word' id='word_1_82' title='bbox 1178 838 1435 873; x_wconf 86' lang='lat' dir='ltr'>consecutus</span> <span class='ocrx_word' id='word_1_83' title='bbox 1454 850 1464 886; x_wconf 78' lang='lat'>3</span> <span class='ocrx_word' id='word_1_84' title='bbox 1488 828 1639 872; x_wconf 79' lang='lat' dir='ltr'>electio</span> <span class='ocrx_word' id='word_1_85' title='bbox 1661 838 1807 872; x_wconf 90' lang='lat' dir='ltr'>autem</span> <span class='ocrx_word' id='word_1_86' title='bbox 1856 840 1859 890; x_wconf 46' lang='grc' dir='ltr'>ᾗ</span> 
     </span>
     <span class='ocr_line' id='line_1_10' title="bbox 424 898 1859 959; baseline 0.002 -20"><span class='ocrx_word' id='word_1_87' title='bbox 424 915 444 939; x_wconf 94' lang='lat'>»</span> <span class='ocrx_word' id='word_1_88' title='bbox 470 908 702 943; x_wconf 86' lang='lat' dir='ltr'>consecuta</span> <span class='ocrx_word' id='word_1_89' title='bbox 736 902 839 943; x_wconf 79' lang='lat' dir='ltr'>est1.</span> <span class='ocrx_word' id='word_1_90' title='bbox 868 900 950 944; x_wconf 87' lang='lat' dir='ltr'>Sed</span> <span class='ocrx_word' id='word_1_91' title='bbox 973 901 1169 959; x_wconf 87' lang='lat' dir='ltr'>superius</span> <span class='ocrx_word' id='word_1_92' title='bbox 1193 901 1354 959; x_wconf 83' lang='lat' dir='ltr'>respice</span> <span class='ocrx_word' id='word_1_93' title='bbox 1375 899 1514 959; x_wconf 81' lang='lat' dir='ltr'>qualis</span> <span class='ocrx_word' id='word_1_94' title='bbox 1536 898 1706 954; x_wconf 87' lang='lat' dir='ltr'>electi0‚</span> <span class='ocrx_word' id='word_1_95' title='bbox 1732 898 1809 942; x_wconf 87' lang='lat' dir='ltr'>ubi</span> <span class='ocrx_word' id='word_1_96' title='bbox 1857 904 1859 951; x_wconf 59' lang='grc' dir='ltr'><em>ἕ</em></span> 
     </span>
     <span class='ocr_line' id='line_1_11' title="bbox 424 965 1860 1030; baseline 0.001 -20"><span class='ocrx_word' id='word_1_97' title='bbox 424 985 445 1010; x_wconf 88' lang='lat'>»</span> <span class='ocrx_word' id='word_1_98' title='bbox 468 968 526 1013; x_wconf 90' lang='lat' dir='ltr'>ait</span> <span class='ocrx_word' id='word_1_99' title='bbox 552 987 559 1013; x_wconf 94' lang='lat'><strong>:</strong></span> <span class='ocrx_word' id='word_1_100' title='bbox 585 968 798 1030; x_wconf 72' lang='lat' dir='ltr'>Reliquiae</span> <span class='ocrx_word' id='word_1_101' title='bbox 816 985 892 1030; x_wconf 90' lang='lat' dir='ltr'>per</span> <span class='ocrx_word' id='word_1_102' title='bbox 915 971 1170 1015; x_wconf 83' lang='lat' dir='ltr'>electionem</span> <span class='ocrx_word' id='word_1_103' title='bbox 1194 971 1341 1029; x_wconf 81' lang='lat' dir='ltr'>gratiae</span> <span class='ocrx_word' id='word_1_104' title='bbox 1360 970 1486 1015; x_wconf 75' lang='lat' dir='ltr'>tactae</span> <span class='ocrx_word' id='word_1_105' title='bbox 1508 978 1610 1014; x_wconf 87' lang='lat' dir='ltr'>sunt</span> <span class='ocrx_word' id='word_1_106' title='bbox 1632 988 1640 1014; x_wconf 77' lang='grc' dir='ltr'>ε</span> <span class='ocrx_word' id='word_1_107' title='bbox 1664 970 1697 1013; x_wconf 89' lang='lat' dir='ltr'>si</span> <span class='ocrx_word' id='word_1_108' title='bbox 1728 985 1808 1012; x_wconf 79' lang='lat' dir='ltr'>au·</span> <span class='ocrx_word' id='word_1_109' title='bbox 1857 965 1860 989; x_wconf 45' lang='grc' dir='ltr'>ἶ</span> 
     </span>
     <span class='ocr_line' id='line_1_12' title="bbox 423 1039 1805 1101; baseline 0.001 -21"><span class='ocrx_word' id='word_1_110' title='bbox 423 1056 444 1080; x_wconf 91' lang='lat'>»</span> <span class='ocrx_word' id='word_1_111' title='bbox 472 1047 555 1083; x_wconf 91' lang='lat' dir='ltr'>tem</span> <span class='ocrx_word' id='word_1_112' title='bbox 581 1041 730 1099; x_wconf 86' lang='lat' dir='ltr'>gratia,</span> <span class='ocrx_word' id='word_1_113' title='bbox 746 1043 835 1101; x_wconf 86' lang='lat' dir='ltr'>jam</span> <span class='ocrx_word' id='word_1_114' title='bbox 857 1057 945 1086; x_wconf 91' lang='lat' dir='ltr'>non</span> <span class='ocrx_word' id='word_1_115' title='bbox 964 1057 1014 1085; x_wconf 86' lang='lat' dir='ltr'>ex</span> <span class='ocrx_word' id='word_1_116' title='bbox 1031 1042 1250 1100; x_wconf 84' lang='lat' dir='ltr'>operibus.</span> <span class='ocrx_word' id='word_1_117' title='bbox 1274 1044 1328 1085; x_wconf 84' lang='lat' dir='ltr'>Et</span> <span class='ocrx_word' id='word_1_118' title='bbox 1347 1041 1430 1085; x_wconf 90' lang='lat' dir='ltr'>hoc</span> <span class='ocrx_word' id='word_1_119' title='bbox 1453 1041 1584 1084; x_wconf 86' lang='lat' dir='ltr'>refert</span> <span class='ocrx_word' id='word_1_120' title='bbox 1606 1040 1662 1083; x_wconf 89' lang='lat' dir='ltr'>ad</span> <span class='ocrx_word' id='word_1_121' title='bbox 1679 1039 1805 1094; x_wconf 88' lang='lat' dir='ltr'>illud,</span> 
     </span>
     <span class='ocr_line' id='line_1_13' title="bbox 426 1109 1861 1170; baseline 0.001 -19"><span class='ocrx_word' id='word_1_122' title='bbox 426 1127 445 1151; x_wconf 89' lang='lat'>»</span> <span class='ocrx_word' id='word_1_123' title='bbox 472 1109 589 1154; x_wconf 90' lang='lat' dir='ltr'>unde</span> <span class='ocrx_word' id='word_1_124' title='bbox 617 1110 853 1170; x_wconf 82' lang='lat' dir='ltr'>disputatio</span> <span class='ocrx_word' id='word_1_125' title='bbox 881 1112 958 1156; x_wconf 84' lang='lat' dir='ltr'>ista</span> <span class='ocrx_word' id='word_1_126' title='bbox 989 1111 1182 1170; x_wconf 87' lang='lat' dir='ltr'>profecta</span> <span class='ocrx_word' id='word_1_127' title='bbox 1213 1120 1276 1155; x_wconf 87' lang='lat' dir='ltr'>est</span> <span class='ocrx_word' id='word_1_128' title='bbox 1303 1131 1310 1155; x_wconf 91' lang='lat'>:</span> <span class='ocrx_word' id='word_1_129' title='bbox 1342 1112 1453 1155; x_wconf 89' lang='lat' dir='ltr'>Cum</span> <span class='ocrx_word' id='word_1_130' title='bbox 1474 1110 1589 1153; x_wconf 89' lang='lat' dir='ltr'>enim</span> <span class='ocrx_word' id='word_1_131' title='bbox 1610 1109 1808 1154; x_wconf 89' lang='lat' dir='ltr'>nondum</span> <span class='ocrx_word' id='word_1_132' title='bbox 1859 1150 1861 1152; x_wconf 77' lang='grc'>,</span> 
     </span>
     <span class='ocr_line' id='line_1_14' title="bbox 425 1181 1861 1246; baseline 0.001 -24"><span class='ocrx_word' id='word_1_133' title='bbox 425 1197 445 1221; x_wconf 88' lang='lat'>»</span> <span class='ocrx_word' id='word_1_134' title='bbox 471 1182 561 1224; x_wconf 85' lang='lat' dir='ltr'>nati</span> <span class='ocrx_word' id='word_1_135' title='bbox 584 1192 740 1236; x_wconf 84' lang='lat' dir='ltr'>essent,</span> <span class='ocrx_word' id='word_1_136' title='bbox 766 1197 909 1242; x_wconf 87' lang='lat' dir='ltr'>neque</span> <span class='ocrx_word' id='word_1_137' title='bbox 928 1181 1095 1242; x_wconf 87' lang='lat' dir='ltr'>aliquid</span> <span class='ocrx_word' id='word_1_138' title='bbox 1114 1183 1300 1241; x_wconf 85' lang='lat' dir='ltr'>egissent</span> <span class='ocrx_word' id='word_1_139' title='bbox 1318 1182 1422 1225; x_wconf 89' lang='lat' dir='ltr'>boni</span> <span class='ocrx_word' id='word_1_140' title='bbox 1443 1190 1518 1225; x_wconf 91' lang='lat' dir='ltr'>aut</span> <span class='ocrx_word' id='word_1_141' title='bbox 1533 1181 1657 1235; x_wconf 90' lang='lat' dir='ltr'>mali,</span> <span class='ocrx_word' id='word_1_142' title='bbox 1678 1189 1728 1224; x_wconf 88' lang='lat' dir='ltr'>ut</span> <span class='ocrx_word' id='word_1_143' title='bbox 1749 1196 1809 1224; x_wconf 88' lang='lat' dir='ltr'>se·</span> <span class='ocrx_word' id='word_1_144' title='bbox 1858 1195 1861 1246; x_wconf 39' lang='grc' dir='ltr'><strong><em>ᾗ</em></strong></span> 
     </span>
     <span class='ocr_line' id='line_1_15' title="bbox 425 1252 1861 1312; baseline 0.002 -20"><span class='ocrx_word' id='word_1_145' title='bbox 425 1252 655 1295; x_wconf 87' lang='lat' dir='ltr'>»cundum</span> <span class='ocrx_word' id='word_1_146' title='bbox 685 1252 941 1297; x_wconf 86' lang='lat' dir='ltr'>electionem</span> <span class='ocrx_word' id='word_1_147' title='bbox 972 1253 1243 1312; x_wconf 88' lang='lat' dir='ltr'>propositum</span> <span class='ocrx_word' id='word_1_148' title='bbox 1278 1254 1353 1296; x_wconf 90' lang='lat' dir='ltr'>Dei</span> <span class='ocrx_word' id='word_1_149' title='bbox 1383 1260 1600 1307; x_wconf 69' lang='lat' dir='ltr'>maneret,</span> <span class='ocrx_word' id='word_1_150' title='bbox 1637 1267 1725 1296; x_wconf 85' lang='lat' dir='ltr'>non</span> <span class='ocrx_word' id='word_1_151' title='bbox 1758 1266 1808 1295; x_wconf 80' lang='lat' dir='ltr'>ex</span> <span class='ocrx_word' id='word_1_152' title='bbox 1859 1266 1861 1306; x_wconf 75' lang='lat' dir='ltr'>j</span> 
     </span>
     <span class='ocr_line' id='line_1_16' title="bbox 422 1316 1862 1383; baseline 0.002 -20"><span class='ocrx_word' id='word_1_153' title='bbox 422 1341 442 1364; x_wconf 89' lang='lat'>»</span> <span class='ocrx_word' id='word_1_154' title='bbox 468 1323 716 1381; x_wconf 78' lang='lat' dir='ltr'>operibus2.</span> <span class='ocrx_word' id='word_1_155' title='bbox 744 1342 763 1364; x_wconf 90' lang='lat'>»</span> <span class='ocrx_word' id='word_1_156' title='bbox 792 1326 896 1368; x_wconf 89' lang='lat' dir='ltr'>Haec</span> <span class='ocrx_word' id='word_1_157' title='bbox 914 1333 977 1368; x_wconf 92' lang='lat' dir='ltr'>est</span> <span class='ocrx_word' id='word_1_158' title='bbox 1000 1324 1153 1368; x_wconf 89' lang='lat' dir='ltr'>electio</span> <span class='ocrx_word' id='word_1_159' title='bbox 1183 1324 1353 1383; x_wconf 81' lang='lat' dir='ltr'>gratiae,</span> <span class='ocrx_word' id='word_1_160' title='bbox 1379 1339 1468 1368; x_wconf 90' lang='lat' dir='ltr'>non</span> <span class='ocrx_word' id='word_1_161' title='bbox 1498 1339 1548 1367; x_wconf 86' lang='lat' dir='ltr'>ex</span> <span class='ocrx_word' id='word_1_162' title='bbox 1571 1322 1775 1381; x_wconf 88' lang='lat' dir='ltr'>operibus</span> <span class='ocrx_word' id='word_1_163' title='bbox 1793 1357 1804 1377; x_wconf 95' lang='lat'>,</span> <span class='ocrx_word' id='word_1_164' title='bbox 1859 1316 1862 1357; x_wconf 54' lang='grc' dir='ltr'><strong>ἓ</strong></span> 
     </span>
    </p>
   </div>
   <div class='ocr_carea' id='block_1_5' title="bbox 415 1394 1875 2590">
    <p class='ocr_par' dir='ltr' id='par_1_5' title="bbox 415 1394 1875 2590">
     <span class='ocr_line' id='line_1_17' title="bbox 420 1394 1875 1453; baseline 0.001 -17"><span class='ocrx_word' id='word_1_165' title='bbox 420 1408 506 1453; x_wconf 91' lang='lat' dir='ltr'>qua</span> <span class='ocrx_word' id='word_1_166' title='bbox 527 1395 639 1439; x_wconf 89' lang='lat' dir='ltr'>fiunt</span> <span class='ocrx_word' id='word_1_167' title='bbox 661 1410 760 1439; x_wconf 87' lang='lat' dir='ltr'>vasa</span> <span class='ocrx_word' id='word_1_168' title='bbox 781 1396 827 1439; x_wconf 88' lang='lat' dir='ltr'>in</span> <span class='ocrx_word' id='word_1_169' title='bbox 856 1396 1064 1440; x_wconf 88' lang='lat' dir='ltr'>honorem</span> <span class='ocrx_word' id='word_1_170' title='bbox 1082 1431 1092 1450; x_wconf 95' lang='lat'>,</span> <span class='ocrx_word' id='word_1_171' title='bbox 1129 1405 1178 1439; x_wconf 91' lang='lat' dir='ltr'>ut</span> <span class='ocrx_word' id='word_1_172' title='bbox 1200 1396 1313 1439; x_wconf 84' lang='lat' dir='ltr'>bona</span> <span class='ocrx_word' id='word_1_173' title='bbox 1337 1409 1464 1453; x_wconf 85' lang='lat' dir='ltr'>opera</span> <span class='ocrx_word' id='word_1_174' title='bbox 1488 1394 1675 1451; x_wconf 69' lang='lat' dir='ltr'>faciant,</span> <span class='ocrx_word' id='word_1_175' title='bbox 1708 1394 1808 1453; x_wconf 84' lang='lat' dir='ltr'>quia</span> <span class='ocrx_word' id='word_1_176' title='bbox 1873 1443 1875 1447; x_wconf 26' lang='lat'><strong>¹</strong></span> 
     </span>
     <span class='ocr_line' id='line_1_18' title="bbox 421 1463 1861 1525; baseline -0.001 -17"><span class='ocrx_word' id='word_1_177' title='bbox 421 1463 536 1508; x_wconf 83' lang='lat' dir='ltr'>hona</span> <span class='ocrx_word' id='word_1_178' title='bbox 555 1479 685 1523; x_wconf 87' lang='lat' dir='ltr'>opera</span> <span class='ocrx_word' id='word_1_179' title='bbox 707 1466 1036 1525; x_wconf 84' lang='lat' dir='ltr'>subsequuntur</span> <span class='ocrx_word' id='word_1_180' title='bbox 1058 1465 1254 1524; x_wconf 81' lang='lat' dir='ltr'>gratiam,</span> <span class='ocrx_word' id='word_1_181' title='bbox 1280 1480 1369 1509; x_wconf 92' lang='lat' dir='ltr'>non</span> <span class='ocrx_word' id='word_1_182' title='bbox 1396 1464 1671 1523; x_wconf 70' lang='lat' dir='ltr'>praecedunt,</span> <span class='ocrx_word' id='word_1_183' title='bbox 1698 1478 1809 1523; x_wconf 90' lang='lat' dir='ltr'>quo·</span> <span class='ocrx_word' id='word_1_184' title='bbox 1860 1521 1861 1525; x_wconf 10' lang='grc' dir='ltr'><strong>Ἰ</strong></span> 
     </span>
     <span class='ocr_line' id='line_1_19' title="bbox 420 1530 1863 1592; baseline 0 -15"><span class='ocrx_word' id='word_1_185' title='bbox 420 1534 536 1577; x_wconf 88' lang='lat' dir='ltr'>niam</span> <span class='ocrx_word' id='word_1_186' title='bbox 567 1535 701 1592; x_wconf 81' lang='lat' dir='ltr'>gratia</span> <span class='ocrx_word' id='word_1_187' title='bbox 730 1535 806 1579; x_wconf 90' lang='lat' dir='ltr'>Dei</span> <span class='ocrx_word' id='word_1_188' title='bbox 834 1534 938 1579; x_wconf 86' lang='lat' dir='ltr'>facit</span> <span class='ocrx_word' id='word_1_189' title='bbox 964 1544 1013 1579; x_wconf 90' lang='lat' dir='ltr'>ut</span> <span class='ocrx_word' id='word_1_190' title='bbox 1046 1551 1093 1579; x_wconf 84' lang='lat' dir='ltr'>ea</span> <span class='ocrx_word' id='word_1_191' title='bbox 1127 1534 1362 1592; x_wconf 74' lang='lat' dir='ltr'>faciamus,</span> <span class='ocrx_word' id='word_1_192' title='bbox 1395 1550 1471 1579; x_wconf 90' lang='lat' dir='ltr'>nec</span> <span class='ocrx_word' id='word_1_193' title='bbox 1493 1534 1807 1578; x_wconf 84' lang='lat' dir='ltr'>constituamus</span> <span class='ocrx_word' id='word_1_194' title='bbox 1860 1530 1863 1586; x_wconf 53' lang='lat' dir='ltr'>j</span> 
     </span>
     <span class='ocr_line' id='line_1_20' title="bbox 415 1605 1807 1666; baseline 0 -18"><span class='ocrx_word' id='word_1_195' title='bbox 415 1605 628 1664; x_wconf 85' lang='lat' dir='ltr'>justitiam</span> <span class='ocrx_word' id='word_1_196' title='bbox 644 1615 853 1662; x_wconf 87' lang='lat' dir='ltr'>nostram,</span> <span class='ocrx_word' id='word_1_197' title='bbox 870 1605 946 1651; x_wconf 90' lang='lat' dir='ltr'>sed</span> <span class='ocrx_word' id='word_1_198' title='bbox 965 1606 1216 1666; x_wconf 85' lang='lat' dir='ltr'>Deijustitia</span> <span class='ocrx_word' id='word_1_199' title='bbox 1229 1607 1283 1651; x_wconf 88' lang='lat' dir='ltr'>sit</span> <span class='ocrx_word' id='word_1_200' title='bbox 1301 1607 1344 1649; x_wconf 91' lang='lat' dir='ltr'>in</span> <span class='ocrx_word' id='word_1_201' title='bbox 1361 1606 1500 1661; x_wconf 79' lang='lat' dir='ltr'>nobis,</span> <span class='ocrx_word' id='word_1_202' title='bbox 1517 1605 1562 1649; x_wconf 85' lang='lat' dir='ltr'>id</span> <span class='ocrx_word' id='word_1_203' title='bbox 1580 1614 1656 1660; x_wconf 73' lang='lat' dir='ltr'>est,</span> <span class='ocrx_word' id='word_1_204' title='bbox 1677 1619 1807 1665; x_wconf 89' lang='lat' dir='ltr'>quam</span> 
     </span>
     <span class='ocr_line' id='line_1_21' title="bbox 420 1677 1864 1736; baseline 0.001 -17"><span class='ocrx_word' id='word_1_205' title='bbox 420 1677 555 1720; x_wconf 88' lang='lat' dir='ltr'>donat</span> <span class='ocrx_word' id='word_1_206' title='bbox 571 1679 685 1721; x_wconf 87' lang='lat' dir='ltr'>Deus</span> <span class='ocrx_word' id='word_1_207' title='bbox 706 1678 847 1722; x_wconf 87' lang='lat' dir='ltr'>nobis.</span> <span class='ocrx_word' id='word_1_208' title='bbox 869 1679 1026 1723; x_wconf 85' lang='lat' dir='ltr'>Caeteri</span> <span class='ocrx_word' id='word_1_209' title='bbox 1041 1693 1144 1722; x_wconf 89' lang='lat' dir='ltr'>vero</span> <span class='ocrx_word' id='word_1_210' title='bbox 1166 1678 1366 1722; x_wconf 85' lang='lat' dir='ltr'>excaecati</span> <span class='ocrx_word' id='word_1_211' title='bbox 1384 1686 1486 1721; x_wconf 85' lang='lat' dir='ltr'>sunt</span> <span class='ocrx_word' id='word_1_212' title='bbox 1513 1696 1521 1721; x_wconf 88' lang='lat'>:</span> <span class='ocrx_word' id='word_1_213' title='bbox 1546 1677 1629 1720; x_wconf 88' lang='lat' dir='ltr'>hoc</span> <span class='ocrx_word' id='word_1_214' title='bbox 1649 1685 1712 1721; x_wconf 88' lang='lat' dir='ltr'>est</span> <span class='ocrx_word' id='word_1_215' title='bbox 1733 1678 1808 1736; x_wconf 86' lang='lat' dir='ltr'>ju-</span> <span class='ocrx_word' id='word_1_216' title='bbox 1861 1714 1864 1730; x_wconf 81' lang='lat'>,</span> 
     </span>
     <span class='ocr_line' id='line_1_22' title="bbox 421 1744 1865 1809; baseline 0.003 -20"><span class='ocrx_word' id='word_1_217' title='bbox 421 1746 604 1802; x_wconf 85' lang='lat' dir='ltr'>dicium,</span> <span class='ocrx_word' id='word_1_218' title='bbox 636 1764 725 1807; x_wconf 87' lang='lat' dir='ltr'>quo</span> <span class='ocrx_word' id='word_1_219' title='bbox 747 1750 860 1793; x_wconf 89' lang='lat' dir='ltr'>fiunt</span> <span class='ocrx_word' id='word_1_220' title='bbox 889 1765 987 1794; x_wconf 87' lang='lat' dir='ltr'>vasa</span> <span class='ocrx_word' id='word_1_221' title='bbox 1022 1751 1067 1793; x_wconf 87' lang='lat' dir='ltr'>in</span> <span class='ocrx_word' id='word_1_222' title='bbox 1091 1750 1397 1794; x_wconf 85' lang='lat' dir='ltr'>contumeliam</span> <span class='ocrx_word' id='word_1_223' title='bbox 1417 1771 1427 1807; x_wconf 80' lang='lat'>3</span> <span class='ocrx_word' id='word_1_224' title='bbox 1450 1765 1499 1793; x_wconf 86' lang='lat' dir='ltr'>ex</span> <span class='ocrx_word' id='word_1_225' title='bbox 1523 1765 1612 1809; x_wconf 90' lang='lat' dir='ltr'>quo</span> <span class='ocrx_word' id='word_1_226' title='bbox 1642 1749 1809 1809; x_wconf 85' lang='lat' dir='ltr'>judicio</span> <span class='ocrx_word' id='word_1_227' title='bbox 1862 1744 1865 1759; x_wconf 64' lang='lat'><em>&#39;</em></span> 
     </span>
     <span class='ocr_line' id='line_1_23' title="bbox 420 1811 1865 1880; baseline 0.003 -21"><span class='ocrx_word' id='word_1_228' title='bbox 420 1815 586 1861; x_wconf 88' lang='lat' dir='ltr'>dictum</span> <span class='ocrx_word' id='word_1_229' title='bbox 610 1827 688 1873; x_wconf 92' lang='lat' dir='ltr'>est,</span> <span class='ocrx_word' id='word_1_230' title='bbox 718 1838 737 1861; x_wconf 91' lang='lat'>«</span> <span class='ocrx_word' id='word_1_231' title='bbox 766 1820 881 1864; x_wconf 80' lang='lat' dir='ltr'>Esaii</span> <span class='ocrx_word' id='word_1_232' title='bbox 910 1829 1055 1864; x_wconf 87' lang='lat' dir='ltr'>autem</span> <span class='ocrx_word' id='word_1_233' title='bbox 1074 1820 1175 1865; x_wconf 92' lang='lat' dir='ltr'>odio</span> <span class='ocrx_word' id='word_1_234' title='bbox 1204 1819 1338 1864; x_wconf 88' lang='lat' dir='ltr'>habui</span> <span class='ocrx_word' id='word_1_235' title='bbox 1354 1822 1385 1863; x_wconf 74' lang='lat'>³.</span> <span class='ocrx_word' id='word_1_236' title='bbox 1416 1839 1435 1861; x_wconf 92' lang='lat'>»</span> <span class='ocrx_word' id='word_1_237' title='bbox 1457 1823 1521 1864; x_wconf 86' lang='lat' dir='ltr'>Ex</span> <span class='ocrx_word' id='word_1_238' title='bbox 1535 1835 1623 1880; x_wconf 89' lang='lat' dir='ltr'>quo</span> <span class='ocrx_word' id='word_1_239' title='bbox 1642 1819 1808 1880; x_wconf 85' lang='lat' dir='ltr'>judicio</span> <span class='ocrx_word' id='word_1_240' title='bbox 1861 1811 1865 1851; x_wconf 61' lang='lat' dir='ltr'>l</span> 
     </span>
     <span class='ocr_line' id='line_1_24' title="bbox 418 1887 1865 1951; baseline 0.003 -20"><span class='ocrx_word' id='word_1_241' title='bbox 418 1887 583 1932; x_wconf 88' lang='lat' dir='ltr'>dictum</span> <span class='ocrx_word' id='word_1_242' title='bbox 607 1899 670 1934; x_wconf 87' lang='lat' dir='ltr'>est</span> <span class='ocrx_word' id='word_1_243' title='bbox 687 1890 816 1934; x_wconf 88' lang='lat' dir='ltr'>etiam</span> <span class='ocrx_word' id='word_1_244' title='bbox 842 1892 1072 1946; x_wconf 85' lang='lat' dir='ltr'>Pharaoni,</span> <span class='ocrx_word' id='word_1_245' title='bbox 1097 1892 1162 1936; x_wconf 83' lang='lat' dir='ltr'>Ad</span> <span class='ocrx_word' id='word_1_246' title='bbox 1191 1892 1271 1936; x_wconf 88' lang='lat' dir='ltr'>hoc</span> <span class='ocrx_word' id='word_1_247' title='bbox 1293 1901 1333 1936; x_wconf 89' lang='lat' dir='ltr'>te</span> <span class='ocrx_word' id='word_1_248' title='bbox 1353 1891 1549 1937; x_wconf 82' lang='lat' dir='ltr'>excitavi.</span> <span class='ocrx_word' id='word_1_249' title='bbox 1579 1891 1705 1936; x_wconf 88' lang='lat' dir='ltr'>Unde</span> <span class='ocrx_word' id='word_1_250' title='bbox 1729 1906 1809 1951; x_wconf 87' lang='lat' dir='ltr'>ap·</span> <span class='ocrx_word' id='word_1_251' title='bbox 1862 1895 1865 1949; x_wconf 70' lang='grc' dir='ltr'>ξ</span> 
     </span>
     <span class='ocr_line' id='line_1_25' title="bbox 418 1962 1807 2023; baseline 0.004 -21"><span class='ocrx_word' id='word_1_252' title='bbox 418 1969 538 2019; x_wconf 88' lang='lat' dir='ltr'>paret</span> <span class='ocrx_word' id='word_1_253' title='bbox 581 1976 656 2005; x_wconf 84' lang='lat' dir='ltr'>vos</span> <span class='ocrx_word' id='word_1_254' title='bbox 688 1963 747 2006; x_wconf 92' lang='lat' dir='ltr'>sic</span> <span class='ocrx_word' id='word_1_255' title='bbox 784 1962 1102 2022; x_wconf 83' lang='lat' dir='ltr'>intelligentes,</span> <span class='ocrx_word' id='word_1_256' title='bbox 1141 1963 1205 2007; x_wconf 86' lang='lat' dir='ltr'>vel</span> <span class='ocrx_word' id='word_1_257' title='bbox 1233 1964 1377 2023; x_wconf 89' lang='lat' dir='ltr'>potius</span> <span class='ocrx_word' id='word_1_258' title='bbox 1398 1979 1487 2008; x_wconf 88' lang='lat' dir='ltr'>non</span> <span class='ocrx_word' id='word_1_259' title='bbox 1518 1963 1807 2022; x_wconf 87' lang='lat' dir='ltr'>intelligentes</span> 
     </span>
     <span class='ocr_line' id='line_1_26' title="bbox 419 2031 1865 2093; baseline 0.004 -19"><span class='ocrx_word' id='word_1_260' title='bbox 419 2031 677 2089; x_wconf 87' lang='lat' dir='ltr'>Apostolum</span> <span class='ocrx_word' id='word_1_261' title='bbox 697 2068 707 2087; x_wconf 95' lang='lat'>,</span> <span class='ocrx_word' id='word_1_262' title='bbox 733 2048 783 2076; x_wconf 81' lang='lat' dir='ltr'>ex</span> <span class='ocrx_word' id='word_1_263' title='bbox 813 2034 1015 2092; x_wconf 84' lang='lat' dir='ltr'>operibus</span> <span class='ocrx_word' id='word_1_264' title='bbox 1038 2043 1187 2078; x_wconf 84' lang='lat' dir='ltr'>contra</span> <span class='ocrx_word' id='word_1_265' title='bbox 1211 2035 1391 2092; x_wconf 85' lang='lat' dir='ltr'>gratiam</span> <span class='ocrx_word' id='word_1_266' title='bbox 1415 2033 1527 2078; x_wconf 85' lang='lat' dir='ltr'>velle</span> <span class='ocrx_word' id='word_1_267' title='bbox 1545 2034 1744 2093; x_wconf 82' lang='lat' dir='ltr'>gloriari,</span> <span class='ocrx_word' id='word_1_268' title='bbox 1766 2045 1809 2080; x_wconf 91' lang='lat' dir='ltr'>et</span> <span class='ocrx_word' id='word_1_269' title='bbox 1862 2033 1865 2081; x_wconf 67' lang='grc' dir='ltr'>ἔ</span> 
     </span>
     <span class='ocr_line' id='line_1_27' title="bbox 420 2103 1867 2166; baseline 0.005 -22"><span class='ocrx_word' id='word_1_270' title='bbox 420 2110 602 2145; x_wconf 86' lang='lat' dir='ltr'>vestram</span> <span class='ocrx_word' id='word_1_271' title='bbox 610 2103 820 2162; x_wconf 84' lang='lat' dir='ltr'>justitiam</span> <span class='ocrx_word' id='word_1_272' title='bbox 832 2104 1026 2149; x_wconf 87' lang='lat' dir='ltr'>volentes</span> <span class='ocrx_word' id='word_1_273' title='bbox 1040 2106 1317 2160; x_wconf 84' lang='lat' dir='ltr'>constituere,</span> <span class='ocrx_word' id='word_1_274' title='bbox 1330 2106 1508 2166; x_wconf 77' lang='lat' dir='ltr'>justitiae</span> <span class='ocrx_word' id='word_1_275' title='bbox 1522 2106 1598 2149; x_wconf 89' lang='lat' dir='ltr'>Dei</span> <span class='ocrx_word' id='word_1_276' title='bbox 1614 2121 1701 2150; x_wconf 90' lang='lat' dir='ltr'>non</span> <span class='ocrx_word' id='word_1_277' title='bbox 1719 2121 1809 2151; x_wconf 89' lang='lat' dir='ltr'>esse</span> <span class='ocrx_word' id='word_1_278' title='bbox 1862 2107 1867 2158; x_wconf 66' lang='grc' dir='ltr'>ᾖ</span> 
     </span>
     <span class='ocr_line' id='line_1_28' title="bbox 419 2165 1867 2237; baseline 0.004 -22"><span class='ocrx_word' id='word_1_279' title='bbox 419 2172 649 2232; x_wconf 79' lang='lat' dir='ltr'>subjectos.</span> <span class='ocrx_word' id='word_1_280' title='bbox 676 2177 762 2220; x_wconf 90' lang='lat' dir='ltr'>Nos</span> <span class='ocrx_word' id='word_1_281' title='bbox 794 2191 897 2220; x_wconf 91' lang='lat' dir='ltr'>vero</span> <span class='ocrx_word' id='word_1_282' title='bbox 936 2179 1072 2220; x_wconf 88' lang='lat' dir='ltr'>Deum</span> <span class='ocrx_word' id='word_1_283' title='bbox 1095 2177 1272 2236; x_wconf 88' lang='lat' dir='ltr'>quidem</span> <span class='ocrx_word' id='word_1_284' title='bbox 1303 2177 1586 2237; x_wconf 87' lang='lat' dir='ltr'>parvulorum</span> <span class='ocrx_word' id='word_1_285' title='bbox 1608 2177 1809 2236; x_wconf 85' lang='lat' dir='ltr'>opificem</span> <span class='ocrx_word' id='word_1_286' title='bbox 1864 2165 1867 2212; x_wconf 64' lang='grc' dir='ltr'>ἶ</span> 
     </span>
     <span class='ocr_line' id='line_1_29' title="bbox 420 2244 1867 2303; baseline 0.003 -16"><span class='ocrx_word' id='word_1_287' title='bbox 420 2244 719 2303; x_wconf 71' lang='lat' dir='ltr'>praedicamus,</span> <span class='ocrx_word' id='word_1_288' title='bbox 736 2245 811 2289; x_wconf 85' lang='lat' dir='ltr'>sed</span> <span class='ocrx_word' id='word_1_289' title='bbox 829 2262 879 2290; x_wconf 72' lang='lat' dir='ltr'>ex</span> <span class='ocrx_word' id='word_1_290' title='bbox 893 2247 1042 2291; x_wconf 90' lang='lat' dir='ltr'>eadem</span> <span class='ocrx_word' id='word_1_291' title='bbox 1058 2263 1193 2292; x_wconf 86' lang='lat' dir='ltr'>massa</span> <span class='ocrx_word' id='word_1_292' title='bbox 1212 2248 1404 2292; x_wconf 88' lang='lat' dir='ltr'>medium</span> <span class='ocrx_word' id='word_1_293' title='bbox 1425 2249 1571 2292; x_wconf 90' lang='lat' dir='ltr'>locum</span> <span class='ocrx_word' id='word_1_294' title='bbox 1587 2249 1712 2303; x_wconf 88' lang='lat' dir='ltr'>vasis,</span> <span class='ocrx_word' id='word_1_295' title='bbox 1730 2249 1808 2293; x_wconf 90' lang='lat' dir='ltr'>ubi</span> <span class='ocrx_word' id='word_1_296' title='bbox 1865 2287 1867 2299; x_wconf 19' lang='grc' dir='ltr'><strong><em>ὲ</em></strong></span> 
     </span>
     <span class='ocr_line' id='line_1_30' title="bbox 420 2315 1867 2383; baseline 0.003 -26"><span class='ocrx_word' id='word_1_297' title='bbox 420 2329 499 2359; x_wconf 91' lang='lat' dir='ltr'>nec</span> <span class='ocrx_word' id='word_1_298' title='bbox 513 2315 557 2358; x_wconf 90' lang='lat' dir='ltr'>in</span> <span class='ocrx_word' id='word_1_299' title='bbox 573 2316 780 2360; x_wconf 89' lang='lat' dir='ltr'>honorem</span> <span class='ocrx_word' id='word_1_300' title='bbox 795 2317 918 2371; x_wconf 87' lang='lat' dir='ltr'>fiant,</span> <span class='ocrx_word' id='word_1_301' title='bbox 937 2333 1016 2361; x_wconf 91' lang='lat' dir='ltr'>nec</span> <span class='ocrx_word' id='word_1_302' title='bbox 1032 2318 1076 2361; x_wconf 95' lang='lat' dir='ltr'>in</span> <span class='ocrx_word' id='word_1_303' title='bbox 1092 2319 1419 2373; x_wconf 85' lang='lat' dir='ltr'>contumeliam,</span> <span class='ocrx_word' id='word_1_304' title='bbox 1435 2334 1566 2378; x_wconf 88' lang='lat' dir='ltr'>quem</span> <span class='ocrx_word' id='word_1_305' title='bbox 1584 2334 1673 2363; x_wconf 89' lang='lat' dir='ltr'>non</span> <span class='ocrx_word' id='word_1_306' title='bbox 1688 2318 1808 2363; x_wconf 88' lang='lat' dir='ltr'>dedit</span> <span class='ocrx_word' id='word_1_307' title='bbox 1864 2332 1867 2383; x_wconf 59' lang='lat' dir='ltr'>g</span> 
     </span>
     <span class='ocr_line' id='line_1_31' title="bbox 421 2385 1867 2449; baseline 0.003 -20"><span class='ocrx_word' id='word_1_308' title='bbox 421 2385 674 2445; x_wconf 73' lang='lat' dir='ltr'>Apostolus,</span> <span class='ocrx_word' id='word_1_309' title='bbox 700 2403 789 2432; x_wconf 90' lang='lat' dir='ltr'>non</span> <span class='ocrx_word' id='word_1_310' title='bbox 811 2388 987 2446; x_wconf 66' lang='lat' dir='ltr'>damus,</span> <span class='ocrx_word' id='word_1_311' title='bbox 1012 2389 1133 2448; x_wconf 89' lang='lat' dir='ltr'>quod</span> <span class='ocrx_word' id='word_1_312' title='bbox 1161 2404 1236 2433; x_wconf 89' lang='lat' dir='ltr'>vos</span> <span class='ocrx_word' id='word_1_313' title='bbox 1258 2389 1459 2433; x_wconf 82' lang='lat' dir='ltr'>faciendo</span> <span class='ocrx_word' id='word_1_314' title='bbox 1481 2388 1717 2433; x_wconf 86' lang='lat' dir='ltr'>evaderetis</span> <span class='ocrx_word' id='word_1_315' title='bbox 1730 2391 1807 2449; x_wconf 85' lang='lat' dir='ltr'>ju·</span> <span class='ocrx_word' id='word_1_316' title='bbox 1864 2411 1867 2415; x_wconf 53' lang='lat'><em>¹</em></span> 
     </span>
     <span class='ocr_line' id='line_1_32' title="bbox 420 2455 1868 2515; baseline 0.003 -15"><span class='ocrx_word' id='word_1_317' title='bbox 420 2455 581 2501; x_wconf 88' lang='lat' dir='ltr'>dicium</span> <span class='ocrx_word' id='word_1_318' title='bbox 602 2458 702 2513; x_wconf 90' lang='lat' dir='ltr'>Dei,</span> <span class='ocrx_word' id='word_1_319' title='bbox 733 2459 768 2502; x_wconf 91' lang='lat' dir='ltr'>si</span> <span class='ocrx_word' id='word_1_320' title='bbox 795 2474 895 2503; x_wconf 90' lang='lat' dir='ltr'>eum</span> <span class='ocrx_word' id='word_1_321' title='bbox 927 2460 1232 2504; x_wconf 82' lang='lat' dir='ltr'>tantummodo</span> <span class='ocrx_word' id='word_1_322' title='bbox 1260 2460 1624 2515; x_wconf 78' lang='lat' dir='ltr'>Manichaeorum,</span> <span class='ocrx_word' id='word_1_323' title='bbox 1653 2470 1696 2505; x_wconf 87' lang='lat' dir='ltr'>et</span> <span class='ocrx_word' id='word_1_324' title='bbox 1716 2476 1806 2505; x_wconf 92' lang='lat' dir='ltr'>non</span> <span class='ocrx_word' id='word_1_325' title='bbox 1864 2467 1868 2511; x_wconf 71' lang='grc' dir='ltr'>ἶ</span> 
     </span>
     <span class='ocr_line' id='line_1_33' title="bbox 421 2528 1868 2590; baseline 0.003 -20"><span class='ocrx_word' id='word_1_326' title='bbox 421 2528 617 2571; x_wconf 87' lang='lat' dir='ltr'>omnium</span> <span class='ocrx_word' id='word_1_327' title='bbox 640 2529 945 2574; x_wconf 86' lang='lat' dir='ltr'>haereticorum</span> <span class='ocrx_word' id='word_1_328' title='bbox 967 2530 1265 2574; x_wconf 84' lang='lat' dir='ltr'>damnatorem</span> <span class='ocrx_word' id='word_1_329' title='bbox 1289 2531 1584 2575; x_wconf 87' lang='lat' dir='ltr'>demonstrare</span> <span class='ocrx_word' id='word_1_330' title='bbox 1608 2531 1801 2590; x_wconf 82' lang='lat' dir='ltr'>possetis.</span> <span class='ocrx_word' id='word_1_331' title='bbox 1865 2555 1868 2570; x_wconf 65' lang='grc' dir='ltr'><strong><em>ι</em></strong></span> 
     </span>
    </p>
   </div>
   <div class='ocr_carea' id='block_1_6' title="bbox 473 2614 1314 2657">
    <p class='ocr_par' dir='ltr' id='par_1_6' title="bbox 473 2614 1314 2657">
     <span class='ocr_line' id='line_1_34' title="bbox 473 2614 1314 2657; baseline 0.001 -12"><span class='ocrx_word' id='word_1_332' title='bbox 473 2620 481 2633; x_wconf 80' lang='lat'><em>¹</em></span> <span class='ocrx_word' id='word_1_333' title='bbox 502 2615 589 2646; x_wconf 86' lang='lat' dir='ltr'>Rom.</span> <span class='ocrx_word' id='word_1_334' title='bbox 614 2624 656 2656; x_wconf 74' lang='lat' dir='ltr'>xi,</span> <span class='ocrx_word' id='word_1_335' title='bbox 679 2625 748 2655; x_wconf 88' lang='lat'><strong>1-7.</strong></span> <span class='ocrx_word' id='word_1_336' title='bbox 769 2632 807 2638; x_wconf 91' lang='lat'>--</span> <span class='ocrx_word' id='word_1_337' title='bbox 827 2615 1101 2654; x_wconf 75' lang='lat' dir='ltr'>²1d.1x,11.--</span> <span class='ocrx_word' id='word_1_338' title='bbox 1119 2614 1262 2657; x_wconf 78' lang='lat' dir='ltr'>31d.x1‚</span> <span class='ocrx_word' id='word_1_339' title='bbox 1284 2626 1314 2656; x_wconf 74' lang='lat'>7.</span> 
     </span>
    </p>
   </div>
   <div class='ocr_carea' id='block_1_7' title="bbox 1855 1369 1884 3285">
    <p class='ocr_par' dir='ltr' id='par_1_7' title="bbox 1855 1369 1884 3285">
     <span class='ocr_line' id='line_1_35' title="bbox 1855 1369 1884 3285; baseline 0 0"><span class='ocrx_word' id='word_1_340' title='bbox 1855 1369 1884 3285; x_wconf 95' lang='lat' dir='ltr'> </span> 
     </span>
    </p>
   </div>
  </div>
 </body>
</html>
