1821 3264
0 0 11 132 ff

2 136 8 271 ς

0 274 6 379 f

344 231 397 257 DE
430 230 828 259 PRAEDESTINATIONE
860 231 1124 259 SANCTORUM·
1373 220 1428 259 63

105 297 228 340 VIII.
270 294 426 340 Videte
458 305 575 340 certe
597 295 705 356 quid
730 305 834 340 tunc
864 297 918 341 de
948 297 1036 341 fide
1065 306 1196 357 atque
1227 297 1430 355 operibus

0 380 1 388 ¹
45 366 283 410 sentiebam
300 401 316 421 ,
340 366 535 426 quamvis
556 366 611 410 de
633 365 982 411 commendanda
1006 368 1141 427 gratia
1162 368 1239 412 Dei
1264 367 1430 428 labora-

47 451 140 481 rem
158 437 230 482 :in
243 452 329 496 qua
342 436 556 481 sententia
566 437 669 481 istos
686 436 840 480 fratres
853 446 1019 482 nostros
1036 453 1126 482 esse
1144 454 1262 482 nunc
1279 438 1429 496 video,

47 508 150 568 quia
171 523 260 553 non
280 509 393 553 sicut
420 507 563 566 legere
591 506 725 551 libros
749 522 868 552 meos
887 543 898 562 ,
922 509 980 552 ita
1007 509 1136 552 etiam
1158 509 1204 552 in
1226 510 1284 553 eis
1307 526 1432 554 eura-

45 587 204 623 verunt
239 579 450 638 proficere
475 593 661 622 mecum.
698 579 806 623 Nam
833 578 867 621 si
889 588 1142 633 curassent,
1167 579 1431 624 invenissent

45 647 169 692 istam
189 649 476 708 quaestionem
502 650 742 692 secundum
765 649 989 692 veritatem
1013 648 1258 693 divinarum
1285 650 1430 709 Scrip-

45 728 244 764 turarum
265 720 453 765 solutam
473 720 520 764 in
548 719 689 778 primo
711 719 824 764 libro
847 719 1058 774 duorum,
1082 735 1191 779 quos
1221 720 1275 764 ad
1293 719 1432 764 beatae

45 791 266 835 memoriae
287 790 614 850 Simplicianum
637 790 800 849 scripsi,
825 790 1075 849 episcopum
1099 790 1432 835 Mediolanensis

44 860 248 906 Ecclesiae
267 895 278 916 ,
311 862 448 906 sancti
472 861 687 905 Ambrosii
709 875 998 905 successorem
1022 896 1031 914 ,
1057 861 1100 903 in
1131 861 1225 919 ipso
1255 860 1432 905 exordio

41 931 315 994 episcopatus
335 932 434 975 mei.
455 932 542 976 Nisi
562 930 674 976 forte
693 946 778 975 non
804 946 875 975 eos
895 940 1112 975 noverunt
1145 950 1153 976 ι
1179 933 1299 991 quod
1320 932 1354 975 si
1373 932 1431 976 ita

43 1009 123 1057 est,
142 1000 270 1046 facite
287 1011 336 1047 ut
351 1003 566 1047 noverint.
582 1006 641 1046 De
662 1003 744 1047 hoc
759 1002 898 1061 primo
915 1001 1106 1046 duorum
1126 1001 1302 1046 illorum
1319 1002 1431 1047 libro

42 1071 88 1115 in
117 1072 310 1117 secundo
340 1073 715 1117 Retractationum
748 1074 939 1132 primum
975 1072 1147 1116 locutus
1184 1088 1279 1117 sum
1307 1107 1316 1127 ,
1354 1073 1431 1132 qui

43 1156 185 1187 sermo
212 1158 334 1187 meus
352 1143 411 1186 ita
435 1159 478 1187 se
496 1144 629 1187 habet
655 1163 662 1187 :
701 1144 954 1198 Librorum,
979 1143 1183 1203 inquam,
1209 1159 1318 1202 quos
1340 1141 1430 1186 ela-

44 1212 196 1259 boravi
227 1214 473 1273 episcospus
504 1217 515 1239 ¹
532 1249 542 1268 ,
579 1214 705 1272 primi
741 1214 830 1258 duo
868 1223 970 1258 sunt
1004 1213 1058 1258 ad
1104 1214 1430 1273 simplicianum

42 1283 246 1328 Ecclesiae
263 1284 599 1329 Mediolanensis
618 1285 868 1340 antistitem,
895 1285 970 1344 qui
992 1285 1235 1330 beatissimo
1260 1300 1430 1329 succes-

43 1354 97 1397 sit
120 1354 370 1408 Ambrosio,
397 1354 451 1398 de
472 1354 649 1398 diversis
672 1355 986 1414 quaestionibus
1007 1374 1015 1399 ;
1043 1371 1229 1415 quarum
1253 1356 1359 1399 duas
1382 1371 1432 1398 ex

44 1423 237 1483 Epistola
268 1424 390 1469 Pauli
425 1424 607 1484 apostoli
638 1425 690 1468 ad
722 1429 940 1468 Romanos
966 1426 1008 1468 in
1040 1426 1232 1483 primum
1268 1425 1432 1469 librum

43 1493 225 1538 contuli.
257 1497 419 1538 Harum
447 1495 564 1554 prior
584 1504 649 1539 est
666 1494 720 1538 de
737 1510 788 1539 eo
801 1494 921 1554 quod
944 1495 1152 1554 scriptum
1175 1503 1262 1539 est:
1280 1515 1298 1536 «
1317 1494 1433 1548 Quid

45 1583 65 1606 »
89 1581 191 1624 ergo
212 1565 438 1610 dicemus?
463 1569 550 1610 Lex
578 1575 805 1625 peccatum
828 1574 891 1609 est
912 1566 1070 1609 ?Absit
1091 1569 1108 1592 ²
1134 1585 1141 1609 ;
1172 1584 1190 1606 »
1218 1581 1356 1625 usque
1379 1564 1433 1608 ad

43 1635 153 1679 illud
172 1636 247 1680 ubi
265 1636 349 1680 ait:
372 1655 392 1678 «
412 1637 518 1689 Quis
537 1652 606 1680 me
627 1636 831 1680 liberabit
846 1636 901 1680 de
913 1651 1092 1694 corpore
1111 1636 1258 1680 mortis
1275 1637 1433 1696 hujus?

45 1723 66 1747 »
102 1707 247 1750 Gratia
280 1707 357 1751 Dei
377 1721 453 1765 per
482 1709 627 1750 Jesum
651 1707 875 1752 Christum
901 1707 1135 1751 Dominum
1166 1717 1379 1751 nostrum.
1410 1724 1429 1747 »

46 1778 97 1819 In
115 1792 201 1836 qua
216 1777 288 1821 illa
311 1777 507 1835 Apostoli
529 1780 661 1821 verba
685 1796 693 1821 :
721 1797 740 1818 «
760 1780 846 1820 Lex
862 1777 1063 1835 spiritalis
1079 1786 1164 1831 est,
1190 1793 1271 1835 ego
1289 1786 1432 1820 autem

50 1866 67 1887 »
93 1846 274 1890 carnalis
291 1849 411 1890 sum3
435 1867 443 1890 ι
464 1856 544 1890 »et
566 1856 739 1901 caetera,
760 1846 920 1905 quibus
937 1862 1037 1890 caro
1061 1855 1211 1890 contra
1233 1847 1432 1905 spiritum

43 1917 275 1974 confligere
298 1917 565 1971 ostenditur,
595 1933 646 1961 eo
676 1917 808 1960 modo
839 1919 1042 1975 exposui,
1071 1926 1278 1976 tanquam
1300 1917 1432 1959 homo

42 1986 313 2032 describatur
343 1986 486 2031 adhuc
519 1988 600 2030 sub
631 1990 764 2045 Lege,
792 1986 992 2030 nondum
1010 1987 1091 2029 sub
1116 1987 1251 2044 gratia
1271 1987 1433 2029 consti-

44 2066 179 2102 tutus.
201 2061 348 2116 Longe
369 2058 486 2101 enim
503 2067 666 2116 postea,
688 2058 816 2102 etiam
838 2057 1041 2116 spiritalis
1054 2057 1243 2101 hominis
1265 2060 1333 2114 (et
1352 2057 1435 2100 hoc

44 2127 342 2187 probabilius)
374 2143 462 2172 esse
498 2143 622 2187 posse
652 2127 725 2171 illa
758 2128 889 2171 verba
919 2127 1117 2185 cognovi.
1151 2128 1366 2171 Posterior
1388 2126 1433 2170 in

45 2198 129 2243 hoc
142 2198 254 2243 libro
266 2199 449 2258 quaestio
470 2207 534 2242 est
555 2198 610 2242 ab
633 2214 684 2242 eo
703 2197 800 2242 loco
823 2198 899 2241 ubi
916 2199 974 2242 ait
1000 2218 1009 2242 :
1035 2217 1055 2240 «
1076 2200 1173 2242 Non
1197 2197 1340 2241 solum
1356 2213 1434 2241 au-

48 2287 68 2312 »
82 2279 185 2324 tem,
202 2270 278 2314 sed
291 2279 335 2314 et
348 2270 546 2314 Rebecca
561 2285 611 2313 ex
627 2286 716 2314 uno
729 2269 970 2314 concubitu
986 2269 1151 2313 habens
1169 2272 1288 2313 Isaac
1305 2269 1436 2328 patris

48 2341 219 2385 »nostri
244 2341 259 2366 ⁴
289 2360 297 2385 :
327 2359 346 2382 »
371 2355 508 2400 usque
535 2339 589 2384 ad
609 2339 720 2384 illud
737 2340 815 2384 ubi
839 2340 898 2383 ait
924 2359 932 2383 :
962 2359 979 2379 «
1007 2340 1093 2385 Nisi
1122 2339 1332 2383 Dominus
1360 2341 1436 2383 Sa-

50 2428 69 2452 »
83 2411 216 2456 baoth
242 2412 485 2471 reliquisset
507 2410 632 2455 nobis
655 2425 803 2454 semen
818 2445 829 2465 ,
850 2411 959 2454 sicut
984 2410 1173 2454 Sodoma
1205 2408 1306 2452 facti
1329 2423 1435 2452 esse-

96 2523 103 2538 ¹
133 2515 210 2548 Vide
228 2518 373 2548 Retract.
403 2514 459 2548 lib.
485 2515 520 2555 il,
539 2526 612 2557 cap.
649 2526 675 2547 1.
691 2532 732 2538 —
748 2521 760 2537 ²
781 2517 871 2547 Rom.
895 2525 954 2555 vu,
975 2524 1053 2554 7.—
1076 2512 1087 2535 ³
1107 2513 1187 2545 Ibid.
1223 2511 1258 2554 ¹4
1281 2519 1312 2544 et
1336 2512 1434 2553 24.—

50 2569 66 2600 ‘0
80 2571 128 2605 ld.
146 2582 192 2614 ix,
214 2582 265 2605 io.
