1884 3285
462 228 540 264 114
891 236 924 263 s.
961 239 1191 267 Αυουετιω
1222 240 1400 266 nuscum

447 302 580 359 nique
591 311 634 344 et
643 304 667 344 J
670 316 830 345 oannes
838 303 883 345 in
897 303 1088 361 Epistola
1100 320 1175 348 sua
1189 313 1346 364 potens
1358 304 1485 348 dixit:
1506 322 1528 345 «
1541 305 1584 348 Si
1593 304 1831 362 dixerimus
1857 310 1862 321 ¹

450 387 469 409 »
496 370 599 429 quia
623 380 848 428 peccatum
873 387 962 415 non
983 372 1219 429 habemus,
1244 389 1322 418 nos
1344 374 1458 432 ipsos
1479 371 1719 432 decipimus
1735 407 1748 428 ‚
1781 384 1832 419 eo
1857 378 1864 433 ζ

446 457 465 479 »
493 439 648 483 veritas
664 440 709 484 in
731 441 856 486 nobis
873 456 962 486 non
981 448 1069 486 est²
1090 461 1101 488 :
1129 461 1149 485 »
1176 452 1220 488 et
1236 453 1391 488 caetera
1412 457 1513 503 quae
1539 443 1610 487 hic
1637 443 1831 488 inserere?
1861 503 1865 506 μ

446 508 626 567 longum
648 519 728 555 est.
1860 511 1862 514 ’

502 582 578 624 ΙΧ.
613 583 710 625 Jam
735 596 838 626 vero
860 597 960 626 cum
983 582 1136 627 dicunt
1159 583 1294 627 sancti
1320 602 1329 627 :
1358 602 1379 624 «
1403 584 1466 628 Ne
1487 597 1566 626 nos
1593 581 1753 627 inferas
1777 583 1833 628 ina

445 666 465 690 »
491 651 792 705 tentationem,
813 651 888 695 sed
901 651 1037 695 libera
1057 668 1134 696 nos
1155 667 1178 696 a
1196 652 1332 696 malo³
1355 672 1363 696 :
1388 670 1408 693 »
1428 650 1534 711 quid
1557 651 1676 696 aliud
1693 667 1830 711 quanm

442 726 490 762 ut
521 719 567 762 in
597 720 824 764 sanctitate
859 731 1155 779 perseverent,
1192 723 1455 781 precantur?
1484 724 1594 767 Nam
1628 721 1824 780 profecto
1855 723 1857 726 ’

438 803 641 833 concesso
662 789 742 832 sibi
764 789 846 834 isto
868 792 945 834 Dei
967 791 1107 846 dono,
1134 792 1253 852 quod
1284 808 1374 837 esse
1396 792 1474 836 Dei
1505 790 1697 847 donum,
1719 806 1825 836 cum

437 857 493 900 ab
522 857 599 902 illo
627 859 840 916 poscitur,
872 860 972 905 satis
999 872 1237 921 aperteque
1268 871 1537 906 monstratur
1567 881 1578 907 z
1612 862 1694 905 isto
1721 875 1825 920 ergo

435 941 637 972 concesso
665 929 745 973 sibi
776 927 893 974 dono
929 931 1031 986 Dei,
1069 946 1123 975 ne
1155 931 1397 976 inferantur
1427 932 1472 976 in
1501 931 1790 976 tentationem
1811 964 1824 987 ,

437 1011 563 1041 nemo
580 1009 827 1044 sanctorum
844 1016 933 1045 non
951 1010 1069 1046 tenet
1087 1018 1224 1061 usque
1242 1004 1286 1047 in
1302 1004 1436 1046 finem
1453 1001 1831 1061 perseverantiam

435 1068 684 1112 sanctitatis.
711 1072 861 1129 Neque
882 1072 998 1114 enim
1020 1073 1249 1131 quisquam
1272 1074 1315 1116 in
1334 1072 1554 1131 proposito
1571 1071 1850 1116 Christiano-:²

434 1150 704 1192 perseverare
731 1139 918 1194 desistit,
955 1142 1034 1184 nisi
1063 1143 1105 1185 in
1142 1143 1426 1186 tentationem
1464 1141 1664 1200 primitus
1698 1139 1829 1185 infe—-

436 1215 567 1249 ratur.
596 1209 637 1251 Si
661 1223 761 1265 ergo
781 1211 1045 1254 concedatur
1062 1212 1101 1254 ei
1119 1210 1239 1269 quod
1260 1221 1375 1266 erat,
1404 1222 1450 1255 ut
1473 1226 1562 1255 non
1579 1209 1833 1269 inferatur,

435 1275 584 1334 utique
608 1279 944 1324 sanctificatione
959 1314 969 1334 ,
994 1295 1125 1339 quam
1150 1284 1238 1326 Deo
1261 1281 1454 1326 donante
1477 1281 1670 1340 percepit
1687 1316 1698 1336 ‚
1729 1284 1835 1326 Deo»

440 1341 630 1389 donante
652 1347 854 1404 persistit.

494 1416 549 1457 X.
588 1434 608 1457 «
637 1417 720 1460 Sed
753 1418 930 1473 nolunt,
968 1428 1018 1462 ut
1049 1420 1258 1475 scribitis,
1295 1421 1364 1464 isti
1404 1420 1582 1476 fratres,
1615 1421 1674 1464 ita
1703 1420 1830 1465 hanc?

438 1502 458 1525 »
483 1487 846 1542 perseverantiam
871 1489 1117 1547 praedicari,
1143 1500 1192 1534 ut
1218 1506 1306 1534 non
1332 1490 1402 1534 vel
1424 1490 1677 1550 suppliciter
1703 1491 1831 1534 eme?

440 1571 459 1592 »
485 1555 593 1608 reri,
615 1556 683 1599 vel
705 1558 843 1601 amitti
865 1559 1178 1603 contumaciter
1201 1561 1347 1619 possit.
1373 1579 1392 1601 η
1419 1561 1501 1604 Ubi
1523 1561 1631 1620 quid
1651 1560 1834 1614 dicant,
1864 1608 1865 1615 χ

435 1639 588 1682 parum
616 1626 848 1686 diligenter
879 1630 1128 1674 attendunt.
1161 1634 1221 1674 De
1251 1631 1324 1675 illa
1358 1632 1474 1675 enim
1502 1631 1829 1690 perseverantia
1863 1683 1865 1686 Α

435 1692 658 1754 loquimur
675 1732 685 1751 ,
706 1713 792 1756 qua
816 1709 1111 1757 perseveratur
1133 1717 1271 1761 usque
1292 1703 1337 1745 in
1357 1702 1489 1745 finem
1512 1720 1520 1746 ε
1546 1717 1647 1762 quae
1663 1702 1698 1745 si
1719 1700 1834 1750 data*

435 1774 518 1817 est,
555 1778 876 1823 perseveratum
899 1780 961 1814 est
983 1787 1120 1830 usque
1147 1773 1192 1815 in
1218 1773 1379 1830 finem,
1405 1772 1439 1816 si
1468 1781 1614 1817 autem
1646 1787 1736 1816 non
1757 1780 1835 1817 est·

437 1845 755 1890 perseveratum
777 1854 916 1898 usque
940 1840 984 1882 in
1003 1841 1135 1885 finem
1150 1875 1161 1895 ,
1185 1857 1273 1885 non
1297 1851 1360 1885 est
1376 1840 1505 1899 data,
1529 1842 1650 1902 quod
1664 1842 1756 1902 jam
1777 1849 1823 1886 et

435 1905 628 1961 superius
650 1907 749 1951 satis
774 1909 954 1966 egimus.
981 1912 1079 1954 Non
1110 1911 1258 1970 itaque
1281 1911 1428 1956 dicant
1454 1912 1651 1956 homines
1673 1927 1833 1971 perse-1

436 1976 671 2020 verantiam
694 1978 898 2037 cuiquam
920 1980 1066 2023 datam
1089 1996 1226 2040 usque
1247 1982 1292 2026 in
1312 1983 1471 2037 finem,
1499 1982 1578 2025 nisi
1604 1997 1705 2026 cum
1729 1982 1820 2042 ipse
1864 2025 1867 2030 Α

437 2044 604 2088 venerit
625 2046 742 2100 finis,
768 2058 812 2092 et
841 2063 1128 2107 perseverasse
1155 2052 1226 2094 cui
1248 2051 1347 2095 data
1371 2061 1436 2095 est
1459 2060 1654 2110 repertus
1686 2050 1831 2097 fuerit-
1866 2077 1868 2083 ι

437 2115 642 2171 usquein
670 2117 818 2161 finem.
850 2119 1038 2164 Dicimus
1071 2120 1234 2181 quippe
1265 2130 1429 2166 castum
1458 2136 1591 2180 quem
1618 2122 1826 2173 novimus,

436 2191 624 2239 castum,
649 2187 737 2230 sive
766 2188 841 2243 sit,
868 2189 958 2233 sive
980 2205 1068 2234 non
1090 2191 1143 2235 sit
1173 2191 1219 2235 in
1244 2191 1396 2236 eadem
1421 2192 1616 2237 castitate
1636 2207 1818 2237 mansu-

438 2265 537 2310 rus,
576 2263 619 2298 et
646 2256 680 2298 si
709 2256 817 2316 quid
849 2257 967 2302 aliud
994 2258 1130 2303 divini
1160 2262 1350 2305 muneris
1383 2261 1567 2316 habeat,
1599 2262 1720 2322 quod
1750 2271 1818 2307 te·
1868 2280 1869 2284 ¹

437 2323 528 2365 neri
550 2335 592 2367 et
614 2327 752 2370 amitti
778 2337 944 2386 potest,
971 2329 1155 2374 dicimus
1185 2347 1283 2375 eum
1308 2330 1468 2375 habere
1493 2332 1824 2391 quandiucums
1867 2338 1870 2344 '

434 2406 520 2449 que
541 2394 696 2454 habet,
729 2406 771 2440 et
792 2399 825 2441 si
844 2400 1058 2455 amiserit,
1080 2399 1264 2445 dicimus
1285 2401 1486 2445 habuisse
1507 2420 1516 2445 ε
1539 2417 1822 2461 perseveram
1868 2447 1870 2466 ζ

435 2460 537 2507 tiam
554 2480 656 2510 vero
678 2469 873 2528 usquein
890 2469 1045 2525 finem,
1066 2472 1272 2531 quoniam
1290 2487 1378 2517 non
1400 2471 1534 2516 habet
1551 2474 1782 2535 quisquam
1796 2496 1819 2530 ‚¹
1868 2519 1871 2525 ,

487 2554 495 2568 ¹
524 2559 532 2578 1
555 2551 647 2582 Joan.
667 2562 689 2590 1,
708 2552 739 2582 8.
753 2558 816 2575 ——2
832 2552 945 2584 matth.
967 2563 1009 2590 vl,
1028 2555 1080 2586 13.
