1884 3285
433 271 516 310 262
867 279 899 308 s.
937 281 1165 313 Anousnm
1199 282 1375 311 Episcopi

430 354 573 389 terum
589 358 677 387 esse
695 352 960 401 prosatorem
985 345 1125 388 carnis
1150 345 1374 400 innocuae,
1400 344 1585 390 alterum
1607 346 1810 396 seducto-

430 429 519 457 rem
539 414 704 456 miserae
725 414 976 463 voluntatis.

485 486 775 528 Arm-smum.
803 486 965 527 Verum
996 483 1103 527 dicis
1127 484 1343 528 incautus.
1383 487 1434 528 In
1467 484 1666 543 paradiso
1694 488 1809 536 enim

424 552 623 597 diabolus
645 555 848 599 seductor
871 555 1010 599 beatae
1027 555 1261 599 voluntatis
1284 555 1383 609 fuit,
1411 571 1542 614 quam
1563 556 1810 606 seducendo

424 625 622 670 miseram
645 625 749 670 fecit
772 646 780 671 ι
807 643 926 671 nunc
960 636 1127 682 autem,
1167 628 1275 671 sicut
1303 627 1476 682 fateris,
1512 627 1715 673 seductor
1748 640 1811 676 est

423 696 590 739 miserae
625 697 876 740 voluntatis.
917 697 986 741 Ab
1012 697 1093 741 hac
1117 713 1220 756 ergo
1252 698 1443 752 miseria,
1465 700 1551 754 (ne
1583 714 1662 758 per
1691 700 1810 745 illam

422 782 541 811 nunc
560 767 728 813 facilius
751 784 883 827 quam
907 777 1013 812 tunc
1046 768 1100 812 ad
1128 768 1244 812 illam
1269 768 1445 812 seducta
1469 777 1553 823 est,
1583 769 1726 815 adhuc
1746 785 1811 815 se-

419 837 606 880 ducatur
627 852 649 880 a
672 837 888 893 diabolo),
926 854 1013 882 non
1047 853 1141 882 eam
1162 838 1344 893 liberat,
1378 839 1464 883 nisi
1497 838 1566 883 ille
1600 841 1654 888 ad
1677 855 1809 900 quem

418 906 615 965 quotidie
637 916 727 951 tota
751 907 909 952 clamat
931 907 1148 963 Ecclesia,
1176 928 1195 950 «
1221 911 1283 955 Ne
1308 925 1386 954 nos
1418 908 1579 954 inferas
1598 910 1643 953 in
1668 919 1808 956 tenta-

417 995 438 1018 »
464 977 646 1031 tionem,
672 976 747 1021 sed
769 977 904 1021 libera
930 994 1006 1022 nos
1026 995 1047 1023 a
1072 978 1226 1023 malo¹.
1257 998 1275 1020 »

474 1050 589 1091 XCI.
620 1050 845 1093 JrLiAlus.
871 1068 889 1090 «
914 1050 992 1092 Hic
1017 1066 1118 1106 ergo
1141 1050 1215 1093 ubi
1238 1049 1346 1093 dixit
1364 1050 1602 1103 Dominus,
1630 1069 1649 1091 «
1675 1050 1717 1095 Si
1734 1066 1810 1095 VOS

417 1136 436 1159 »
463 1118 600 1161 Filius
630 1117 898 1173 liberaverit,
922 1134 1022 1162 vere
1052 1119 1176 1162 liberi
1196 1120 1364 1175 eritis²3
1390 1137 1410 1160 n
1440 1120 1635 1178 promisit
1656 1120 1806 1169 indul-

414 1188 603 1246 gentiam
623 1188 702 1231 reis
719 1224 730 1244 ,
756 1189 830 1247 qui
861 1197 1090 1246 peccantes
1115 1204 1204 1232 non
1226 1189 1394 1233 arbitrii
1431 1187 1705 1245 libertatem,
1730 1193 1804 1237 sed

412 1257 725 1300 conscientiam
745 1258 924 1317 justitiae
948 1257 1247 1316 perdiderunt.
1278 1258 1483 1302 Liberum
1513 1269 1658 1303 autem
1690 1260 1809 1305 arbi-

411 1327 544 1370 trium
567 1335 610 1369 et
639 1336 735 1385 post
758 1336 931 1386 peccata
969 1337 1055 1371 tam
1092 1327 1270 1386 plenum
1302 1337 1389 1384 est,
1427 1345 1558 1389 quam
1593 1329 1678 1374 fuit
1706 1340 1807 1375 ante

411 1406 589 1457 peccata
619 1418 628 1443 ς
654 1399 686 1441 si
709 1399 886 1458 quidem
921 1399 1052 1457 ipsius
1082 1414 1212 1458 opera
1242 1400 1338 1454 fiat,
1369 1409 1419 1443 ut
1445 1399 1650 1445 abdicent
1672 1399 1806 1460 pleri-

411 1483 497 1528 que
520 1467 690 1511 occulta
718 1469 967 1524 dedecoris,
1006 1478 1048 1512 et
1078 1469 1341 1528 flagitiorum
1367 1469 1544 1530 abjectis
1580 1470 1803 1527 sordibus,

415 1539 627 1585 virtutum
650 1548 881 1582 comantur
911 1539 1166 1598 insignibus.

468 1611 760 1652 Avensa—mus.
787 1610 846 1652 Te
869 1608 970 1652 audi
993 1608 1142 1652 saltem
1157 1644 1167 1663 ,
1194 1608 1271 1652 ubi
1294 1607 1400 1653 dicis
1426 1618 1601 1668 propter
1620 1625 1805 1655 consue-

408 1677 609 1723 tudinem
629 1688 905 1736 peccatorum
930 1679 1137 1737 scriptum
1162 1693 1250 1722 esse
1263 1713 1273 1732 ,
1296 1697 1315 1720 «
1335 1681 1432 1722 Non
1449 1679 1569 1738 quod
1587 1679 1688 1724 volo
1706 1695 1801 1738 ago,

415 1768 434 1791 »
456 1748 530 1792 sed
552 1748 673 1809 quod
695 1750 767 1793 odi
786 1750 869 1793 hoc
892 1748 1005 1793 facio
1031 1751 1062 1792 ³.
1089 1769 1106 1790 υ
1129 1750 1362 1802 Quomodo
1384 1765 1486 1808 ergo
1508 1759 1605 1810 post
1627 1761 1805 1809 peccata

408 1817 595 1866 liberum
614 1827 701 1872 est,
728 1834 914 1878 quorum
940 1828 983 1862 et
1000 1821 1032 1862 si
1056 1834 1146 1862 non
1174 1819 1435 1878 propagine,
1466 1819 1569 1879 quia
1591 1835 1677 1870 non
1703 1820 1804 1866 vul-

408 1888 477 1942 tis,
503 1898 619 1932 certe
636 1898 785 1932 tamen
809 1888 1154 1944 consuetudine,
1179 1905 1310 1949 quam
1338 1889 1472 1934 solam
1497 1891 1600 1935 huic
1620 1892 1805 1936 necessi-

411 1958 491 2003 tati
507 1958 608 2002 victi
630 1959 909 2018 contortique
939 1958 1196 2014 conceditis,
1225 1959 1285 2003 sic
1308 1959 1502 2018 perdidit
1522 1960 1770 2007 libertatem
1789 1997 1801 2018 ‚

411 2037 462 2076 ut
482 2029 666 2087 gemitus
689 2031 782 2089 ejus
804 2029 929 2074 feriat
959 2045 1082 2073 aures
1104 2038 1280 2083 vestras,
1300 2030 1580 2090 frontemque
1598 2030 1802 2091 collidat,

410 2115 511 2144 cum
549 2099 727 2153 auditis,
758 2120 777 2142 «
803 2103 900 2145 Non
937 2100 1057 2160 quod
1091 2100 1193 2144 volo
1216 2116 1322 2158 ago,
1351 2119 1370 2142 »
1406 2110 1476 2155 et,
1511 2119 1532 2143 «
1558 2104 1654 2147 Non
1684 2102 1805 2162 quod

413 2188 433 2211 ,η
459 2169 559 2214 volo
591 2170 703 2215 facio
726 2172 915 2226 bonum,
953 2172 1028 2215 sed
1051 2171 1171 2231 quod
1200 2171 1302 2216 nolo
1324 2171 1487 2216 malum
1516 2173 1601 2216 hoc
1626 2175 1759 2231 ag05‘?
1779 2191 1800 2217 »

471 2242 609 2285 XCII.
632 2244 857 2287 Juumrs.
878 2243 1034 2286 Desine
1050 2243 1198 2302 itaque
1219 2243 1402 2302 impiare
1420 2252 1477 2299 te,
1497 2244 1550 2301 (si
1569 2252 1716 2288 tamen
1731 2243 1802 2289 ul-r

408 2311 501 2355 lum
520 2312 600 2356 tibi
620 2313 682 2357 fas
702 2323 776 2357 aut
799 2312 919 2357 nefas
942 2314 1280 2371 restat,)Christi
1302 2316 1435 2358 verba
1447 2315 1506 2359 sic
1524 2313 1798 2374 exponendo,

412 2390 463 2425 ut
484 2381 558 2425 ille
577 2383 806 2427 arbitrium
827 2398 1002 2442 negasse
1017 2383 1203 2427 liberum
1222 2383 1438 2438 videatur,
1456 2385 1547 2428 sine
1559 2386 1682 2444 cujus
1696 2385 1805 2430 inte-

416 2452 570 2510 gritate
592 2455 774 2514 aequitas
797 2454 835 2498 ei
851 2455 1016 2514 proprii
1033 2470 1121 2499 non
1139 2463 1281 2514 potest
1302 2464 1499 2499 constare
1509 2455 1678 2515 judicii.

464 2561 473 2574 ¹
496 2556 607 2588 Matth.
631 2567 677 2595 γι,
706 2558 755 2590 13.
772 2574 814 2580 --
829 2564 842 2579 2
857 2560 948 2590 Joan.
970 2569 1041 2600 vui,
1062 2558 1114 2590 36.
1131 2574 1171 2580 -
1190 2555 1204 2579 3
1224 2566 1242 2590 2
1260 2559 1333 2597 Cor.
1350 2568 1398 2596 iv,
1417 2566 1449 2591 2.
1468 2575 1507 2581 —
1524 2557 1539 2588 4
1555 2560 1646 2593 Rom.
1670 2568 1725 2599 vn,
1745 2555 1798 2590 15.

418 2627 452 2633 -—
473 2608 486 2631 5
515 2611 594 2643 Ibid.
617 2617 649 2643 et
672 2625 720 2654 ¹9·
