1821 3264
0 89 4 161 i

0 168 3 236 e

0 240 3 335 ἑ

0 375 2 407 Ι

0 483 2 519 i

251 284 396 314 omnus
428 276 605 307 mulir.
640 270 803 301 comm
836 264 1005 296 nium.
1043 262 1125 290 Lm.
1162 261 1191 286 1.
1336 243 1421 283 279

0 358 1 363 ’
38 350 271 400 nesciendo
292 346 401 409 quid
430 344 572 389 facere
599 337 755 383 debeat
772 370 782 390 ,
808 330 928 393 quod
953 344 1041 373 non
1063 326 1195 371 debet
1217 321 1335 367 facit.
1360 323 1424 364 De

0 421 2 445 ³
39 438 127 485 quo
149 434 304 480 genere
321 416 535 462 malorum
554 413 666 455 Deus
684 413 861 464 rogatur
875 437 886 457 ,
907 400 984 444 ubi
1003 396 1161 441 dicitur
1179 413 1188 439 ι
1218 412 1239 436 «
1259 389 1425 436 Delicta

43 511 64 535 u
86 489 354 554 juventutis,
386 495 430 531 et
451 478 707 543 ignorantiae
728 490 836 521 meae
859 487 914 516 ne
942 466 1226 514 memineris&
1252 481 1272 504 »
1297 460 1429 515 Quod

42 579 176 625 genus
197 561 468 606 delectorum
492 554 527 599 si
554 565 645 596 non
672 548 907 606 imputaret
937 544 1051 584 Deus
1074 538 1242 596 justus,
1270 547 1361 576 non
1379 545 1430 574 ea

0 660 1 665 =
42 635 121 681 sibi
148 631 308 678 dimitti
341 633 536 689 posceret
564 623 696 666 homo
728 614 883 660 fidelis.
911 610 1037 656 Unde
1059 607 1164 652 dicit
1196 613 1239 648 et
1259 601 1338 647 Dei
1367 599 1431 645 fa-

0 703 1 726 ³
42 703 187 751 mulus
208 702 292 747 Job
312 735 324 756 ,
354 718 375 743 «
403 692 586 756 Signasti
615 697 794 751 peccata
818 699 914 729 mea
942 683 985 725 in
1008 676 1203 730 sacculo,
1228 682 1273 718 et
1294 686 1433 717 anno-

45 795 66 820 »
90 775 191 821 tasti
211 774 245 818 si
266 771 375 832 quid
398 767 560 813 invitus
577 758 773 808 commisi
786 760 818 800 ².
846 774 866 797 η

105 850 171 892 Tu
203 857 382 906 quoque
408 841 499 899 ipse
532 836 579 880 in
608 832 720 878 libro
752 826 985 874 novissimo
1018 831 1094 866 tuo
1126 831 1301 870 eorum,
1326 827 1436 873 quos

46 929 195 968 contra
214 929 353 962 unum
374 925 521 957 mcum
545 914 736 968 quatuor
758 896 948 950 edidisti,
974 909 1023 938 ex
1047 888 1352 936 affectionibus
1369 893 1437 930 at—

45 1006 131 1052 que
152 984 422 1050 passionibus
437 978 572 1026 animi
593 975 699 1021 dicis
725 993 745 1015 «
770 968 942 1015 evenire
964 961 1217 1009 hominibus
1240 956 1439 1002 aflectio-

46 1063 188 1109 nalem
212 1057 483 1119 qualitatem,
509 1061 640 1110 atque
665 1047 724 1090 ita
758 1043 1061 1089 inhaerescere,
1093 1041 1144 1077 ut
1171 1040 1246 1075 aut
1272 1027 1442 1086 magnis

48 1130 374 1181 molitionibus,
407 1132 483 1169 aut
510 1119 641 1166 nullis
669 1122 891 1175 separetur
920 1105 1143 1154 omninoss.
1179 1121 1198 1144 »
1237 1099 1443 1158 Quisquis
1478 1150 1482 1153 =

49 1219 152 1263 ergo
169 1217 218 1245 ea
248 1197 482 1244 timiditate
503 1187 772 1253 peccaverit,
798 1198 896 1244 quae
919 1179 973 1224 ab
1001 1176 1078 1222 illo
1100 1190 1189 1220 non
1211 1179 1354 1232 potest
1377 1184 1444 1213 se-

50 1274 207 1337 parari,
227 1271 337 1331 quid
358 1266 480 1312 aliud
496 1277 628 1324 quam
643 1256 897 1304 necessitate
919 1247 1142 1312 peccabit?
1167 1242 1250 1290 Sed
1266 1256 1343 1287 vos
1364 1240 1446 1284 ista

51 1353 228 1407 peccata
238 1357 290 1386 ex
308 1339 392 1383 illis
404 1337 552 1382 venire
569 1329 753 1393 peccatis
766 1362 776 1382 ,
798 1340 898 1386 quae
913 1320 1033 1366 nulla
1050 1316 1303 1363 necessitate
1324 1325 1447 1356 com-

53 1419 178 1463 missa
195 1422 311 1467 sunt,
329 1412 376 1455 in
392 1409 467 1454 illo
482 1405 636 1452 saltem
652 1397 907 1450 conceditis,
930 1393 1006 1453 qui
1024 1390 1146 1442 dicit,
1167 1406 1185 1428 «
1203 1382 1333 1438 Quod
1345 1381 1449 1427 nolo

57 1507 78 1531 »
103 1485 267 1532 malum
287 1483 372 1527 hoc
386 1495 466 1539 ago
480 1479 511 1520 4.
533 1495 552 1517 η
575 1473 660 1527 Qui
684 1470 817 1523 enim,
834 1475 885 1510 ut
900 1465 1027 1508 istam
1049 1459 1238 1520 patiatur
1260 1452 1450 1498 necessi-

55 1568 205 1613 tatem,
231 1570 321 1600 non
344 1551 425 1597 nisi
450 1544 660 1610 peccandi
685 1534 1003 1587 consuetudine
1035 1529 1272 1591 premitur3
1298 1521 1453 1584 procul

57 1631 192 1676 dubio
212 1628 333 1688 prius
356 1637 487 1684 quam
504 1623 718 1680 peccaret,
735 1610 934 1657 nondum
948 1602 1202 1650 necessitate
1216 1604 1454 1643 consuetu-

58 1702 170 1747 dinis
192 1696 489 1759 premebatur.
516 1694 577 1735 Ac
607 1702 685 1748 per
698 1686 804 1737 hoc,
831 1679 964 1724 etiam
989 1670 1231 1720 secundum
1255 1682 1331 1713 vos
1352 1680 1457 1725 pec-

60 1771 189 1818 candi
201 1767 431 1814 necessitas
444 1760 564 1807 unde
577 1758 795 1803 abstinere
810 1752 998 1796 liberum
1012 1760 1102 1790 non
1117 1751 1197 1796 est,
1214 1740 1330 1785 illius
1355 1751 1457 1797 pec-

61 1844 144 1889 cati
157 1856 289 1902 poena
302 1847 382 1892 est,
399 1852 422 1880 a
436 1849 526 1895 quo
541 1829 758 1876 abstinere
774 1823 958 1869 liberum
976 1817 1077 1870 suit,
1093 1812 1273 1875 quando
1286 1807 1459 1854 nullum

65 1914 238 1976 pondus
251 1906 514 1956 necessitatis
530 1901 731 1961 urgebat.
753 1898 844 1941 Cur
861 1907 963 1950 ergo
986 1904 1076 1934 non
1095 1883 1269 1931 creditis
1286 1888 1459 1925 tantum

66 1985 217 2033 saltem
243 1981 428 2029 valuisse
454 1975 567 2021 illud
601 1970 730 2032 primi
762 1964 951 2012 hominis
986 1955 1268 2005 ineffabiliter
1298 1948 1461 2011 grande

64 2066 309 2120 peccatum,
330 2061 380 2098 ut
401 2065 453 2094 eo
467 2046 693 2092 vitiaretur
713 2041 902 2084 humana
916 2041 1072 2078 natura
1087 2027 1303 2079 universa,
1328 2035 1463 2082 quan·

67 2139 160 2174 tum
184 2126 300 2171 valet
321 2137 441 2167 nunc
463 2120 508 2163 in
530 2113 708 2160 homine
731 2125 821 2154 uno
844 2103 1036 2152 secunda
1053 2109 1209 2146 natura
1231 2116 1241 2142 2
1265 2096 1325 2140 sic
1347 2092 1465 2137 enim

70 2218 92 2246 a
109 2198 248 2244 doctis
263 2191 470 2254 appellari
483 2183 847 2233 consuetudinem
865 2192 944 2222 nos
962 2164 1370 2220 commemorandos
1388 2177 1466 2222 pu-

70 2270 183 2317 tasti.
209 2270 322 2313 Cum
343 2264 474 2322 igitur
493 2269 537 2304 et
564 2256 638 2302 illa
659 2255 876 2300 fateamur
903 2249 950 2293 in
981 2243 1233 2291 hominibus
1255 2253 1344 2283 esse
1367 2248 1467 2294 pec-

71 2351 186 2396 cata,
205 2353 306 2400 quae
323 2333 682 2383 committuntur,
708 2339 799 2370 non
826 2319 1106 2369 necessitate,
1128 2312 1203 2358 sed
1225 2309 1466 2358 voluntate,

73 2428 173 2475 quae
194 2404 502 2455 tantummodo
522 2407 698 2462 peccata
721 2403 839 2449 sunt,
865 2390 984 2436 unde
1001 2423 1011 2443 ,
1036 2387 1090 2431 ab
1109 2385 1167 2428 eis
1191 2382 1378 2426 liberum
1407 2382 1472 2419 est

76 2482 322 2537 abstinere,
345 2487 389 2522 et
410 2472 599 2536 peccatis
620 2469 676 2514 de
704 2462 962 2526 ignorantiae
989 2457 1060 2503 vel
1080 2453 1363 2500 affectionum
1391 2460 1471 2490 ne-

127 2595 134 2610 ¹
158 2585 238 2619 Psal.
257 2594 344 2623 xxiv,
367 2593 398 2623 7.
415 2597 456 2603 -=
470 2585 483 2601 2
503 2577 579 2617 Job,
595 2586 662 2615 xiv,
681 2572 736 2614 47,
754 2571 849 2610 juxta
866 2567 960 2599 Lxx.
979 2581 1020 2587 —-
1038 2561 1051 2584 3
1068 2559 1153 2591 Vide
1169 2558 1224 2589 lib.
1249 2567 1278 2587 vi
1298 2556 1408 2585 contra
1420 2549 1481 2581 Ju—'

80 2645 155 2676 lian.
181 2652 256 2683 cap.
282 2639 333 2671 18.
351 2635 423 2665 -4
442 2638 531 2667 Rom.
558 2642 617 2672 vii,
645 2642 692 2671 ¹9-
