1884 3285
426 247 509 285 252
851 255 882 279 s,
919 251 1151 279 AUGUSTINI
1184 252 1365 280 Eiuscoi’t

425 323 632 365 berentur
664 335 686 362 a
714 318 943 372 servitute,
970 333 1055 376 qua
1085 318 1237 362 victori
1270 326 1448 376 peccato
1477 316 1636 362 addicti
1669 327 1796 374 sunt,
1848 317 1851 351 '²

426 391 569 434 divina
599 389 794 446 indigent
817 388 947 445 gratia
967 423 977 442 ,
1007 388 1087 431 nisi
1110 390 1210 448 qnia
1239 388 1363 431 liberi
1390 397 1491 432 sunt
1524 397 1567 432 et
1596 389 1698 448 ipsi,
1729 390 1805 434 sed

425 461 499 504 sed
523 460 729 519 justitiae?
751 458 868 502 unde
896 458 1000 503 dicit
1035 459 1264 517 Apostolus
1292 478 1300 503 :
1336 477 1354 499 «
1381 460 1492 504 Cum
1519 460 1661 503 essetis
1694 460 1804 506 servi

428 549 448 572 »
474 530 660 589 peccati,
682 529 805 573 liberi
830 528 967 572 fuistis
987 529 1204 588 justitiae2.
1236 547 1255 569 n

484 603 705 644 LXXVII.
743 603 968 643 Jtmmrs.
1006 618 1024 639 «
1059 599 1318 657 Impleveras
1348 600 1460 641 enim
1494 599 1577 642 hoc
1607 613 1806 643 sermone

426 670 612 731 aliquid,
638 679 787 715 contra
813 669 932 728 quod
960 670 995 712 si
1017 668 1164 712 fuisses
1186 669 1359 713 locutus
1382 668 1562 712 ulterius
1582 674 1597 723 ‚'
1623 669 1805 714 nimium
1854 674 1857 701 ³

427 742 679 801 impudens3
699 742 761 784 sin
784 750 927 783 autern
951 741 1094 783 omnia
1113 741 1390 784 concinenter
1408 775 1417 792 ,
1439 739 1508 784 vel
1526 739 1647 783 tarde
1665 754 1808 799 posses

428 827 631 870 apparere
653 812 901 855 correctior.
927 813 1052 855 Nunc
1072 825 1172 854 vero
1188 825 1256 853 me
1272 810 1378 854 dieis
1399 808 1546 853 fallere
1563 844 1573 864 ‚
1594 810 1670 869 qui
1688 809 1808 869 quod
1859 867 1861 873 ¹

427 883 590 942 objeci,
620 897 695 941 per
725 891 765 925 te
795 882 953 941 probo,
990 891 1032 925 et
1062 890 1106 925 tu
1140 882 1282 925 statim
1314 883 1357 924 in
1387 897 1438 924 eo
1467 880 1586 940 quod
1618 890 1659 925 te
1682 890 1808 940 putas

1854 601 1873 608 Ϊ
1847 244 1878 593 ,ζζμζωζ-ᾏὲηἶεὶψ-ζζζζ
1847 210 1872 234 J
1846 153 1847 161 ⁴

428 961 745 1012 consequenter
769 952 1014 996 instruxisse
1042 952 1250 995 mentiris.
1283 951 1354 995 Ais
1375 951 1562 1011 quippe,
1589 969 1608 992 »
1633 953 1731 996 Non
1753 951 1809 994 li·-
1860 956 1862 962 “

428 1023 579 1066 berum
614 1038 821 1082 negamus
856 1022 1081 1066 arbitrium
1120 1043 1127 1066 ;
1168 1032 1210 1065 et
1245 1022 1471 1081 subjungis
1513 1021 1809 1065 testimonium
1861 1024 1864 1069 ἶ

430 1094 681 1150 Evangelii,
718 1113 736 1133 «
772 1093 853 1137 Sed
883 1094 916 1135 si
944 1108 1019 1136 vos
1048 1092 1182 1136 Filius
1215 1091 1490 1145 liberaverit,
1519 1090 1578 1134 ait
1612 1091 1806 1146 Verium,
1862 1096 1863 1101 ’

435 1182 452 1204 n
479 1173 582 1206 tune
608 1178 706 1205 vere
733 1163 857 1205 liberi
884 1163 1040 1205 eritis2.
1074 1181 1093 1202 »
1126 1164 1238 1206 Cum
1267 1163 1349 1205 hoc
1380 1162 1425 1204 in
1455 1161 1530 1206 illo
1552 1161 1648 1206 loco
1673 1177 1696 1205 a
1720 1164 1810 1206 Do—

429 1233 548 1276 mino
569 1240 716 1275 nostro
738 1235 839 1275 Jesu
862 1241 1029 1276 constet
1053 1232 1096 1274 in
1117 1231 1304 1274 liberum
1325 1232 1549 1275 arbitrium
1574 1247 1662 1275 non
1678 1231 1811 1275 fuisse
1863 1222 1866 1261 Ῐ

430 1303 645 1363 prolatum
666 1338 676 1358 ,
701 1304 826 1362 cujus
847 1303 1157 1361 expositionem
1183 1304 1406 1347 sententiae
1427 1302 1656 1362 paululum
1679 1302 1810 1346 diffe-

432 1383 597 1428 rentes,
631 1373 956 1418 definitionibus
984 1382 1026 1416 et
1049 1373 1355 1427 divisionibus,
1387 1373 1494 1433 quid
1523 1382 1717 1417 nostrum
1746 1373 1812 1417 al-

433 1454 594 1488 teruter
624 1445 806 1492 sentiat,
845 1443 1121 1502 explicemus.
1163 1444 1299 1487 Debet
1334 1445 1497 1503 quippe
1519 1479 1528 1497 ‚
1570 1443 1810 1488 secundum

432 1515 625 1559 omnium
645 1515 871 1559 doctorum
899 1513 1166 1573 disciplinam
1186 1549 1196 1568 ,
1224 1515 1441 1559 inchoatio
1463 1514 1766 1573 disputationis
1789 1530 1812 1558 a

432 1585 684 1628 definitione
707 1585 832 1628 sumi.
858 1604 876 1624 »

491 1659 543 1699 Αι
561 1674 733 1699 unsrun
748 1675 780 1699 s.
808 1654 1002 1714 Apostoli
1020 1670 1122 1713 ergo
1141 1690 1151 1709 ,
1173 1655 1246 1714 qui
1270 1655 1615 1713 disputationum
1637 1670 1812 1698 suarum

432 1725 726 1769 inchoationes
759 1741 846 1770 non
875 1741 897 1768 a
933 1724 1186 1768 definitione
1222 1735 1519 1784 sumpserunt,
1560 1741 1650 1769 non
1692 1734 1815 1770 erant

432 1796 575 1839 docti?
591 1798 646 1839 Et
669 1805 811 1838 tamen
836 1804 959 1838 erant
980 1794 1177 1839 doctores
1200 1796 1410 1853 gentium,
1427 1805 1470 1839 et
1494 1805 1814 1855 contemptores
1871 1791 1873 1831 ἷ

432 1866 661 1910 doctorum
685 1865 834 1908 talium
853 1900 863 1918 ,
885 1864 939 1908 de
961 1865 1121 1924 quibus
1142 1875 1185 1909 te
1203 1865 1389 1909 delectat
1407 1866 1563 1909 inflari.
1586 1867 1715 1919 Quod
1737 1882 1815 1910 au·
1872 1859 1874 1879 ἰ

432 1945 517 1979 tem
539 1937 596 1980 ait
623 1936 859 1989 Dominus,
889 1936 930 1979 Si
952 1951 1027 1979 vos
1050 1935 1184 1979 Filius
1212 1935 1483 1991 liberaverit,
1509 1946 1615 1981 tunc
1637 1952 1736 1981 vere
1758 1937 1814 1981 li-
1873 1927 1875 1966 Ῑ

435 2007 524 2049 beri
546 2006 660 2049 eritis
676 2041 687 2059 ,
709 2005 932 2050 conaberis
950 2005 1124 2065 quidem
1150 2007 1195 2048 in
1219 2015 1337 2049 tuam
1361 2007 1620 2067 detorquere
1637 2017 1815 2052 senten-

433 2077 534 2119 tiam
562 2095 570 2121 :
595 2075 671 2120 sed
703 2090 835 2136 quam
865 2084 906 2119 te
937 2091 1025 2119 non
1054 2085 1283 2134 sequatur,
1309 2091 1408 2120 cum
1433 2078 1577 2121 conari
1601 2079 1812 2138 coeperis,
1874 2114 1877 2122 ,

433 2148 672 2206 apparebit.

490 2219 734 2261 LXXVIII.
761 2219 941 2261 Jt‘LIANt
956 2236 987 2260 s.
1014 2235 1033 2258 «
1054 2217 1205 2260 Omnis
1226 2218 1403 2277 quippe,
1427 2227 1476 2262 ut
1499 2219 1558 2262 ait
1575 2218 1648 2262 ille
1662 2220 1695 2274 3,
1714 2234 1814 2279 quae
1878 2195 1879 2250 i

428 2289 595 2333 ratione
617 2288 850 2347 suscipitur
873 2286 927 2330 de
950 2287 1092 2346 aliqua
1117 2302 1161 2330 re
1184 2286 1435 2346 disputatio,
1462 2289 1591 2333 debet
1614 2305 1636 2333 a
1656 2289 1814 2334 defini-

431 2360 546 2403 tione
570 2359 780 2418 proficisci
801 2393 811 2411 ,
837 2367 886 2402 ut
914 2358 1180 2416 intelligatur
1203 2358 1310 2418 quid
1332 2360 1383 2403 sit
1408 2360 1452 2404 id
1474 2361 1528 2403 de
1551 2376 1640 2420 quo
1662 2360 1815 2420 dispu-

433 2437 569 2472 tatur.
602 2432 663 2471 Ita
691 2443 793 2486 ergo
817 2436 859 2470 et
882 2442 983 2481 nos,
1012 2428 1122 2470 sicut
1152 2443 1280 2486 supra
1313 2429 1368 2471 de
1387 2430 1564 2488 justitiae
1592 2440 1634 2474 et
1657 2441 1810 2490 peccat

436 2499 693 2544 definitione
714 2499 1019 2553 disseruimus,
1043 2513 1161 2542 nunc
1188 2514 1363 2558 quoque
1384 2499 1608 2546 videamus
1635 2517 1734 2562 quae
1758 2502 1815 2546 li-
1881 2519 1884 2560 g

479 2591 490 2606 ¹
509 2585 600 2620 Rom.
625 2595 672 2623 vr,
690 2593 744 2617 20.
762 2602 802 2609 —-
817 2591 829 2610 ²
849 2586 941 2617 Joan.
961 2594 1027 2626 vm,
1046 2582 1101 2616 36.
1117 2582 1184 2607 ...3
1202 2585 1305 2619 Cicer.
1323 2585 1364 2617 (le
1380 2583 1512 2628 Officiis,
1532 2597 1602 2629 cap.
1621 2598 1650 2619 1.
