1884 3285
438 245 521 284 386
873 251 904 280 s.
944 253 1025 279 um
1035 253 1170 280 usum
1209 253 1386 280 anscom

493 322 606 365 CVI.
663 321 686 362 J
696 335 889 364 tmancs.
917 321 980 364 Ac
1003 332 1078 378 per
1101 320 1206 375 hoc,
1233 320 1266 364 si
1290 329 1354 364 est
1381 319 1578 364 naturale
1600 328 1824 379 peccatum

436 400 659 435 tantorum
708 399 859 434 auctor
895 389 1108 435 malorum
1123 426 1134 445 ,
1179 391 1315 450 gratia
1356 391 1517 436 Christi
1550 406 1826 452 nequaquam

435 461 574 506 multa
597 461 756 506 delicta
772 460 980 506 donando
997 462 1352 521 justificationem
1377 472 1583 522 operatur
1616 482 1625 508 :
1656 463 1733 508 sed
1753 466 1828 509 uni
1876 483 1884 516 ι

434 532 896 594 peccatoindulgendo
912 534 1135 592 negotium
1150 534 1429 592 benignitatis
1445 531 1884 595 exequitur3quod51

434 621 537 651 cum
566 620 610 649 se
631 606 819 665 spondet
843 615 1037 650 acturam
1057 640 1068 661 ,
1092 605 1222 650 fidem
1254 604 1384 650 saciet
1415 605 1655 665 promissis,
1677 606 1712 651 si
1734 588 1854 652 haec
1876 624 1884 659 q

435 692 534 736 quae
553 676 761 721 dicuntur
779 691 854 736 per
876 678 1040 736 peccati
1067 675 1228 722 vulnus
1250 677 1416 721 invecta
1438 676 1654 722 curaverit
1675 695 1684 722 ε
1705 686 1828 722 caete·
1847 684 1852 696 “
1877 698 1884 731 1

436 763 532 791 rum
554 748 589 792 si
610 757 653 792 et
675 755 771 805 post
788 748 977 792 remedia
995 764 1095 808 quae
1112 747 1288 804 detulit,
1309 747 1461 792 eadem
1479 756 1625 792 tamen
1642 747 1828 794 diaboli-
1877 774 1884 802 q

436 833 588 863 corum
607 818 862 863 morborum
879 820 1008 863 series
1025 828 1294 879 perseverat,
1318 828 1421 864 voto
1440 820 1530 880 ejus
1549 819 1826 878 gratificatio,
1847 825 1851 831 '
1878 846 1884 874 1

1846 865 1854 893 ἑ

435 968 576 1018 pestes
590 960 726 1004 virtus
749 959 788 1002 ei
808 958 967 1015 defuit,
993 975 1080 1004 non
1105 960 1322 1005 voluntas.
1352 979 1372 1002 n
1848 967 1856 1032 ἰ
1880 989 1884 1015 ¹

495 1033 555 1074 At
567 1049 788 1076 Grsrmrs.
813 1033 910 1075 Jam
928 1047 1184 1091 responsum
1203 1040 1266 1076 est
1290 1051 1298 1076 :
1317 1030 1528 1090 intellige,
1549 1040 1592 1075 et
1608 1040 1717 1076 tace.
1735 1031 1856 1076 Ali-
1880 1043 1884 1087 t

436 1110 502 1144 ter
526 1102 661 1159 gratia
683 1110 921 1145 certantem
941 1100 1066 1156 facit,
1093 1111 1225 1161 atque
1248 1102 1455 1163 adjuvat3
1479 1101 1603 1147 aliter
1622 1102 1829 1147 victorem
1850 1111 1855 1167 ¹ss
1881 1130 1884 1157 ÷

435 1173 526 1215 sine
547 1173 672 1216 hoste
697 1170 812 1226 ullo,
839 1171 909 1215 vel
939 1181 1119 1217 externo
1134 1208 1144 1227 ‚
1169 1173 1241 1218 vel
1263 1173 1457 1227 interno,
1473 1173 1518 1217 in
1543 1182 1703 1218 aeterna
1724 1188 1832 1234 pace
1850 1170 1856 1224 ζ

436 1253 688 1288 conservat:
704 1243 782 1287 ista
802 1242 1015 1288 laboriosa
1031 1243 1183 1289 militia
1204 1254 1267 1289 est
1281 1245 1325 1289 in
1348 1246 1551 1305 pr'aesenti
1569 1244 1744 1300 saeculo,
1758 1243 1832 1289 illa
1851 1251 1855 1294 ξ

438 1314 565 1358 beata
585 1315 755 1373 requies
776 1315 820 1358 in
845 1314 1012 1359 futuro.
1035 1315 1119 1360 Sed
1140 1316 1174 1359 si
1198 1324 1246 1360 tu
1264 1331 1364 1360 cum
1389 1316 1503 1360 vitiis
1519 1315 1766 1361 carnalibus
1786 1318 1832 1360 in
1851 1308 1855 1329 ⁵
1882 1365 1884 1370 ,

435 1393 479 1429 te
497 1386 589 1445 ipso
604 1385 769 1430 bellum
785 1401 875 1431 non
894 1387 1020 1446 geris,
1043 1387 1250 1432 erubesce
1269 1407 1277 1432 :
1298 1388 1332 1432 si
1355 1388 1481 1447 geris,
1499 1388 1768 1432 obmutesce.
1851 1387 1856 1440 ᾗ
1882 1431 1884 1439 ,

495 1458 632 1501 CVII.
659 1460 886 1502 Jruamrs.
913 1457 1026 1510 Quid
1059 1459 1193 1516 igitur
1215 1459 1297 1503 hac
1325 1457 1625 1518 disputatione
1651 1456 1831 1503 confec·-
1882 1486 1884 1513 ρ

436 1536 529 1572 tum
554 1530 646 1573 est?
669 1530 823 1574 Sensui
844 1529 1046 1574 videlicet
1068 1539 1146 1574 tuo
1169 1540 1213 1574 et
1235 1530 1445 1590 Apostolo
1467 1546 1556 1575 non
1578 1529 1827 1575 convenire.
1854 1582 1858 1595 ,
1881 1558 1884 1563 <

435 1598 670 1658 Apostolus
693 1600 809 1643 enirn
832 1600 912 1655 ait,
939 1599 1078 1645 multa
1105 1599 1264 1645 delicta
1287 1601 1436 1660 gratiae
1457 1599 1719 1645 liberalitate
1747 1600 1827 1644 do-
1855 1649 1858 1654 ⁴

434 1671 527 1714 nari
549 1689 557 1714 :
577 1669 733 1729 dogma
750 1686 853 1716 vero
869 1680 995 1715 tuum
1008 1672 1177 1726 asserit,
1197 1687 1336 1716 unum
1354 1681 1582 1732 peccatum
1603 1669 1826 1728 naturale3
1855 1663 1858 1668 ’

433 1741 554 1802 quod
567 1741 709 1800 legem
728 1742 892 1801 peccati
913 1758 1042 1787 vocas
1057 1778 1068 1797 ,
1093 1744 1139 1787 in
1163 1743 1332 1788 cunctis
1345 1742 1600 1788 hominibus
1616 1740 1828 1786 desideria

431 1812 670 1873 iniquitatis
698 1814 917 1872 effingere.
946 1816 996 1858 In
1024 1814 1226 1859 absoluto
1246 1815 1394 1874 itaque
1409 1822 1474 1858 est
1489 1848 1499 1868 ,
1519 1829 1542 1857 a
1563 1822 1606 1857 te
1626 1822 1830 1857 naturam
1858 1807 1862 1841 i

432 1899 533 1943 quae
555 1894 618 1929 est
640 1900 749 1943 opus
778 1886 876 1939 Dei,
906 1885 961 1929 ab
987 1884 1065 1929 illo
1096 1885 1218 1944 argui
1247 1883 1535 1929 voluntatem.
1559 1886 1657 1930 Non
1682 1892 1828 1928 autem
1858 1912 1861 1914 -

432 1954 556 1999 aliter
577 1970 751 2014 prorsus
772 1955 919 2014 eloqui
934 1955 1104 2010 debuit,
1125 1972 1257 2016 quam
1273 1955 1473 2000 elocutus
1490 1964 1575 2011 est,
1596 1954 1642 1999 id
1663 1964 1751 2010 est,
1773 1969 1826 1998 ex
1858 1957 1863 2013 ζ

431 2041 522 2070 uno
544 2025 956 2071 condemnationem
973 2027 1066 2070 fieri
1088 2042 1212 2086 posse
1241 2035 1420 2086 peccato
1440 2045 1448 2071 :
1473 2026 1575 2087 quia
1600 2035 1642 2070 et
1662 2025 1826 2085 primus
1860 2029 1864 2065 ὲ

432 2095 505 2140 ille
523 2098 656 2141 homo
674 2113 751 2157 per
768 2112 903 2141 unum
923 2107 1147 2157 peccatum
1165 2098 1455 2158 delinquendi
1476 2097 1667 2157 praebuit
1683 2111 1826 2141 exem·
1862 2106 1863 2113 ¹

432 2168 583 2228 plum,
613 2179 657 2213 et
684 2170 794 2214 sicut
815 2169 878 2213 illi
898 2171 976 2230 ipsi
999 2169 1052 2214 ad
1077 2170 1489 2215 condemnationem
1510 2169 1823 2229 una-praevari-
1863 2189 1865 2226 j

432 2241 546 2286 catio
577 2239 839 2296 abundavit,
866 2242 924 2285 sic
946 2242 1074 2285 etiam
1107 2242 1272 2287 caeteris
1303 2243 1357 2286 ad
1382 2251 1550 2286 reatum
1573 2256 1661 2286 una
1683 2249 1824 2300 potest

431 2311 559 2371 culpa
582 2313 796 2356 sufficere.
826 2315 1007 2372 Propter
1039 2312 1160 2373 quod
1177 2313 1456 2358 Ecclesiastes
1473 2349 1484 2368 ,
1513 2332 1534 2355 «
1562 2312 1649 2366 Qui
1668 2313 1714 2356 in
1733 2327 1823 2356 uno
1862 2319 1866 2328 ’

433 2404 454 2428 »
480 2385 736 2445 peccaverit,
763 2382 900 2427 multa
937 2384 1049 2427 bona
1073 2385 1239 2443 perdit¹
1264 2404 1272 2428 ε
1295 2394 1373 2429 »et
1396 2385 1585 2429 Jacobus
1601 2419 1612 2439 ‚
1638 2403 1658 2426 «
1686 2384 1728 2429 Si
1752 2392 1824 2428 to·
1863 2391 1866 2434 ἶ

435 2476 454 2499 n
485 2465 570 2501 tam
593 2456 732 2515 legem
751 2456 1065 2511 observaveris,
1097 2454 1294 2500 offendas
1312 2465 1458 2500 autem
1483 2456 1528 2500 in
1547 2471 1658 2512 uno,
1682 2455 1822 2501 factus

435 2548 455 2571 η
481 2545 523 2572 es
544 2528 739 2572 oninium
759 2529 900 2572 reus2.
929 2546 948 2568 »

481 2620 488 2636 ¹
513 2612 616 2645 Eccle.
639 2624 682 2653 ιῑ,
713 2624 720 2643 ι
757 2629 796 2634 -
813 2618 824 2634 ²
840 2612 954 2644 Jacob.
975 2623 1008 2648 υ.
1032 2623 1081 2645 ιο.
