1821 3264
262 219 406 246 OPERIS
440 220 612 246 IMPERF.
648 220 809 246 CONTRA
842 219 1009 246 JL‘LIAN.
1046 221 1128 247 LIB.
1165 222 1195 247 1.
1339 210 1419 248 175

43 289 143 325 tuor
162 281 282 326 libris
303 292 460 327 cuncta
481 283 594 337 fere,
622 298 721 342 quae
743 283 916 328 inventa
935 300 956 327 a
979 283 1227 329 Manichaeis
1245 287 1420 343 Augus-

44 351 122 395 tini
148 361 297 396 contra
321 352 594 398 nos'fuerant
615 368 688 396 ore
712 352 906 412 prolata,
937 354 1162 399 catholicae
1185 354 1286 398 fidei
1316 355 1422 399 veri·
1457 367 1462 372 ·

44 429 132 476 taS‚
159 437 238 481 pro
265 438 351 482 qua
372 431 416 466 et
443 438 540 467 cum
566 437 652 482 qua
679 423 865 467 labentis
895 424 1047 468 mundi
1072 424 1169 468 odia
1200 440 1423 484 promere-

43 506 167 546 mur,
206 502 293 536 tam
331 493 696 552 disputationibus
732 492 928 548 invictis,
969 509 1098 553 quam
1142 509 1272 538 sacrae
1318 495 1423 553 legis

0 557 2 610 ἶ
43 563 296 607 testimoniis
318 573 480 608 armata
497 599 507 619 ‚
533 564 790 623 protriverat
808 599 818 619 ,
839 579 918 608 nec
941 563 1182 624 quidquam
1201 580 1311 622 pene
1328 565 1425 609 reli-

0 659 1 684 ς
43 646 177 692 quum
197 642 287 677 erat
302 668 312 688 ‚
336 634 369 678 si
390 635 524 694 aequis
540 633 762 694 judicibus
783 644 1018 678 uteremur.
1046 655 1062 675 »

0 699 1 707 ¹
101 705 391 748 Amusnms.
417 706 580 749 Contra
597 713 694 748 tuos
716 703 811 748 illos
829 715 1017 764 quatuor
1034 704 1167 749 libros
1189 719 1260 748 sex
1277 704 1378 748 libri
1401 720 1424 749 a

43 786 112 816 me
127 774 274 833 scripti
290 784 407 818 sunt.
430 777 529 819 Post
545 776 999 819 commemorationem
1016 776 1179 834 quippe
1194 775 1423 819 doctorum

43 844 354 888 catholicorum
369 880 379 900 ‚
406 847 544 905 (quos
567 846 829 889 Manichaeos
853 845 956 890 facis
973 881 984 896 ,
1008 846 1111 889 mihi
1133 847 1214 890 sub
1236 847 1318 891 hoc
1337 846 1423 890 cri-

43 915 158 958 mine
175 915 420 974 objiciendo
443 916 563 975 quod
586 915 647 959 illi
669 916 714 959 in
733 915 946 960 catholica
969 915 1156 960 Ecclesia
1179 916 1426 961 didicerunt

43 993 174 1044 atque
201 985 505 1044 docuerunt‚)
534 1002 662 1047 quam
693 987 865 1031 duobus
889 987 1104 1046 prioribus
1132 986 1428 1031 voluminibus

43 1055 272 1113 explicavi,
307 1067 535 1117 sequentes
556 1066 744 1117 quatuor
775 1056 966 1114 singulos
995 1058 1077 1101 tuis
1111 1057 1292 1116 singulis
1326 1057 1427 1101 red—

43 1123 155 1179 didi,
192 1126 454 1185 redarguens
477 1129 677 1172 tenebras
705 1128 876 1171 haeresis
899 1137 1052 1172 vestrae
1075 1127 1173 1172 luce
1204 1126 1428 1172 catholicae

43 1196 254 1251 veritatis,
275 1213 407 1257 quam
424 1197 662 1242 deserendo
684 1207 869 1242 caecatus
893 1198 1076 1252 insanis,
1098 1207 1139 1242 et
1162 1198 1244 1253 rei,
1266 1197 1320 1241 de
1343 1213 1429 1256 qua

44 1264 163 1309 nulla
182 1282 376 1326 unquam
399 1268 444 1311 in
464 1267 655 1312 Ecclesia
673 1267 831 1313 Christi
855 1268 1145 1312 controversia
1173 1268 1259 1312 suit
1275 1302 1286 1322 ‚
1319 1268 1431 1311 sicut

45 1351 182 1381 novus
203 1338 431 1382 haereticus
448 1373 458 1393 ‚
484 1354 633 1398 aequos
649 1339 817 1398 judices
835 1340 992 1398 quaeris
1013 1359 1021 1382 z
1049 1339 1169 1397 quasi
1193 1338 1271 1382 tibi
1293 1338 1431 1382 videri

45 1408 158 1466 aequi
183 1407 352 1468 judices
375 1410 560 1468 possint,
593 1409 674 1452 nisi
703 1424 812 1468 quos
843 1418 984 1453 vestro
1017 1425 1161 1453 errore
1191 1408 1426 1467 deceperis.

45 1479 186 1530 Quem
206 1493 309 1523 vero
328 1479 517 1539 judicem
541 1479 701 1538 poteris
722 1480 947 1524 Ambrosio
970 1480 1157 1538 reperire
1175 1478 1432 1523 meliorem?

46 1550 107 1591 De
124 1564 212 1609 quo
230 1550 432 1609 magister
450 1559 551 1593 tuus
574 1549 773 1609 Pelagius
790 1550 873 1605 ait,
892 1549 1011 1609 quod
1030 1551 1121 1609 ejus
1143 1549 1274 1592 fidem
1293 1558 1336 1592 et
1353 1563 1431 1607 pu-

45 1618 258 1664 rissimum
279 1620 325 1663 in
350 1621 579 1680 Scripturis
605 1635 778 1663 sensum
801 1635 854 1663 ne
876 1620 1076 1663 inimicus
1098 1619 1276 1679 quidem
1301 1633 1432 1662 ausus

47 1697 108 1734 est
129 1690 497 1750 reprehendere1?
519 1692 742 1751 Numquid
761 1704 865 1749 ergo
887 1691 967 1734 iste
988 1706 1116 1735 sensu
1134 1690 1180 1734 in
1203 1689 1433 1749 Scripturis

45 1760 274 1818 purissimo
289 1761 563 1820 impurissimi
582 1761 810 1804 Manichaei
829 1761 986 1818 dogma
1004 1761 1224 1814 retineret,
1245 1759 1429 1814 dicens²‚

46 1830 206 1874 Omnes
228 1832 310 1874 sub
327 1840 506 1891 peccato
528 1831 744 1875 nascimur
759 1865 770 1885 ‚
796 1845 983 1890 quorum
1005 1831 1095 1889 ipse
1117 1839 1237 1874 ortus
1260 1830 1304 1873 in
1328 1830 1432 1873 vitio

47 1902 134 1944 est?
159 1903 224 1945 Tu
246 1916 348 1960 ergo
365 1903 454 1961 jam
473 1900 620 1960 judica
643 1916 775 1961 quam
795 1917 883 1944 non
902 1916 1012 1960 puro
1035 1916 1161 1944 sensu
1187 1902 1267 1944 hoc
1287 1901 1434 1944 catho-

43 1969 176 2016 licum
195 1973 353 2031 dogma
376 1973 693 2032 reprehendas3
718 1981 849 2032 teque
870 1974 1083 2030 corrigere
1107 1972 1337 2016 Ambrosio
1361 1972 1436 2031 ju-

47 2039 220 2086 dicante
238 2058 294 2086 ne
315 2043 506 2087 differas.

108 2115 189 2157 III.
215 2116 441 2158 JULIANUS.
471 2132 492 2155 «
511 2113 773 2157 Testimonia
797 2121 942 2156 tamen
970 2112 1315 2170 Scripturarum‚
1340 2111 1436 2171 qui-

47 2184 128 2228 bus
166 2195 316 2229 contra
346 2200 424 2229 nos
459 2184 526 2243 agi
559 2183 724 2244 aliquid
758 2198 881 2242 posse
913 2183 1191 2237 existimant,
1222 2180 1435 2227 nonnulla

47 2255 354 2314 praeterieram,
380 2271 478 2315 quae
501 2269 570 2298 me
587 2254 866 2313 explanatum
900 2253 967 2296 ire¹
985 2253 1203 2312 pollicitus
1225 2268 1358 2307 eram,
1385 2261 1434 2296 ut

47 2324 246 2369 docerem
274 2325 475 2383 ambigua
504 2340 692 2385 quaeque
720 2324 842 2381 Legis
871 2324 1002 2367 verba
1019 2359 1028 2377 ‚
1048 2339 1147 2383 quae
1172 2324 1226 2366 ab
1251 2322 1434 2366 inimicis

48 2398 202 2441 nostris
220 2397 375 2441 assumi
398 2396 536 2440 solent
555 2432 565 2451 ,
586 2411 665 2440 nec
687 2395 857 2440 veritati
874 2394 1159 2454 praejudicare
1177 2394 1431 2452 perspicuae,

86 2480 107 2521 '¹
124 2499 203 2532 Vide
228 2500 283 2532 lib.
303 2500 343 2533 de
368 2499 475 2533 Gratia
494 2499 624 2538 Christi,
650 2510 710 2541 cap
730 2498 784 2540 43.
799 2515 838 2520 -
857 2505 869 2520 ²
890 2497 1035 2530 Ambros.
1060 2496 1117 2528 lib.
1142 2507 1150 2527 ι
1177 2496 1217 2528 de
1235 2495 1434 2533 Poeniteutia,

49 2563 121 2597 cap.
141 2563 174 2587 2·
