1821 3264
0 0 17 38 t!

9 289 11 307 t

7 375 10 401 t

5 463 8 482 t

261 223 406 251 OPERIS
438 223 614 250 IMPERF.
649 220 813 250 CONTRA
845 221 1013 252 JULIAN.
1050 225 1134 252 LIB·
1169 225 1200 250 1.
1341 211 1420 251 241

10 323 11 327 ,
43 288 88 331 in
108 285 307 346 paradiso
338 295 438 332 ante
469 295 697 346 peccatum
728 287 926 346 profecto
965 303 1054 333 non
1086 296 1202 342 erat,
1239 287 1322 332 alia
1357 287 1428 332 lex

42 356 245 402 membris
267 357 423 402 nostris
455 366 672 417 repugnat
703 356 790 416 legi
820 359 1007 404 mentis:
1038 359 1140 419 quia
1172 367 1215 403 et
1248 359 1427 418 quando

7 424 9 431 ¹
42 426 266 482 nolumus,
299 436 341 470 et
369 426 546 487 quando
582 442 671 471 non
699 429 1015 483 consentimus,
1055 444 1134 473 nec
1163 428 1202 472 ei
1233 428 1428 472 membra

5 498 8 537 Ξ
41 505 184 542 nostra
208 506 254 540 ut
272 496 451 556 impleat
471 496 592 557 quod
615 498 778 557 appetit
800 498 1080 556 exhibemus,
1100 499 1269 543 habitat
1282 508 1429 543 tamen

4 621 5 633 ἵ
39 567 83 611 in
103 566 184 621 eis,
212 576 255 610 et
277 577 467 611 mentem
489 568 756 611 resistentem
780 576 1184 627 repugnantemque
1204 568 1427 625 sollicitat,

2 664 6 680 ι
40 645 89 680 ut
109 636 199 694 ipse
231 637 460 681 conflictus
487 638 653 681 etiamsi
681 652 771 681 non
811 638 865 681 sit
893 636 1154 682 damnabilis
1172 673 1182 692 ,
1209 638 1311 697 quia
1341 653 1430 682 non

2 713 5 757 ζ
40 706 520 766 perlicitiniquitatem3
546 707 601 751 sit
630 717 775 751 tamen
799 707 1075 763 miserabilis,
1104 709 1205 767 quia
1234 724 1324 752 non
1347 708 1428 751 ha·-

0 793 3 799 ·
39 777 112 822 bet
134 792 300 837 pacem.
321 777 573 823 Naturalem
591 793 681 822 esse
698 779 895 822 omnium
914 794 1118 823 sensuum
1137 779 1425 837 voluptatem,

0 881 1 892 t
38 847 282 892 testimonio
314 848 604 893 universitatis
636 849 859 893 docemus.
893 851 1016 893 Hane
1045 857 1193 893 autem
1224 849 1426 905 volupta-

0 933 1 960 1
37 927 123 963 tem
146 927 188 962 et
205 919 603 978 concupiscentiam
619 929 718 963 ante
743 928 970 978 peccatum
986 919 1029 962 in
1053 919 1251 978 paradiso
1268 918 1400 963 fuisse
1415 953 1425 969 ,

37 1004 101 1033 res
128 988 201 1033 illa
229 989 442 1044 declarat,
470 990 572 1050 quia
593 990 648 1034 ad
678 989 886 1034 delictum
918 990 982 1033 via
1011 1005 1088 1049 per
1112 989 1429 1048 concupiscen-

36 1059 139 1102 tiam
169 1058 270 1113 fuit,
297 1075 396 1118 quae
423 1074 523 1103 cum
547 1060 665 1119 pomi
686 1059 843 1104 decore
866 1059 1015 1104 oculos
1039 1059 1283 1114 incitasset,
1308 1074 1427 1117 spem

36 1129 166 1174 etiam
183 1129 373 1189 jucundi
391 1131 574 1174 irritavit
591 1132 768 1190 saporis.
798 1133 892 1177 Non
916 1146 1019 1189 ergo
1038 1131 1182 1190 potuit
1203 1131 1296 1173 haec
1320 1145 1427 1174 con-

35 1199 322 1258 cupiscentia,
352 1214 452 1259 quae
481 1214 581 1243 cum
610 1199 792 1244 modum
824 1216 912 1244 non
942 1209 1087 1250 tenet,
1113 1209 1292 1258 peccat,
1328 1214 1427 1242 cum

35 1285 136 1314 vero
153 1270 265 1315 intra
280 1270 463 1314 limitem
485 1285 788 1315 concessorum
813 1280 1000 1325 tenetur,
1024 1271 1197 1315 affectio
1219 1270 1430 1314 naturalis

36 1350 79 1386 et
95 1341 302 1385 innocens
315 1350 406 1398 est,
435 1356 542 1396 non,
561 1342 754 1402 inquam,
775 1343 918 1401 potuit
939 1342 1109 1386 fructus
1131 1357 1219 1385 esse
1242 1340 1424 1400 peccati,

36 1427 134 1471 quae
157 1410 354 1467 docetur,
380 1426 470 1455 non
494 1426 572 1456 suo
595 1411 773 1471 quidem
790 1412 912 1464 vitio,
934 1411 1009 1455 sed
1032 1411 1282 1466 voluntatis,
1301 1426 1428 1455 occ-a-

35 1482 97 1526 sio
114 1482 244 1526 fuisse
259 1482 439 1542 peccati.
457 1485 572 1541 Lege
590 1492 632 1526 et
648 1481 702 1526 de
721 1483 803 1526 hoc
820 1482 1060 1527 secundum
1074 1482 1237 1525 librum
1256 1496 1425 1525 meum:

35 1552 229 1596 invenies
247 1553 330 1597 hoc
353 1551 475 1612 quod
493 1552 678 1596 dicimus
692 1553 820 1597 etiam
843 1562 920 1596 tuo
940 1567 1062 1611 posse
1085 1551 1230 1596 animo
1249 1566 1428 1611 persua-

36 1621 144 1667 deri,
168 1622 298 1676 Quod
311 1637 413 1667 vero
431 1623 555 1681 quasi
572 1622 746 1667 acutule
767 1623 963 1682 posuisti,
982 1623 1123 1681 legem
1141 1622 1320 1682 quidem
1335 1636 1431 1681 pec-

37 1693 121 1737 cati
139 1708 228 1737 esse
248 1693 294 1736 in
315 1692 521 1736 membris
550 1693 730 1750 nostris,
754 1693 831 1737 sed
856 1703 959 1737 tunc
986 1693 1148 1736 habere
1171 1701 1397 1751 peccatum
1416 1727 1426 1747 ,

39 1763 216 1823 quando
234 1763 552 1820 consentimus,
579 1772 684 1807 tunc
709 1778 810 1807 vero
824 1762 965 1807 solum
989 1762 1189 1821 praelium
1205 1763 1427 1816 suscitare,

39 1835 216 1894 quando
245 1849 336 1880 non
357 1833 652 1878 consentimus
668 1869 678 1888 ,
700 1842 742 1877 et
768 1832 958 1878 indicere
976 1833 1191 1876 miseriam
1214 1847 1319 1892 pace
1338 1840 1431 1875 tur-

43 1904 168 1962 bata,
194 1904 291 1964 quis
323 1919 412 1948 non
446 1903 638 1963 prudens
667 1918 859 1962 pugnare
890 1902 1148 1963 perspiciat?
1175 1905 1285 1948 Nam
1308 1902 1341 1945 si
1364 1901 1431 1945 lex

41 1974 206 2033 peccati
221 2008 232 2029 ,
257 1974 303 2018 id
321 1983 410 2029 est,
437 1983 662 2032 peccatum
682 2008 693 2028 ,
719 1983 761 2017 et
784 1973 1013 2017 necessitas
1035 1973 1201 2032 peccati
1228 1972 1434 2015 membris

41 2053 105 2088 est
120 2045 279 2089 inserta
301 2044 559 2089 naturaliter
577 2064 587 2100 3
612 2043 720 2103 quid
738 2044 914 2103 prodest
936 2058 1025 2087 non
1047 2043 1086 2087 ei
1109 2042 1304 2102 praebere
1325 2057 1434 2086 con-

42 2129 216 2158 sensum
236 2149 246 2169 ,
287 2129 387 2158 cum
413 2123 592 2173 propter
627 2115 709 2158 hoc
743 2114 885 2172 ipsum
919 2114 1040 2173 quod
1063 2123 1148 2168 est,
1182 2128 1353 2157 necesse
1383 2113 1437 2156 sit

44 2185 191 2229 subire
218 2184 511 2244 supplicium?
541 2188 631 2228 Aut
658 2185 692 2228 si
724 2193 788 2228 est
819 2184 888 2227 lex
919 2185 1099 2244 quidem
1133 2185 1320 2243 peccati,
1362 2183 1437 2227 sed

44 2255 222 2316 quando
240 2255 279 2299 ei
289 2270 379 2299 non
397 2255 622 2299 consentio
645 2271 733 2299 non
756 2265 928 2314 peccat,
948 2255 1263 2299 inaestimabilis
1278 2264 1436 2314 poten-

48 2326 105 2370 tia
126 2325 363 2371 voluntatis
380 2326 607 2380 humanae,
634 2341 732 2384 quae
755 2325 813 2382 (si
831 2324 915 2369 dici
933 2326 1152 2384 permittat
1176 2325 1439 2379 absurditas)

51 2397 167 2456 cogit
188 2397 332 2456 ipsum
353 2412 441 2441 non
467 2412 646 2455 peccare
670 2406 913 2455 peccatum.
941 2397 1022 2440 Sed
1050 2397 1276 2439 revertitur
1299 2411 1365 2450 eo,
1395 2406 1443 2439 ut

50 2467 168 2528 quod
191 2467 298 2511 dicis
320 2476 539 2524 asystaton
555 2468 608 2510 sit
634 2487 641 2511 ε
670 2483 767 2510 nam
799 2467 832 2510 si
852 2483 937 2510 non
956 2476 1126 2526 peccat,
1149 2482 1228 2509 nec
1250 2466 1316 2510 lex
1344 2482 1440 2525 peco

54 2538 137 2582 cati
160 2546 221 2581 est
241 2555 252 2594 3
274 2536 307 2580 si
329 2536 397 2581 lex
419 2537 585 2596 peceati
611 2547 695 2592 est,
729 2546 902 2596 peccat,
927 2536 961 2579 si
985 2550 1085 2580 vero
1109 2545 1275 2595 peccat,
1302 2535 1462 2580 solum·

223 2618 372 2649 cxmn.
1200 2605 1249 2646 115
