1821 3264
267 266 412 293 OPERIS
447 265 621 291 IMPERF.
657 263 820 293 CONTRA
853 266 1019 293 JULIAN.
1057 267 1138 292 LIB.
1171 267 1200 292 1.
1345 254 1423 294 261

52 335 371 377 Testamentum
398 365 408 383 ‚
448 339 490 373 et
521 338 713 388 tempore
742 331 908 375 Veteris
951 331 1244 385 Testamenti,
1280 346 1428 375 omnes

48 411 233 454 sanctos,
253 417 276 444 a
289 415 511 445 servorum
533 400 782 445 conditione
799 411 1034 460 separatos,
1053 401 1204 446 eadem
1224 401 1429 446 liberatos

47 472 206 517 Christi
225 473 359 530 gratia
379 470 596 515 videretis.

105 544 347 586 LXXXIX.
375 544 599 586 Jcmmos.
631 559 650 582 «
672 542 867 601 Denique
895 549 944 585 ut
963 540 1202 600 intelligas,
1223 557 1311 586 non
1330 558 1431 586 eum

47 621 215 656 naturae
238 628 388 656 eorum
409 613 684 670 exprobrare,
706 611 780 655 sed
802 613 924 669 vitae3
948 612 1143 672 sequitur
1160 630 1199 656 2«
1216 613 1311 656 Scio
1333 614 1434 673 quia

48 683 163 726 »filii
181 683 369 727 Abrahae
397 683 494 727 estis
515 685 544 726 ¹.
565 701 584 723 »
605 685 718 727 Ecce
737 683 791 726 de
810 699 895 742 qua
917 682 979 726 illi
996 698 1040 726 se
1056 682 1216 727 liberos
1237 683 1436 727 dixerant

46 754 218 811 originis
241 753 448 812 dignitate
466 774 474 799 ;
489 769 608 798 nunc
630 755 700 798 cui
718 754 912 797 servituti
935 753 1110 798 obnoxii
1131 753 1215 797 sint
1238 753 1434 798 demons-

45 834 130 869 trat
150 824 296 870 dicens
324 845 331 869 :
367 845 386 867 «
413 826 614 878 Quaeritis
635 840 703 869 me
725 825 967 869 interficere
985 860 995 879 ,
1021 825 1124 885 quia
1145 840 1286 869 sermo
1311 840 1434 869 meus

47 914 67 937 »
105 911 193 939 non
233 897 347 955 capit
385 897 430 939 in
464 897 603 941 vobis.
633 899 726 955 Ego
769 896 888 957 quod
931 895 1077 940 audivi
1116 896 1234 955 apud
1261 900 1434 941 Patrem

49 987 66 1008 »
104 982 249 1010 meum
270 1001 280 1021 ‚
307 966 464 1026 loquor
489 989 500 1026 3
525 977 568 1013 et
597 983 672 1013 vos
695 984 793 1029 quae
814 968 977 1012 vidistis
999 967 1117 1026 apud
1146 971 1317 1011 Patrem
1340 982 1436 1012 ves-

45 1054 65 1078 »
102 1046 236 1092 trum,
258 1035 394 1081 facitis
416 1039 449 1082 ².

102 1109 394 1152 Aucvsrnvns.
437 1107 555 1161 Quid
590 1117 654 1152 est
685 1123 693 1148 ε
734 1125 754 1149 «
790 1109 938 1153 Sermo
970 1122 1092 1152 meus
1119 1122 1210 1152 non
1245 1107 1362 1166 capit
1391 1108 1437 1152 in

43 1195 64 1218 »
109 1177 266 1235 vobis3
301 1196 321 1219 »
360 1178 393 1221 si
421 1188 577 1223 natura
614 1179 743 1222 etiam
782 1178 878 1223 talis
901 1214 911 1233 ‚
948 1176 1087 1238 qualis
1118 1193 1237 1222 nunc
1269 1177 1437 1236 indiget

41 1247 254 1291 liberante
277 1283 287 1303 ,
322 1250 409 1308 jem
444 1265 578 1308 capax
608 1258 671 1293 est
697 1249 908 1294 sermonis
947 1251 1038 1309 ejus
1062 1285 1072 1304 ,
1114 1249 1224 1293 sicut
1265 1248 1435 1308 aperuit

42 1317 258 1375 Apostolis
271 1327 321 1361 ut
338 1318 631 1376 intelligerent
656 1320 941 1379 Scripturas33
962 1319 1073 1363 sicut
1089 1318 1149 1362 illi
1164 1319 1434 1378 purpurariae

43 1388 406 1445 Thyatirenorum
427 1425 437 1443 ,
472 1399 522 1433 ut
545 1390 790 1451 intenderet
820 1391 866 1433 in
888 1406 937 1434 ea
972 1406 1071 1449 quae
1097 1405 1120 1433 a
1142 1389 1279 1433 Paulo
1314 1388 1435 1433 dice-

40 1458 200 1503 bantur
218 1461 265 1504 4?
289 1479 309 1501 n

99 1531 191 1574 XC.
215 1533 442 1575 JULIANOE.
471 1529 582 1574 Vide
604 1546 736 1590 quarn
768 1531 936 1575 diversa
971 1531 1024 1574 sit
1047 1539 1217 1574 naturae
1255 1529 1364 1573 ratio
1393 1539 1436 1574 et

40 1599 292 1644 voluntatis.
327 1604 426 1646 Non
453 1601 627 1659 negavit
655 1604 799 1655 Jesus‚
832 1616 1007 1645 carnem
1038 1615 1187 1645 eorum
1216 1600 1434 1659 pertinere

42 1669 95 1713 ad
119 1685 265 1714 semen
298 1672 485 1715 Abrahae
513 1689 520 1713 z
552 1672 627 1715 sed
650 1672 840 1715 inculcat
873 1671 952 1725 eis,
984 1671 1103 1730 quod
1129 1671 1182 1714 ad
1205 1669 1432 1714 diabolum

41 1749 207 1798 patrem
224 1741 459 1785 voluntatis
476 1742 705 1800 iniquitate
724 1741 1003 1798 migraverint
1023 1760 1031 1785 ε
1053 1741 1128 1800 qui
1146 1740 1244 1784 ideo
1261 1741 1432 1799 genitor

41 1824 191 1854 eorum
215 1811 391 1866 dicitur,
417 1812 538 1870 quod
560 1812 790 1856 criminum
819 1812 1015 1869 arguitur
1035 1811 1244 1855 eruditor.
1279 1830 1299 1852 «
1323 1814 1430 1854 Res-

43 1900 64 1923 »
88 1883 366 1942 ponderunt,
391 1883 545 1942 inquid
562 1918 572 1937 ,
598 1892 640 1925 et
667 1881 868 1926 dixerunt
884 1883 921 1926 ei
946 1882 1102 1937 Judaei‚
1134 1885 1260 1926 Pater
1282 1891 1430 1926 noster

43 1971 63 1994 »
95 1953 314 1997 Abraham
335 1963 410 1996 est.
440 1953 550 1997 Dicit
573 1953 631 1996 eis
650 1955 772 1996 Jesus
807 1973 814 1997 :
853 1954 894 1998 Si
927 1952 1005 1997 filii
1034 1954 1223 1997 Abrahae
1255 1953 1427 2007 essetis,

43 2041 63 2064 »
89 2038 219 2082 opera
247 2024 435 2067 Abrahae
464 2023 661 2067 faceretis
689 2042 697 2067 :
723 2039 840 2066 nunc
870 2032 1015 2067 autem
1050 2023 1242 2082 quaeritis
1264 2037 1333 2066 me
1365 2023 1429 2066 in-

43 2111 64 2134 »
88 2094 300 2147 terficere,
321 2094 561 2146 hominem,
588 2093 663 2152 qui
694 2094 919 2137 veritatem
947 2093 1120 2138 locutus
1147 2108 1243 2137 sum
1278 2092 1424 2147 vobis,

44 2182 64 2205 »
90 2179 221 2223 quam
240 2163 384 2207 audivi
401 2180 423 2207 a
447 2167 560 2220 Deo3
580 2164 663 2207 hoc
686 2164 904 2207 Abraham
919 2179 1008 2207 non
1024 2163 1127 2208 fecit
1150 2183 1157 2208 :
1183 2179 1259 2208 vos
1281 2172 1427 2207 autem

44 2233 229 2278 »facitis
252 2250 382 2293 opera
418 2234 548 2293 patris
584 2234 762 2277 vestri⁵.
807 2252 826 2274 n
866 2235 1032 2293 Aspicis
1066 2250 1121 2278 ne
1156 2249 1263 2293 quas
1297 2233 1427 2278 saciat

40 2305 275 2348 verborum
305 2305 533 2348 divisiones
563 2304 806 2364 Sapientia?
825 2307 964 2364 Negat
998 2321 1070 2349 eos
1101 2305 1287 2349 Abrahae
1317 2304 1428 2349 filios

42 2390 146 2430 esse,
172 2391 280 2435 quos
302 2391 430 2434 supra
454 2375 620 2419 dixerat
642 2391 731 2420 esse
752 2375 863 2420 filios
885 2377 1072 2420 Abrahae
1095 2396 1104 2421 z
1125 2375 1199 2419 sed
1219 2376 1426 2435 quoniam

42 2445 234 2490 diversus
257 2454 321 2489 est
342 2445 396 2489 de
418 2455 574 2490 natura
596 2462 644 2490 ac
665 2446 890 2491 voluntate
911 2455 1136 2500 tractatus,
1163 2445 1351 2489 ostendit
1369 2443 1426 2489 al-

90 2555 101 2571 ¹
120 2551 212 2580 Joan.
231 2559 299 2589 vm,
322 2548 374 2589 37.
395 2555 454 2570 —2
476 2549 556 2581 Ibid.
579 2554 612 2582 et
633 2550 685 2582 38.
701 2548 766 2573 ——3
794 2552 870 2582 Luc.
891 2560 976 2590 xxrv,
1000 2549 1054 2590 45,
1072 2565 1112 2571 -
1126 2547 1143 2578 4
1160 2551 1233 2581 Act.
1255 2559 1326 2589 xw,
1346 2547 1421 2587 4-
1448 2568 1455 2573 -

45 2601 60 2626 5
74 2606 164 2636 Joan.
183 2614 256 2645 vm,
275 2604 317 2645 39
333 2608 367 2636 et
381 2614 469 2646 seqq.
