1884 3285
1844 0 1883 175 i!

1847 195 1851 227 i

1847 243 1874 332 ¹2

453 329 694 375 sensionem
727 335 918 381 veritatis
947 339 1185 387 exuberent
1211 363 1220 389 ι
1251 354 1396 391 tamen
1419 347 1473 392 ad
1495 364 1542 394 ea
1570 367 1668 412 quae
1690 353 1837 400 inferi·
1879 407 1881 412 .

455 414 572 455 mus,
594 411 642 446 ut
663 403 717 447 sit
731 403 867 450 lector
888 407 1098 466 intentus,
1123 414 1351 460 admoneo.
1377 420 1615 478 Apparebit
1636 424 1751 468 enim
1775 425 1836 470 ir-

450 468 765 531 refutabiliter,
798 477 907 522 nihil
935 480 980 523 in
1001 481 1068 525 his
1088 481 1194 529 locis
1216 488 1460 545 apostolum
1481 492 1663 538 Paulum
1685 495 1740 541 de
1758 504 1853 543 na-'

448 549 568 596 tura,
599 543 674 588 sed
707 544 762 590 de
789 552 1117 597 conversatione
1149 557 1397 603 mortalium
1432 561 1670 621 disputasse
1702 585 1712 612 :
1749 568 1864 621 vim‘·

448 626 606 671 nempe
628 616 778 674 gratiae
799 619 961 664 Christi
988 631 1032 666 et
1060 628 1227 683 peccati
1258 629 1385 687 primi
1407 646 1430 674 e
1465 634 1641 691 regione
1672 639 1835 683 consti-
1856 647 1879 694 J

447 691 574 728 tuens
588 720 599 740 ,
624 701 969 751 comparansque
987 694 1169 741 effectus
1188 700 1415 761 utriusque
1430 737 1441 758 ,
1461 703 1674 752 laboravit
1689 718 1856 774 osten-¹

445 753 563 807 dere,
586 759 718 816 magis
741 761 899 806 Christi
923 764 1132 823 profuisse
1151 773 1400 827 mysterium
1417 809 1428 829 ,
1449 791 1579 834 quam
1600 778 1726 836 primi
1753 781 1835 826 ho-
1862 835 1863 838 Ἴ

445 825 570 871 minis
604 831 801 875 nocuisse
833 847 1075 892 peccatum.
1112 840 1161 884 Id
1198 852 1342 887 autem
1378 845 1608 892 docuimus
1629 850 1674 893 in
1706 866 1833 906 sensu
1866 876 1871 911 3

445 897 651 944 Traducis
674 917 761 946 non
782 919 906 964 posse
927 918 1139 955 constare.
1167 914 1222 956 Ut
1251 929 1353 974 ergo
1376 917 1512 962 multa
1530 935 1629 979 quae
1652 936 1833 968 enume-
1853 919 1855 922 ’

443 968 552 1012 ravit
571 1004 581 1024 ,
603 971 660 1015 ita
685 972 767 1018 hoc
791 976 1065 1034 peculiariter
1091 982 1146 1026 ad
1169 982 1343 1030 laudem
1364 987 1503 1033 voluit
1524 992 1671 1048 gratiae
1694 995 1831 1052 perti·
1852 1000 1871 1051 ᾗ

441 1053 559 1095 nere,
583 1043 702 1100 quod
726 1045 800 1100 ait,
829 1067 842 1087 a
872 1049 1095 1095 Judicium
1125 1068 1176 1096 ex
1206 1070 1295 1099 uno
1316 1057 1359 1100 in
1394 1058 1859 1132 condemnatione-:mi

443 1127 463 1149 »
485 1112 619 1167 gratia
637 1124 781 1159 autem
797 1132 846 1160 ex
862 1119 1006 1164 multis
1027 1121 1195 1168 delictis
1212 1125 1620 1186 injustificationem
1646 1137 1784 1179 vitae¹.
1807 1154 1828 1177 »
1853 1137 1859 1196 ’ς

440 1181 569 1231 Quod
592 1183 674 1227 hoc
696 1186 827 1231 modo
851 1191 1059 1236 naturalis
1081 1193 1183 1238 mali
1206 1208 1387 1242 assertor
1408 1204 1630 1260 exposuit:
1653 1222 1672 1245 η
1694 1205 1799 1252 Ideo
1815 1242 1826 1263 ,
1853 1198 1856 1219 ⁴

436 1249 600 1311 inquit,
623 1269 673 1297 ex
691 1272 780 1300 uno
798 1259 841 1301 in
864 1261 1295 1324 condemnationem,
1322 1270 1424 1329 quia
1448 1273 1666 1319 sufficiens
1689 1286 1752 1321 est
1773 1278 1829 1322 il-
1853 1291 1859 1323 i

437 1319 514 1366 lud
545 1339 681 1370 unum
717 1340 966 1389 peccatum,
991 1335 1109 1394 quod
1134 1339 1397 1397 originaliter
1419 1345 1621 1402 trahitur,
1647 1349 1702 1392 ad
1724 1365 1829 1395 con—
1853 1325 1875 1404 i

438 1392 761 1445 demnationem
787 1402 970 1461 ducere,
996 1407 1107 1452 sicut
1132 1409 1252 1455 ducit
1275 1414 1499 1472 parvulos,
1525 1419 1601 1478 qui
1622 1435 1672 1463 ex
1687 1422 1827 1469 Adam
1860 1472 1861 1481 ἶ

436 1477 700 1524 nascuntur,
730 1472 762 1514 si
799 1473 842 1517 in
864 1476 1035 1522 Christo
1068 1495 1156 1524 non
1189 1496 1498 1545 renascantur,
1527 1490 1655 1534 etiam
1685 1493 1719 1535 si
1744 1492 1826 1538 alia

435 1546 608 1592 peccata
636 1540 755 1585 nulla
776 1543 877 1588 sint.
905 1547 1049 1592 Gratia
1074 1560 1219 1596 autem
1244 1569 1293 1598 ex
1315 1557 1462 1602 multis
1489 1559 1656 1606 delictis
1673 1562 1824 1623 injus-

433 1605 713 1653 tificationem
733 1632 743 1669 3
765 1614 864 1672 quia
884 1631 972 1660 non
991 1619 1132 1664 solum
1149 1622 1258 1668 illud
1282 1624 1479 1684 dimittit,
1496 1631 1616 1690 quod
1637 1632 1824 1692 origina-

431 1673 531 1719 liter
549 1679 750 1735 trahitur,
777 1684 851 1728 sed
870 1687 997 1731 etiam
1017 1700 1170 1736 caetera
1195 1710 1294 1753 quae
1312 1697 1367 1740 ab
1387 1714 1673 1761 unoquoque,
1698 1713 1824 1750 motu

430 1749 617 1806 propriae
635 1751 871 1799 voluntatis
893 1757 1131 1806 adduntur.
1160 1766 1273 1810 Ecce
1292 1767 1509 1826 professus
1531 1768 1589 1828 es,
1613 1772 1716 1819 licet
1736 1776 1822 1820 im·
1862 1771 1863 1775 ¹

431 1819 590 1876 pietate
611 1825 874 1883 Maniehaea,
902 1844 990 1873 esse
1019 1833 1197 1892 quidem
1230 1839 1427 1884 naturale
1458 1853 1710 1901 peccatum,
1745 1862 1820 1892 ve·
1855 1848 1859 1856 ”

430 1901 677 1938 rumtamen
708 1913 867 1955 unum,
908 1903 965 1946 ob
987 1905 1108 1964 quod
1141 1908 1200 1952 ais
1236 1921 1460 1957 nascentes
1494 1913 1654 1960 debere
1691 1917 1819 1963 dam·
1856 1912 1860 1922 ¹

429 1976 535 2005 Harl.
565 1981 585 2005 ))
1856 2042 1860 2057 1

487 2037 778 2084 At‘GtsssTINUs.
809 2043 892 2096 Qui
909 2044 1040 2102 dixit,
1065 2049 1226 2095 Omnes
1248 2052 1330 2096 sub
1355 2064 1534 2114 peccato
1554 2058 1813 2108 nascimur-².
1856 2062 1860 2090 ²

424 2106 691 2153 Manichaeus
716 2126 802 2155 non
821 2123 926 2158 erat.
951 2116 1034 2161 Sed
1058 2134 1154 2175 vos,
1184 2123 1419 2181 responde,
1451 2127 1557 2187 quid
1590 2128 1702 2186 sitis,
1740 2133 1815 2192 qui
1856 2136 1862 2192 ζ

426 2182 490 2218 tot
512 2176 719 2236 imagines
752 2184 847 2238 Dei,
873 2186 964 2231 sine
987 2188 1118 2235 ullius
1147 2195 1311 2251 peceati
1347 2199 1500 2243 merito
1517 2233 1528 2255 ,
1565 2204 1770 2262 separatis
1792 2221 1815 2250 a

424 2259 557 2302 regno
580 2249 677 2304 Dei,
716 2255 880 2310 negatis
910 2256 1290 2321 damnarijudicio
1324 2268 1421 2322 Dei,
1457 2278 1499 2314 et
1535 2269 1675 2316 facitis
1707 2273 1814 2319 duas
1856 2300 1861 2306 1

423 2324 603 2361 aeternas
638 2318 887 2380 felicitates,
923 2343 1052 2372 unam
1085 2348 1184 2391 quae
1207 2335 1259 2378 sit
1282 2336 1326 2379 in
1351 2353 1484 2397 regno
1512 2342 1608 2396 Dei,
1633 2343 1811 2390 alteram
1859 2385 1863 2405 ἰ

422 2400 521 2444 quae
544 2388 598 2431 sit
620 2399 737 2435 extra
756 2408 935 2451 regnum
963 2401 1037 2442 Dei
1057 2420 1064 2444 :
1082 2401 1212 2446 dicite
1234 2405 1433 2462 obsecro,
1462 2411 1512 2453 In
1532 2426 1579 2455 ea
1604 2412 1811 2460 felicitate
1859 2408 1863 2422 ¹

422 2472 521 2515 quae
538 2469 652 2505 extra
676 2464 749 2507 Dei
768 2480 949 2524 regnum
971 2471 1077 2526 erit,
1103 2473 1296 2521 ullus-ne
1314 2481 1534 2538 regnabit,
1561 2499 1615 2528 an
1633 2485 1812 2532 nullus?

457 257 539 294 390
904 276 935 300 ⁵.
976 277 1056 303 auc
1064 279 1202 309 tisrinn
1241 282 1418 311 vascm’l

1852 718 1855 719 ,
1849 640 1864 705 qe,

473 2565 479 2578 ¹
508 2560 584 2593 Vide
602 2562 658 2595 lib.
677 2577 694 2597 n
715 2566 754 2598 de
770 2568 905 2610 Nuptiis,
926 2582 996 2613 rap.
1020 2582 1072 2615 τις.
1086 2593 1126 2597 ——
1142 2582 1153 2599 ²
1174 2577 1320 2612 Anibi-os.
1349 2581 1403 2613 lib.
1421 2594 1440 2615 ιι
1460 2585 1500 2616 de.
1516 2587 1717 2630 Poenitentia,
1733 2601 1805 2633 cap.
1860 2579 1869 2639 ζ

425 2622 441 2644 ‘2
464 2616 513 2645 vel
532 2617 559 2646 3,
