1884 3285
437 259 520 301 274
874 265 907 289 s.
942 257 1172 287 Auous‘rim
1206 254 1388 282 uriscom

433 350 492 390 es,
512 342 562 378 ut
584 331 687 376 alibi
708 329 942 373 affirmasse
970 337 1040 367 me
1059 322 1192 376 dicas,
1216 336 1240 364 a
1259 315 1446 379 peccatis
1473 313 1695 359 hominem
1724 325 1814 356 non

431 420 553 464 posse
580 400 781 447 mundari
807 418 816 444 :
840 412 940 442 cum
962 397 1022 440 ita
1043 393 1185 439 dicam
1206 402 1353 452 posse,
1379 397 1429 432 ut
1447 402 1500 432 eo
1521 399 1700 446 quoque
1715 397 1814 443 per·
1868 435 1870 439 y

429 476 632 529 ducatur,
647 473 724 518 ubi
748 470 1017 516 beatissimus
1038 480 1219 526 peccare
1239 476 1329 507 non
1350 459 1498 519 possit.

490 547 650 592 XCIX.
686 546 912 588 Jummus.
959 557 980 580 «
1014 539 1138 583 Nunc
1172 542 1319 579 autem
1352 528 1555 575 omnibus
1593 522 1814 585 perfidus,

429 618 537 663 dicis
559 616 718 661 factam
739 614 786 657 in
810 620 966 656 natura
988 608 1149 662 carnis,
1179 603 1343 664 peceati
1364 599 1679 644 necessitatem.
1703 612 1725 636 »
1861 651 1866 658 ,

490 692 781 733 Amusnms.
820 686 885 727 Tu
912 696 1022 739 nega
1051 678 1205 722 dixisse
1232 672 1490 734 Apostolum
1521 688 1530 713 ε
1566 687 1586 709 «
1612 668 1724 712 Cum
1751 679 1818 708 es·
1860 722 1861 725 Ἴ

429 760 528 804 setis
551 758 660 802 servi
682 755 848 815 peccati
867 787 877 807 ‚
902 749 1028 795 liberi
1045 747 1187 793 fuistis
1201 743 1425 807 justitiae¹.
1449 759 1467 781 »
1494 742 1584 784 Aut
1603 736 1638 781 si
1658 737 1742 780 hoc
1763 733 1818 777 ab

430 845 481 874 eo
504 829 671 872 dictum
691 840 781 870 esse
804 837 895 867 non
918 836 1048 880 negas
1064 854 1075 874 ,
1105 833 1194 863 non
1217 830 1316 860 eum
1344 820 1460 857 recte
1485 809 1642 853 dixisse
1668 804 1818 850 redar-

431 915 529 959 gue.
558 899 601 944 Si
623 907 770 942 autem
793 910 881 939 non
901 891 1056 947 audes3
1083 904 1216 948 nega,
1239 887 1274 932 si
1290 895 1415 946 potes
1431 919 1441 937 ‚
1467 897 1538 926 eos
1556 878 1718 939 quibus
1736 877 1820 921 hoc

429 971 537 1015 dixit
555 1005 565 1025 ,
605 969 809 1014 habuisse
841 967 886 1009 in
921 963 1043 1007 malis
1079 961 1264 1005 liberam
1301 955 1573 1001 voluntatem
1592 987 1605 1008 ,
1643 947 1821 1010 quando
1862 934 1866 966 ³

429 1042 610 1086 fuerunt
637 1039 763 1084 liberi
787 1035 966 1098 justitiae
993 1053 1002 1079 ε
1029 1042 1104 1078 aut
1132 1030 1362 1076 habuisse'2
1384 1025 1567 1070 liberam
1589 1022 1635 1066 in
1663 1019 1819 1074 bonis,
1862 1063 1867 1091 ἰ

428 1111 608 1173 quando
643 1110 823 1154 fuerunt
858 1106 969 1151 servi
998 1103 1163 1163 peccati
1194 1119 1204 1145 ι
1240 1111 1280 1143 et
1313 1097 1368 1141 ab
1401 1096 1484 1139 hac
1515 1091 1723 1138 servitute
1752 1104 1823 1133 eos
1864 1134 1867 1143 f

429 1185 542 1228 aude
559 1184 701 1227 dicere
728 1195 804 1239 per
826 1194 870 1222 se
888 1177 1002 1235 ipsos
1023 1209 1033 1229 ‚
1060 1188 1148 1218 non
1172 1186 1247 1231 per
1271 1168 1347 1214 Dei
1376 1164 1559 1226 gratiam
1590 1162 1820 1215 liberatos,

428 1254 588 1314 quibus
619 1251 808 1296 dicitur:
849 1267 869 1289 «
895 1249 1023 1292 Nunc
1057 1252 1202 1287 autem
1231 1238 1403 1284 liberati
1427 1252 1451 1281 a
1479 1241 1660 1294 peccato
1677 1266 1688 1287 ‚
1713 1229 1824 1276 servi

432 1343 455 1367 »
480 1324 583 1368 facti
605 1322 704 1367 estis
725 1319 950 1382 justitiaess.
981 1336 1000 1358 >1
1031 1317 1073 1361 Si
1096 1323 1243 1359 autem
1267 1310 1396 1365 dieis,
1431 1324 1454 1352 a
1487 1314 1608 1350 reatu
1630 1301 1826 1364 praeteri·
1863 1309 1867 1339 ί

430 1405 577 1440 torum
601 1394 819 1437 malorum
837 1425 848 1445 ‚
879 1404 971 1434 non
994 1403 1017 1432 a
1045 1386 1275 1431 dominatu
1302 1379 1496 1441 peccati,
1524 1391 1614 1436 quo
1641 1374 1826 1435 quisque

428 1467 572 1527 justus
588 1479 678 1508 esse
703 1478 792 1506 non
816 1461 991 1513 sinitur,
1017 1473 1089 1502 eos
1109 1456 1238 1501 fuisse
1261 1453 1339 1498 Dei
1359 1449 1495 1509 gratia
1520 1447 1755 1501 liberatos3
1777 1451 1827 1487 ut

434 1545 580 1582 autem
604 1537 662 1580 eis
690 1550 781 1579 non
809 1532 1109 1577 dominaretur
1142 1534 1393 1587 peccatum,
1430 1521 1545 1581 ipsos
1573 1517 1715 1562 lacere
1744 1529 1827 1575 po-

434 1609 565 1653 tuisse
588 1608 620 1651 si
646 1605 834 1659 vellent,
862 1618 1004 1662 neque
1024 1600 1078 1645 ad
1101 1600 1184 1643 hoc
1209 1594 1443 1654 indiguisse
1463 1589 1602 1650 gratia
1628 1587 1827 1633 Salvato-

434 1680 515 1723 ris:
543 1679 618 1722 ubi
643 1677 768 1737 ponis
790 1690 889 1719 eum
912 1674 988 1734 qui
1011 1672 1117 1716 dicit
1137 1690 1147 1715 ι
1176 1689 1195 1711 «
1215 1671 1313 1714 Non
1335 1664 1456 1726 quod
1478 1661 1580 1707 volo
1603 1659 1716 1704 facio
1745 1658 1825 1702 bo-

437 1767 458 1790 »
485 1765 591 1793 num
609 1784 620 1804 ,
644 1749 719 1792 sed
743 1746 863 1806 quod
886 1744 989 1788 nolo
1018 1741 1181 1786 malum
1209 1740 1294 1783 hoc
1316 1735 1454 1794 ago⁴P
1484 1751 1505 1774 »
1540 1731 1584 1777 Si
1606 1730 1722 1774 enim
1746 1727 1828 1772 sub

435 1820 552 1879 lege,
572 1835 661 1864 non
681 1819 762 1863 sub
782 1817 918 1877 gratia
934 1814 1196 1859 constitutus
1209 1812 1303 1855 haee
1321 1807 1520 1867 loquitur
1543 1823 1552 1848 :
1571 1803 1699 1847 istum
1718 1814 1829 1858 nega

436 1891 518 1935 sub
541 1890 659 1949 gravi
693 1887 955 1933 necessitatis
978 1883 1171 1945 pondere
1204 1883 1452 1939 ingemere,
1481 1876 1601 1919 huno
1627 1870 1684 1916 ad
1716 1871 1828 1914 bene

436 1960 673 2007 vivendum
700 1969 743 2003 et
764 1959 818 2003 ad
847 1966 964 2001 reete
993 1953 1210 2014 agendum
1234 1966 1312 2011 per
1333 1945 1570 1994 voluntatis
1599 1941 1828 1987 arbitrium

439 2048 577 2077 assere
607 2032 792 2076 liberum
813 2066 823 2084 ,
848 2029 1109 2073 clamantem
1139 2024 1241 2079 tibi,
1267 2020 1465 2067 Mentiris
1484 2053 1494 2072 ‚
1527 2025 1604 2061 aut
1634 2013 1826 2069 falleri33

439 2118 530 2149 non
547 2102 668 2163 quod
684 2100 784 2146 volo
807 2115 902 2159 ago.
931 2099 974 2143 Si
993 2106 1139 2141 autem
1151 2130 1162 2149 ‚
1189 2095 1302 2139 sicut
1323 2091 1479 2135 melius
1496 2086 1627 2133 sensit
1642 2083 1830 2130 Ambro-

440 2177 527 2219 sius
545 2209 556 2230 ‚
575 2174 659 2218 hoc
683 2173 809 2216 etiam
833 2171 888 2215 de
909 2184 952 2213 se
972 2169 1066 2228 ipso
1084 2166 1190 2210 dicit
1219 2161 1451 2223 Apostolus
1473 2178 1482 2204 :
1507 2172 1589 2202 nec
1610 2157 1829 2216 justorum

441 2246 564 2291 estin
583 2245 666 2289 hac
682 2245 770 2288 vita
789 2241 842 2287 ad
859 2238 1177 2301 perficiendum
1198 2238 1367 2280 bonum
1389 2239 1512 2277 tanta
1530 2228 1709 2273 libertas
1726 2240 1830 2286 pro·
1864 2224 1870 2276 ἶ

440 2319 548 2378 prife
569 2314 826 2367 voluntatis,
848 2319 1010 2372 quanta
1028 2309 1108 2353 erit
1125 2309 1170 2352 in
1185 2306 1260 2352 illa
1281 2306 1368 2350 vita
1385 2338 1397 2360 ,
1420 2301 1498 2347 ubi
1520 2314 1611 2345 non
1627 2298 1826 2343 dicetur:
1864 2288 1869 2312 l

386 2444 389 2446 ,
446 2391 581 2435 «Non
603 2386 723 2447 quod
743 2384 845 2430 volo
861 2398 956 2442 ago.
986 2400 1006 2422 »

501 2462 551 2506 C.
587 2462 612 2503 J
617 2474 813 2503 nmmos.
837 2475 857 2498 α
874 2457 931 2499 Ut
945 2451 1210 2513 possessione
1226 2445 1477 2492 aeternitatis
1492 2442 1660 2496 amissa,
1676 2441 1826 2500 (quam
1865 2491 1869 2500 γ

490 2571 499 2586 ¹
520 2566 599 2596 Rom
630 2574 678 2599 vr,
698 2571 750 2595 ρο.
772 2578 813 2583 -
830 2567 842 2582 ²
862 2560 967 2591 Forte
985 2565 1089 2589 assere
1103 2553 1260 2586 habuisse.
1279 2567 1318 2574 -—
1332 2548 1345 2573 3
1367 2551 1456 2582 Rom.
1480 2558 1527 2585 vr,
1546 2553 1598 2578 22.
1618 2559 1658 2566 -
1672 2540 1826 2582 sirletus,

441 2630 495 2652 seu
510 2619 593 2652 Beda
612 2617 769 2659 vulgatus,
792 2615 831 2648 ad
849 2617 940 2648 Rom.
959 2623 1026 2646 vm.
