1821 3264
266 244 410 270 OPERIS
440 243 619 270 IMPERF.
653 241 816 270 CONTRA
849 244 1018 271 JULIAN.
1055 245 1137 272 LlB.
1175 246 1205 271 Ι·
1339 234 1418 273 301
1463 256 1472 261 ·

12 337 14 358 ÷
47 321 135 353 »se
158 307 304 362 finxit,
340 310 395 352 Ut
426 309 534 368 quid
566 323 634 352 me
664 309 803 353 fecisti
831 310 905 354 sic.
935 328 953 351 η
981 309 1204 370 Additque
1233 309 1288 354 de
1309 325 1421 355 suo:

10 375 13 438 3
48 397 69 422 «
91 381 179 423 Aut
205 392 293 422 non
316 377 448 422 habet
469 387 723 438 potestatem
748 379 903 436 figulus
933 380 1015 424 luti
1040 395 1090 424 ex
1119 379 1268 424 eadem
1288 395 1426 425 massa

9 468 12 507 3
46 467 67 492 »
92 447 232 493 facere
255 447 371 492 aliud
395 465 468 493 vas
485 450 531 493 in
553 451 761 494 honorem
781 486 791 505 ,
816 450 934 494 aliud
951 451 996 494 in
1019 450 1382 495 contumeliam1i'
1401 469 1422 492 »

8 542 10 580 ὲ
44 522 98 565 Et
113 528 173 563 est
186 535 333 564 sensus
350 520 563 580 ejusmodi
582 540 590 566 :
613 521 722 574 Quia
740 537 820 580 ego
838 521 1139 566 commendavi
1155 522 1425 567 voluntatem

7 622 9 647 ς
44 590 140 646 Dei,
166 593 556 652 auctoritatemque
583 594 730 652 gratiae
761 594 850 653 ejus
884 594 1084 652 exposui,
1111 593 1279 646 dicens,
1307 593 1427 653 quod

6 666 9 721 ξ
43 661 375 707 misericordiam
407 672 653 721 praestaret,
689 665 1002 725 cujuscumque
1025 665 1224 709 misertus
1253 663 1423 722 fuisset3

4 790 6 794 ι
43 742 92 778 tu
111 733 235 787 mihi,
261 749 286 778 o
309 734 477 790 Judaee,
503 734 767 779 calumniam
790 736 1032 791 concitasti,
1058 736 1179 795 quasi
1201 751 1428 781 commen-

43 803 160 849 datio
180 804 345 864 prolata
370 823 393 850 a
410 822 479 850 me
500 806 734 851 voluntatis
757 817 800 852 et
816 808 1039 867 potestatis
1062 807 1220 852 divinae
1238 808 1293 852 ad
1315 808 1430 852 exci-

44 874 162 919 dium
189 876 367 935 justitiae
400 876 514 921 illius
536 878 773 936 pertineret
803 898 811 922 ;
837 890 879 922 et
901 879 1002 938 quia
1025 878 1139 933 dixi,
1167 878 1288 922 Facit
1309 877 1430 938 quod

2 951 4 956 '
43 947 159 1004 vult,
192 958 519 1006 argumentatus
542 965 585 993 es
607 949 716 994 nihil
736 950 826 1009 jam
849 949 1016 1008 reposci
1048 948 1103 992 ab
1134 949 1320 993 hominis
1350 965 1430 993 vo-

0 1032 3 1044 *
41 1017 208 1063 luntate
231 1018 389 1063 debere
407 1055 417 1073 ‚
444 1021 477 1064 si
504 1024 614 1064 Deus
636 1029 779 1065 totum
802 1036 881 1079 pro
899 1035 973 1064 sua
998 1018 1159 1063 faceret
1179 1020 1428 1077 voluntate,
1492 1074 1494 1076 ,

42 1104 142 1134 eum
167 1105 362 1148 personae
384 1089 569 1149 dignitas
592 1090 734 1135 locum
766 1090 994 1135 excluserit
1019 1091 1285 1151 quaestionis.
1322 1092 1432 1135 Nam

0 1186 1 1210 1
42 1160 74 1204 si
105 1159 334 1215 dixissem,
370 1162 490 1205 Facit
523 1165 637 1205 Deus
674 1162 791 1222 quod
816 1160 948 1206 debet
978 1163 1222 1206 secundum
1252 1161 1433 1221 justitiae

42 1246 130 1275 suae
152 1230 267 1289 leges
280 1267 290 1286 ,
312 1248 410 1291 quae
429 1233 483 1275 de
500 1232 664 1276 meritis
675 1232 843 1291 judicat
863 1232 1158 1292 singulorum,
1177 1231 1285 1275 nihil
1304 1230 1433 1292 quale

43 1316 160 1346 nune
182 1301 332 1361 objicis
348 1337 358 1355 ,
386 1303 538 1361 utique
560 1302 775 1348 retulisses
798 1323 806 1347 :
827 1319 946 1347 nunc
968 1318 1071 1346 vero
1094 1303 1196 1362 quia
1214 1302 1300 1346 dixi
1319 1337 1329 1356 ,
1352 1308 1432 1345 Fa-

44 1372 103 1416 cit
126 1375 238 1416 Deus
265 1372 386 1431 quod
415 1373 532 1431 vult3
566 1374 728 1432 putasti
751 1389 820 1416 me
849 1372 1015 1433 aliquid
1045 1374 1240 1417 furatum
1267 1387 1357 1416 esse
1379 1371 1434 1416 de

38 1442 215 1502 justitiae
232 1443 455 1501 dignitate.
484 1446 728 1504 Utrumque
749 1445 881 1502 igitur
895 1444 1011 1487 idem
1029 1453 1107 1488 est.
1130 1446 1238 1489 Nam
1258 1458 1359 1487 cum
1378 1443 1433 1486 de

43 1517 131 1560 Deo
154 1515 250 1559 dico
268 1550 278 1569 ,
305 1516 426 1559 Facit
447 1517 567 1576 quod
588 1514 707 1573 vult,
731 1516 838 1559 nihil
862 1515 981 1559 aliud
1005 1515 1103 1560 dico
1121 1551 1131 1570 ,
1157 1530 1288 1574 quam
1308 1549 1319 1569 ,
1346 1517 1433 1559 Fa-

43 1586 101 1630 cit
132 1588 253 1645 quod
283 1585 415 1631 debet
441 1606 449 1631 ε
477 1587 576 1646 quia
610 1588 696 1631 scio
732 1603 832 1631 eum
869 1586 977 1630 nihil
1015 1585 1133 1630 aliud
1162 1585 1274 1630 velle
1301 1600 1434 1646 quam

44 1656 190 1701 debet.
218 1657 299 1701 Ubi
319 1672 419 1715 ergo
439 1658 782 1718 inseparabiliter
804 1657 1006 1703 voluntas
1030 1659 1220 1702 cohaeret
1238 1657 1434 1716 aequitati

43 1743 367 1788 quamcumque
383 1728 437 1772 de
453 1728 536 1773 illis
555 1731 852 1784 nominavero,
874 1738 1106 1788 utramque
1120 1729 1299 1787 signavi.
1320 1746 1340 1769 »

101 1804 394 1846 AUGUSTINUS.
438 1801 777 1854 Quomodolibet
814 1801 931 1846 dicas
964 1804 1103 1845 Deum
1136 1800 1279 1844 facere
1314 1797 1434 1859 quod

43 1871 196 1930 debet3
219 1873 401 1932 gratiam
419 1873 583 1916 nemini
607 1873 760 1927 debet,
788 1872 1023 1931 multisque
1046 1887 1134 1915 non
1159 1870 1302 1914 reddit
1328 1885 1433 1929 sup-

43 1943 221 2002 plicium
239 1979 249 1999 ,
280 1944 400 2003 quod
431 1943 553 1988 malis
581 1960 731 1989 eorum
763 1943 967 2003 operibus
993 1942 1126 1987 debet
1144 1977 1154 1997 ,
1181 1951 1224 1986 et
1253 1942 1436 2000 largitur

44 2015 226 2072 gratiam
241 2049 251 2067 ,
278 2030 411 2075 quam
433 2014 564 2059 nullis
590 2029 742 2059 eorum
764 2014 888 2058 bonis
916 2013 1120 2073 operibus
1143 2012 1288 2057 debet.
1318 2010 1436 2065 Quid

43 2085 158 2128 enim
180 2084 368 2129 debebat
392 2086 532 2129 eidem
557 2086 636 2144 ipsi
655 2084 791 2129 Paulo
806 2120 817 2140 ,
837 2100 938 2129 cum
962 2084 1104 2128 adhuc
1125 2081 1279 2128 Saulus
1295 2097 1437 2142 perse-

43 2165 252 2214 queretur
269 2155 559 2201 Ecclesiam?
582 2171 729 2200 nonne
750 2154 1038 2214 supplicium?
1062 2152 1190 2207 Quod
1215 2168 1317 2211 ergo
1334 2168 1436 2197 eum

46 2225 197 2269 emissa
219 2241 324 2270 voce
342 2226 396 2270 de
417 2226 531 2270 coelo
549 2226 802 2285 prostravit,
826 2223 946 2285 quod
966 2225 1217 2278 excaecavit,
1243 2223 1364 2284 quod
1381 2221 1437 2266 ad

45 2295 177 2340 fidem
208 2296 532 2356 percipiendam
567 2312 697 2357 quam
731 2296 953 2350 vastabat,
989 2305 1080 2340 tam
1109 2294 1320 2340 violenter
1355 2293 1436 2338 ad·-

46 2367 201 2422 traxit,
233 2368 386 2427 procul
419 2367 556 2412 dubio
589 2366 829 2412 secundum
861 2367 1040 2426 gratiam
1072 2382 1162 2411 non
1194 2363 1436 2409 secundum

48 2436 242 2482 debitum
274 2438 376 2483 fecit
393 2474 403 2494 ,
436 2449 486 2483 ut
519 2440 563 2482 in
590 2439 649 2482 eis
670 2447 779 2482 esset
802 2437 993 2497 reliquiis
1022 2435 1174 2495 populi
1202 2434 1356 2489 Israel,
1381 2434 1437 2477 de

48 2510 206 2569 quibus
230 2510 334 2555 dicit
362 2530 370 2555 z
405 2530 424 2552 ι(
448 2511 515 2555 Sic
547 2525 648 2568 ergo
678 2520 721 2554 et
744 2510 789 2554 in
816 2511 899 2554 hoc
923 2518 1120 2567 tempore
1143 2505 1338 2566 reliquiae
1361 2519 1437 2564 pet·
1460 2554 1467 2558 ,

97 2600 104 2614 ¹
129 2598 218 2628 Rom.
240 2608 284 2636 ix,
308 2597 345 2628 18
365 2600 397 2628 ct
413 2606 500 2638 seqq.
518 2613 556 2618 —
574 2602 586 2617 2
613 2597 684 2627 Act.
710 2607 755 2627 ix.
