1821 3264
24 149 28 176 ι

23 178 27 303 l
332 271 384 298 DE
415 265 809 297 PRAEDESTINATIONE
841 263 1106 292 sANeTomrM.
1356 249 1409 288 85

0 320 26 397 tl
42 338 278 387 secundum
300 333 488 397 pericula
508 334 608 376 vitae
629 332 758 391 hujus
774 366 784 385 ‚
810 346 898 374 non
921 331 1161 374 secundum
1183 328 1412 388 praescien-

43 413 145 457 tiam
164 410 262 464 Dei,
283 408 357 468 qui
375 407 456 450 hoc
472 402 685 465 praescivit
701 400 820 462 quod
838 400 1036 445 futurum
1056 409 1168 455 erat,
1188 415 1277 444 non
1294 400 1415 460 quod

43 483 239 528 futurum
263 495 352 524 non
381 485 471 521 erat
499 495 508 519 :
532 473 577 518 id
598 483 687 528 est,
718 470 836 533 quod
857 472 895 515 ei
926 479 1110 515 mortem
1137 471 1416 515 immaturam

43 556 184 599 fuerat
205 551 436 610 largiturus
456 584 466 602 ‚
492 555 539 591 ut
565 544 853 589 tentationum
877 542 1203 587 subtraheretur
1224 542 1416 601 incert03

45 640 134 669 non
161 622 280 683 quod
309 628 561 680 peccaturus
587 625 714 671 esset,
749 615 821 675 qui
852 628 1080 657 mansurus
1107 613 1152 656 in
1181 613 1420 657 tentatione

0 709 13 745 ι
48 711 135 740 non
153 702 274 738 esset.
294 695 355 736 De
368 692 449 735 hac
466 689 625 749 quippe
641 687 728 731 vita
745 685 929 744 legitur
918 700 964 728 m
981 683 1093 728 libro
1111 684 1226 727 Job:
1251 701 1270 724 «
1288 686 1422 728 Num-

0 773 11 829 p
50 785 69 808 »
94 763 200 826 quid
222 779 310 808 non
333 761 511 806 tentatio
529 768 591 803 est
606 759 692 803 vita
709 758 899 801 humana
921 771 1049 815 super
1066 758 1265 799 terram¹.
1290 773 1310 795 »
1339 754 1424 800 Sed

0 835 11 885 h
46 851 180 897 quare
213 834 302 878 aliis
326 831 609 885 concedatur,
639 838 690 873 ut
716 843 766 872 ex
794 828 924 887 huJ‘us
952 826 1052 870 vitae
1085 824 1286 884 periculis
1317 825 1424 870 dum

0 903 10 954 ἐ
41 908 143 968 justi
166 915 265 950 sunt
288 903 571 959 auferantur3
596 900 667 944 alii
694 915 796 944 vero
814 899 917 959 justi
942 898 1081 942 donec
1108 912 1132 940 a
1157 896 1323 956 justitia
1350 912 1424 941 ca-

0 986 10 1028 i
46 979 178 1033 dant,
215 978 259 1020 in
297 975 455 1020 eisdem
493 972 693 1034 peticulis
730 972 818 1016 vita
851 968 1130 1030 productiore
1163 977 1423 1025 teneantur3

0 1051 9 1113 l
46 1051 142 1112 quis
175 1048 377 1108 cognovit
407 1061 579 1091 sensum
599 1044 824 1089 Domini2?
853 1045 908 1086 Et
941 1051 1087 1085 tamen
1116 1040 1219 1084 hinc
1240 1004 1426 1099 intelligi

0 1115 5 1178 l
47 1122 195 1176 datur,
221 1122 349 1164 etiam
372 1119 454 1163 illis
478 1118 601 1178 justis
623 1153 634 1172 ,
660 1117 737 1177 qui
763 1117 899 1160 bonos
922 1115 1102 1174 piosque
1124 1128 1264 1157 mores
1287 1127 1428 1172 usque

0 1199 7 1251 ξ,
50 1195 104 1239 ad
133 1193 362 1238 senectutis
391 1190 683 1236 maturitatem
717 1197 759 1232 et
784 1187 898 1231 diem
931 1187 1030 1230 vitae
1059 1186 1189 1245 hujus
1221 1183 1427 1229 ultimum

0 1277 5 1312 Ι
47 1274 242 1318 selvam,
274 1279 359 1308 non
390 1265 435 1306 in
465 1263 551 1307 suis
583 1260 766 1313 meritis,
798 1257 872 1303 sed
908 1259 953 1301 in
987 1257 1175 1301 Domino
1203 1270 1292 1299 esse
1333 1256 1429 1314 glo-

0 1317 4 1386 l
48 1334 514 1394 riandun1‚quoniam
537 1334 613 1393 qui
635 1333 733 1376 vitae
755 1331 965 1374 brevitate
986 1330 1129 1388 rapuit
1147 1330 1344 1389 Justum,
1375 1344 1431 1372 ne

0 1392 2 1466 l
46 1407 210 1451 malitia
240 1414 428 1450 mutaret
450 1403 719 1447 intellectum
747 1403 863 1461 ejus
894 1401 984 1460 ipse
1006 1401 1050 1442 in
1078 1408 1432 1458 quantacumque

0 1489 2 1522 ῐ
46 1479 146 1522 vitae
168 1476 442 1536 longitudine
463 1473 648 1518 custodit
665 1475 853 1533 J'ustum,
880 1487 934 1515 ne
958 1469 1118 1514 malitia
1143 1478 1282 1513 mutet
1300 1469 1431 1512 intel-

0 1557 1 1561 ’
47 1551 207 1594 lectum
244 1550 347 1608 ejus.
386 1549 476 1592 Cur
508 1556 652 1590 autem
686 1545 755 1588 hic
778 1544 969 1587 tenuerit
1002 1556 1201 1586 casurum
1233 1542 1429 1601 justum,

49 1635 177 1681 quem
201 1620 318 1680 prius
342 1634 474 1679 quam
497 1617 670 1662 caderet
690 1616 791 1659 hinc
814 1623 957 1674 posset
978 1612 1151 1656 auferre
1168 1647 1178 1667 ,
1200 1611 1433 1671 justissima

49 1692 225 1736 omnino
241 1726 252 1745 .,
278 1689 351 1734 sed
371 1687 663 1733 inscrutabilia
683 1696 784 1730 sunt
801 1685 965 1745 judicia
988 1685 1093 1744 ejus.

107 1764 290 1805 XXVII.
326 1764 435 1814 Quae
457 1775 554 1804 cum
578 1760 635 1802 ita
660 1758 770 1811 sint,
795 1773 885 1800 non
908 1755 1061 1799 debuit
1091 1753 1311 1813 repudiari
1335 1768 1435 1797 sen-

49 1834 183 1877 tentia
206 1831 306 1875 libri
332 1831 590 1890 Sapientiae,
623 1829 698 1888 qui
720 1827 879 1870 meruit
905 1827 950 1869 in
972 1823 1165 1869 Ecclesia
1197 1824 1357 1867 Christi
1382 1822 1437 1867 de

52 1903 187 1963 gradu
208 1902 423 1946 lectorum
442 1900 647 1945 Ecclesiae
667 1898 827 1944 Christi
849 1906 936 1941 tam
956 1896 1084 1954 longa
1107 1895 1347 1938 annositate
1370 1909 1437 1937 re-

51 1975 194 2028 citari,
222 1982 264 2016 et
294 1974 348 2016 ab
376 1972 577 2016 omnibus
605 1970 882 2023 Christianis,
909 1968 964 2011 ab
995 1966 1202 2026 episcopis
1223 1981 1361 2024 usque
1382 1965 1437 2008 ad

51 2055 261 2090 extremos
278 2043 411 2088 laicos
434 2042 580 2086 fideles
595 2076 606 2096 ,
630 2041 918 2101 poenitentes,
946 2038 1280 2082 catechumenos
1299 2071 1309 2091 ‚
1335 2051 1435 2079 cum

51 2116 327 2160 veneratione
359 2115 518 2158 divinae
546 2111 812 2156 auctoritatis
836 2110 990 2153 audiri.
1016 2111 1146 2153 Certe
1173 2108 1285 2150 enim
1319 2107 1352 2150 si
1383 2106 1437 2150 de

52 2187 295 2231 divinarum
334 2186 651 2244 Scripturarum
674 2181 980 2227 tractatoribus
1018 2180 1091 2240 qui
1124 2178 1304 2223 fuerunt
1336 2187 1436 2221 ante

53 2274 128 2301 nos
148 2293 158 2311 ‚
198 2257 432 2316 proferrem
468 2254 764 2298 defensionem
798 2253 980 2312 huJ'usce
1011 2251 1237 2294 sententiae
1260 2285 1270 2304 ‚
1303 2263 1434 2309 quam

53 2344 169 2373 nunc
191 2328 315 2371 solito
341 2325 589 2383 diligentius
611 2334 741 2384 atque
763 2322 976 2383 copiosius
998 2330 1148 2367 contra
1165 2335 1329 2364 novum
1353 2322 1433 2363 Pe-

53 2399 323 2458 lagianorum
347 2395 582 2441 defendere
608 2411 816 2455 urgemur
849 2409 1068 2450 errorem3
1101 2393 1182 2436 hoc
1214 2401 1298 2445 est,
1333 2406 1431 2449 gra-

0 2498 1 2504 =
55 2471 157 2514 tiam
181 2471 257 2514 Dei
277 2485 364 2514 non
386 2467 626 2513 secundum
649 2467 801 2512 merita
823 2475 968 2511 nostra
991 2465 1081 2509 dari
1101 2500 1111 2518 ‚
1132 2474 1174 2508 et
1195 2463 1322 2522 gratis
1341 2461 1432 2505 dari

55 2542 124 2586 cui
140 2541 290 2598 datur3
314 2541 413 2600 quia
441 2555 584 2599 neque
608 2537 814 2592 volentis,
836 2552 978 2597 neque
997 2535 1207 2579 currentis
1229 2570 1239 2588 ,
1265 2532 1338 2577 sed
1356 2532 1432 2575 mi-

0 686 5 708 l

108 2635 117 2649 ¹
137 2628 212 2668 Job,
234 2639 293 2669 vn,
319 2639 346 2669 1,
364 2629 454 2669 juxta
474 2629 568 2659 Lxx.
586 2644 619 2649 -
639 2634 652 2649 2
672 2628 761 2657 Rom.
780 2636 827 2666 xi,
849 2623 901 2665 34.
