1821 3264
405 232 455 257 DE
487 229 776 258 CORREPTIONE
811 233 862 259 m·
895 231 1066 261 cauu-
1379 229 1425 264 17

53 302 144 337 tum
165 301 326 348 autem,
352 309 443 338 non
462 309 607 347 suum,
629 293 706 338 sed
728 295 803 338 Dei
830 314 838 339 :
865 297 919 340 de
943 314 1032 356 quo
1054 298 1160 343 alibi
1181 298 1311 345 dicit:
1330 320 1351 343 «
1380 305 1432 347 Ut

53 380 73 403 »
98 363 337 406 secundum
361 362 614 407 electionem
637 365 905 422 propositum
931 369 1006 411 Dei
1029 381 1245 424 maneret,
1271 386 1359 415 non
1382 387 1432 415 ex

53 451 72 472 »
98 433 312 492 operibus,
338 432 414 477 sed
436 449 488 477 ex
509 443 691 478 vocante
712 434 879 478 dictum
902 445 966 480 est
983 437 1038 491 ei,
1062 440 1164 496 quia
1187 442 1325 500 major
1346 457 1432 486 ser-

53 521 72 543 »
98 503 183 547 viet
203 503 359 547 minori
378 505 392 528 1
416 523 424 547 :
443 513 486 547 et
502 503 621 558 alibi,
646 506 743 549 Non
764 506 1006 550 secundum
1029 522 1158 566 opera
1179 521 1339 565 nostra,
1364 511 1433 556 in-

52 589 72 611 »
96 573 212 631 quit,
243 572 319 616 sed
347 573 587 617 secundum
617 589 744 618 suum
770 576 1040 635 propositum
1065 586 1108 621 et
1132 580 1311 636 gratiam
1336 585 1368 623 ².
1413 602 1428 619 υ

48 644 160 687 Cum
192 658 294 702 ergo
323 644 522 688 audimus
546 663 554 689 :
581 663 601 686 «
625 647 742 697 Quos
772 655 916 690 autem
952 647 1300 706 praedestinavit,
1339 650 1434 694 illos

45 730 72 774 ι»
96 722 141 757 et
164 715 336 758 vocavit
354 716 396 759 3:
420 733 439 756 »
465 716 706 759 secundum
728 717 999 774 propositum
1025 728 1198 763 vocatos
1223 719 1434 764 debemus

49 797 278 841 agnoscere
297 803 306 829 ε
327 785 533 844 quoniam
555 784 657 829 inde
679 786 830 846 coepit,
854 786 1002 831 dicens
1023 807 1032 832 :
1059 807 1079 830 «
1104 790 1260 833 Omnia
1282 805 1435 849 coope-

53 872 73 896 »
99 866 218 900 ratur
248 857 294 900 in
321 856 510 911 bonum,
537 856 603 900 his
631 858 707 917 qui
733 857 976 902 secundum
999 860 1269 918 propositum
1292 861 1435 905 vocati

53 945 72 968 η
98 935 199 971 sunt
219 942 228 967 :
253 945 272 967 n
317 941 365 971 ac
408 925 565 971 deinde
600 927 824 987 subjunxit
845 946 854 972 ;
879 947 900 970 «
937 930 1149 981 Quoniam
1188 945 1298 990 quos
1335 938 1434 974 ante

51 1016 71 1040 »
96 998 310 1057 praescivit
327 1033 338 1053 ,
358 1007 402 1043 et
418 997 742 1057 praedestinavit
759 998 1004 1043 conformes
1020 999 1217 1058 imaginis
1235 1000 1334 1044 Filii
1351 1001 1431 1055 sui,

53 1089 71 1111 »
95 1078 146 1113 ut
169 1070 223 1113 sit
247 1070 336 1128 ipse
359 1069 675 1128 primogenitus
701 1070 747 1112 in
772 1068 918 1114 multis
945 1069 1151 1114 fratribus
1170 1072 1185 1095 ⁴
1212 1089 1220 1114 2
1244 1088 1264 1112 »
1306 1080 1436 1129 atque

49 1139 114 1183 his
133 1140 360 1199 praemissis
384 1139 600 1184 subdidit:
620 1159 640 1182 «
666 1142 784 1193 Quos
807 1149 952 1184 autem
975 1141 1316 1200 praedestinavit,
1341 1140 1436 1185 illos

51 1226 71 1250 »
100 1218 143 1253 et
166 1210 352 1254 vocavit.
387 1228 407 1251 »
434 1212 518 1254 Eos
540 1211 689 1269 itaque
710 1210 807 1254 vult
827 1210 1035 1269 intelligi,
1061 1227 1171 1271 quos
1193 1210 1435 1256 secundum

48 1281 320 1339 propositum
343 1282 541 1336 vocavit3
566 1295 621 1323 ne
643 1289 854 1337 putentur
875 1281 918 1323 in
944 1281 1003 1324 eis
1026 1296 1115 1325 esse
1139 1281 1275 1341 aliqui
1297 1281 1436 1326 vocati

49 1360 92 1394 et
106 1366 194 1395 non
209 1350 351 1404 electi,
371 1359 550 1410 propter
562 1349 681 1393 illam
697 1350 961 1394 dominicam
978 1352 1237 1396 sententiam
1257 1371 1265 1395 :
1289 1371 1308 1393 «
1325 1352 1436 1396 Muti

51 1438 71 1461 »
97 1421 265 1474 vocati,
295 1420 424 1479 pauci
453 1419 579 1463 electi
604 1421 636 1462 ⁵.
671 1437 689 1460 >›
722 1419 1000 1478 Quicumque
1029 1420 1145 1463 enim
1168 1419 1317 1474 electi,
1347 1421 1437 1462 sine

49 1490 186 1536 dubio
209 1491 337 1535 etiam
361 1491 503 1535 vocati
526 1509 535 1534 ;
560 1504 648 1534 non
673 1497 819 1533 autem
841 1490 1108 1549 quicumque
1133 1491 1303 1544 vocati,
1330 1505 1437 1534 con-

49 1570 280 1619 sequenter
301 1559 442 1605 electi.
470 1558 540 1603 Illi
562 1573 663 1616 ergo
686 1557 835 1612 electi,
861 1568 910 1603 ut
933 1574 1046 1618 saepe
1069 1558 1236 1603 dictum
1258 1568 1338 1612 est,
1363 1559 1438 1619 qui

50 1631 291 1675 secundum
316 1630 587 1689 propositum
607 1628 774 1682 vocati,
800 1628 876 1688 qui
898 1629 1029 1672 etiam
1052 1628 1350 1688 praedestinati
1373 1637 1439 1672 at—

50 1717 136 1762 que
155 1701 358 1761 praesciti.
381 1703 548 1745 Horum
567 1699 600 1744 si
617 1699 847 1759 quisquam
866 1699 978 1757 perit
991 1733 1002 1753 ‚
1025 1697 1191 1742 fallitur
1209 1702 1322 1742 Deus
1339 1718 1347 1742 2
1364 1697 1441 1741 sed

50 1787 180 1815 nemo
202 1786 353 1816 eorum
374 1771 499 1827 perit,
525 1769 627 1828 quia
649 1783 737 1812 non
759 1766 927 1812 fallitur
944 1771 1073 1812 Deus.
1097 1771 1265 1812 Horum
1280 1769 1312 1811 si
1327 1770 1439 1825 quis·

51 1857 181 1901 quam
205 1841 317 1899 perit
336 1875 347 1895 ,
374 1840 478 1884 vitio
505 1840 698 1883 humano
720 1838 910 1881 vincitur
933 1841 1046 1882 Deus
1071 1857 1080 1881 ε
1106 1837 1182 1881 sed
1208 1852 1338 1881 nemo
1364 1852 1439 1880 eo-

52 1928 148 1956 rum
166 1912 292 1971 perit,
313 1912 414 1969 quia
432 1909 552 1953 nulla
573 1923 618 1951 re
639 1908 828 1951 vincitur
851 1911 981 1951 Deus.
1006 1907 1148 1951 Ele-cti
1171 1916 1315 1950 autem
1338 1915 1442 1950 sunt

53 1983 106 2027 ad
125 1981 397 2040 regnandum
413 1994 514 2024 cum
531 1978 704 2023 Christo
724 1998 735 2034 3
754 1992 843 2021 non
859 1977 1082 2036 quomodo
1100 1977 1262 2020 electus
1280 1986 1342 2019 est
1358 1979 1383 2019 J
1388 1992 1439 2019 u-

54 2052 129 2096 das
158 2052 213 2096 ad
239 2067 348 2110 opus
375 2051 445 2094 cui
474 2047 758 2107 congruebat.
790 2047 857 2090 Ab
881 2045 957 2090 illo
978 2046 1141 2105 quippe
1165 2046 1327 2089 electus
1361 2054 1439 2097 est7

54 2122 130 2180 qui
149 2121 271 2166 novit
291 2121 404 2164 bene
428 2119 493 2163 uti
512 2118 641 2161 etiarn
663 2116 784 2160 malis
804 2150 814 2169 ‚
839 2125 889 2159 ut
910 2124 953 2159 et
976 2131 1053 2174 per
1075 2117 1166 2175 ejus
1190 2130 1298 2173 opus
1320 2115 1444 2158 dam-

56 2190 201 2235 nabile
221 2226 231 2244 ,
254 2189 365 2233 illud
386 2196 564 2247 propter
584 2184 703 2246 quod
726 2186 815 2244 ipse
838 2193 1015 2229 venerat
1031 2219 1041 2238 ,
1067 2199 1175 2243 opus
1197 2183 1444 2227 venerabile

58 2259 363 2318 compleretur.
385 2260 498 2302 Cum
518 2258 665 2316 itaque
684 2253 882 2298 audimus
901 2273 909 2298 ε
933 2272 950 2295 «
968 2257 1122 2299 Nonne
1143 2269 1223 2312 ego
1245 2268 1318 2296 vos
1341 2253 1444 2296 duo-

61 2349 80 2371 »
107 2329 247 2374 decim
269 2329 394 2386 elegi,
420 2337 463 2372 et
483 2342 597 2370 unus
619 2341 672 2370 ex
696 2325 816 2369 vobis
838 2322 1038 2368 diabolus
1059 2331 1122 2367 est
1138 2326 1169 2366 θ’.
1200 2341 1219 2363 »
1247 2321 1348 2366 Illos
1369 2321 1445 2365 de-

61 2401 214 2445 bemus
230 2398 472 2457 intelligere
490 2396 648 2441 electos
666 2410 742 2455 per
762 2394 1120 2449 misericordiam,
1143 2392 1265 2437 illum
1284 2407 1360 2452 per
1372 2393 1446 2451 ju-

111 2509 118 2525 ¹
140 2506 231 2536 Rom.
251 2513 294 2541 ix,
314 2513 363 2533 11.
377 2517 415 2523 --
433 2506 444 2522 ²
460 2508 479 2532 2
496 2499 576 2531 Tim.
597 2495 746 2541 1,9.-3
766 2500 856 2530 Rom.
877 2507 945 2533 vui,
966 2496 1006 2529 30
1021 2512 1060 2518 —
1075 2494 1188 2528 41bid.
1205 2491 1444 2526 28.--5Mat11·.

70 2569 126 2600 xx,
151 2555 281 2590 16.-⁶
297 2558 450 2594 Joan.v1,
472 2565 524 2596 τι·

256 2620 403 2650 cxun.
1216 2607 1240 2643 2
