1884 3285
457 272 540 312 286
890 280 923 308 s.
962 282 1189 310 Aucusnm
1224 284 1402 311 Emscopi

453 349 712 392 Constanter
732 347 878 406 itaque
894 345 1168 407 fideliterque
1196 345 1457 406 respondeo,
1478 348 1579 407 quia
1602 363 1692 392 non
1718 350 1833 395 invi-

451 417 629 462 deamus
656 416 933 461 liberatorem
956 418 1208 462 hominibus
1238 418 1471 463 Dominum
1506 421 1655 463 Jesum
1688 421 1834 467 Chris-

451 496 567 546 tum3
586 503 696 548 quos
717 488 1014 544 convenimus,
1040 504 1095 533 ne
1113 490 1233 533 vobis
1257 488 1496 544 credentes,
1522 489 1835 538 emendationis

449 559 748 619 desperatione
760 559 1035 618 frangantur,
1047 569 1090 605 et
1106 560 1312 605 recedant
1327 560 1380 604 ab
1398 559 1643 606 eruditione
1656 563 1829 620 Christi,
1881 599 1884 615 ⁴

446 631 569 689 quasi
588 646 638 675 ea
659 631 948 690 praecipientis
963 666 973 686 ,
1001 647 1099 692 quae
1127 647 1280 691 capere
1303 631 1552 676 mortalium
1568 641 1724 678 natura
1743 649 1833 679 non
1880 686 1884 694 ἱ

445 702 600 761 possit,
619 702 782 762 quippe
804 701 919 746 malo
941 712 1171 761 aggravata
1193 703 1470 761 congenito.»

504 776 796 818 Auen-sunus.
826 773 911 818 Sed
927 782 970 817 et
987 788 1101 818 mors
1122 775 1350 833 congenita
1368 782 1433 818 est
1453 794 1464 831 3
1488 782 1531 818 et
1549 783 1693 818 tamen
1707 775 1762 820 ab
1784 791 1834 820 ea
1872 771 1884 835 7¹.

443 842 615 898 liberat,
635 845 713 904 qui
735 859 845 903 quos
861 843 957 889 vult
972 844 1160 889 vivificat
1187 847 1197 870 1
1225 865 1233 890 :
1260 844 1314 889 ad
1336 860 1465 905 quem
1496 843 1658 889 debent
1682 844 1832 890 confu—
1871 834 1876 853 ³

441 928 556 972 gere,
577 915 654 974 qui
674 913 830 959 volunt
850 931 874 959 a
896 915 1012 959 malo
1033 916 1266 973 congenito
1297 915 1471 960 liberari
1493 937 1505 973 ε,
1537 916 1657 976 quod
1681 925 1730 961 ut
1763 916 1832 961 fa-

439 986 572 1041 ciant,
592 986 689 1046 quis
706 986 895 1030 attrahat
912 987 945 1042 ²,
966 986 1012 1030 in
1037 986 1267 1044 Evangelio
1284 986 1395 1044 lege.

498 1059 613 1102 CXI.
648 1060 876 1102 JnrrAan.
917 1075 937 1099 «
973 1057 1057 1102 Sed
1094 1066 1272 1100 currant
1304 1057 1357 1100 ad
1391 1072 1493 1100 eum
1525 1057 1601 1116 qui
1635 1057 1828 1103 clamat:
1879 1080 1881 1082 ·

442 1146 462 1171 «
481 1131 645 1187 Jugum
671 1144 816 1172 meum
831 1143 962 1173 suave
979 1137 1058 1184 est,
1085 1137 1127 1172 et
1143 1143 1253 1172 onus
1277 1143 1423 1171 meum
1444 1127 1539 1171 leve
1557 1137 1622 1172 est
1643 1130 1658 1154 ³
1678 1147 1686 1172 :
1712 1147 1732 1170 »
1754 1129 1831 1188 qui
1871 1135 1878 1179 ἵ

437 1207 481 1243 et
510 1200 636 1244 malae
669 1199 885 1244 voluntati
921 1199 1093 1244 veniam
1129 1215 1208 1258 pro
1244 1199 1534 1244 inaestimabili
1570 1198 1831 1245 liberalitate

435 1268 644 1329 largitur,
663 1280 706 1315 et
726 1271 1042 1325 innocentiam,
1072 1285 1203 1330 quarn
1229 1279 1345 1315 creat
1366 1270 1526 1315 bonam
1546 1305 1557 1326 ,
1581 1269 1686 1315 facit
1704 1271 1829 1316 inno·
1864 1277 1868 1333 j

436 1340 581 1386 vando
603 1340 944 1402 adoptandoque
966 1342 1204 1386 meliorem.
1233 1361 1253 1383 »

493 1415 786 1458 Auansmus.
828 1414 914 1472 Ipsi
936 1422 1039 1457 sunt
1070 1414 1268 1458 homines
1287 1448 1298 1468 ,
1324 1413 1484 1472 quibus
1519 1412 1686 1458 invides
1717 1411 1828 1457 libe-

435 1493 623 1528 ratorem
642 1519 653 1539 ,
685 1500 794 1543 quos
816 1484 978 1527 habere
1007 1483 1169 1527 malum
1194 1519 1203 1538 ,
1230 1500 1252 1527 a
1277 1499 1365 1543 quo
1387 1483 1654 1538 liberentur,
1680 1499 1822 1542 negas.
1864 1517 1867 1521 >

434 1554 663 1607 Quomodo
691 1569 795 1613 ergo
829 1562 1079 1598 constanter
1107 1553 1381 1613 fideliterque
1410 1553 1642 1612 respondes
1662 1589 1673 1609 ,
1705 1554 1825 1614 quod

433 1639 523 1669 non
552 1625 779 1670 invideatis
806 1625 1085 1670 liberatorem
1124 1625 1375 1669 hominibus
1408 1625 1641 1668 Dominum
1675 1627 1825 1668 Jesum
1863 1638 1875 1654 -’

433 1696 656 1740 Christum
677 1717 688 1754 3
712 1711 813 1740 cum
835 1697 980 1756 potius
1002 1696 1279 1754 pertinaciter
1301 1705 1343 1740 et
1361 1694 1595 1739 infideliter
1617 1710 1717 1754 agas
1732 1729 1744 1750 ,
1768 1710 1824 1739 ne
1864 1694 1866 1700 ’

432 1766 488 1810 ab
515 1765 592 1811 illo
617 1767 723 1812 salvi
751 1768 843 1811 fieri
877 1767 1113 1811 credantur
1145 1766 1341 1827 parvuli,
1375 1767 1486 1811 sicut
1519 1766 1687 1811 salvum
1717 1766 1824 1811 facit
1860 1779 1863 1805 ῑ

431 1836 644 1896 populum
682 1853 810 1882 suum
842 1854 864 1882 a
890 1839 1076 1897 peccatis
1116 1853 1305 1895 eorum3
1342 1846 1517 1897 propter
1544 1836 1665 1897 quod
1701 1852 1818 1892 eum,

430 1908 669 1967 Evangelio
690 1908 915 1969 loquente,
941 1907 1170 1952 didicimus
1189 1908 1457 1968 appellatum
1482 1923 1572 1953 esse
1601 1911 1748 1953 Jesum
1770 1909 1786 1933 4
1805 1909 1824 1952 P

429 1979 528 2024 Non
565 1979 697 2036 igitur
735 1979 892 2024 docere
929 1980 1125 2038 poteritis
1168 1980 1446 2024 liberatorem
1490 1980 1712 2024 Christum
1745 1993 1821 2024 vos
1859 1976 1865 2010 ἶ

430 2048 681 2094 hominibus
699 2065 788 2094 non
809 2050 1003 2094 invidere
1019 2085 1029 2104 ,
1055 2050 1156 2110 quia
1174 2051 1378 2109 parvulos
1399 2065 1488 2094 non
1511 2065 1601 2094 esse
1621 2049 1820 2094 homines
1856 2083 1858 2087 .

431 2118 554 2163 nullo
575 2119 706 2164 modo
728 2121 905 2179 potestis
922 2120 1165 2164 ostendere.

488 2191 628 2235 CXII.
669 2193 897 2235 JnmAnns.
942 2209 962 2232 «
1003 2191 1197 2235 Demiror
1233 2191 1380 2250 itaque
1416 2205 1568 2234 ausum
1603 2199 1645 2235 te
1685 2190 1818 2234 fuisse

427 2273 591 2318 ponere
618 2261 916 2305 testimonium
942 2295 953 2317 ,
984 2277 1073 2321 quo
1101 2261 1261 2305 dicitur
1287 2280 1296 2306 :
1333 2280 1351 2303 «
1389 2264 1425 2306 A
1455 2277 1544 2321 quo
1572 2261 1687 2305 enim
1717 2261 1815 2321 quis

429 2347 450 2371 »
481 2331 676 2375 devictus
708 2341 798 2387 est,
836 2332 938 2375 huic
969 2341 1012 2376 et
1047 2347 1194 2376 servus
1226 2331 1427 2376 addictus
1459 2341 1523 2376 est
1561 2333 1592 2377 ⁵.
1635 2349 1654 2373 »
1685 2329 1814 2385 Quod

424 2402 772 2447 manifestissime
797 2417 876 2461 pro
905 2403 1031 2447 nobis
1064 2401 1168 2447 facit
1187 2437 1198 2458 ,
1238 2402 1530 2447 asserentibus
1563 2418 1652 2446 non
1688 2416 1812 2461 posse

425 2487 646 2533 quemque
664 2473 900 2518 obnoxium
923 2487 1014 2518 esse
1032 2472 1209 2518 diabolo
1225 2508 1236 2529 ,
1261 2473 1339 2517 nisi
1359 2473 1435 2533 qui
1452 2472 1583 2517 fuerit
1599 2481 1697 2532 post
1717 2487 1811 2516 cer·
1842 2517 1849 2527 ¹,

423 2638 460 2671 n,
483 2639 534 2672 ¹9·

1842 2490 1853 2516 θ’

471 2579 483 2597 ¹
501 2575 592 2608 Joan·
609 2586 643 2617 v,
663 2574 845 2608 21.—²1d.
869 2587 917 2617 V1,
936 2575 990 2619 44.
1006 2593 1046 2600 -
1061 2574 1074 2600 3
1092 2576 1202 2609 Matth-
1224 2587 1267 2618 xi,
1286 2575 1401 2609 30.--⁶
1420 2576 1468 2608 Id.
1488 2587 1512 2619 ι,
1531 2585 1585 2609 21.
1599 2593 1640 2603 --·
1654 2574 1669 2600 ⁵
1684 2585 1704 2609 2
1719 2578 1806 2609 Petr.
1840 2528 1849 2697 ι

1837 2699 1845 2822 ἕ

1836 2843 1842 2875 l

1834 2918 1840 2996 l

1832 2998 1839 3058 ἓ
