1884 3285
458 248 511 285 72
893 264 924 288 s.
960 263 1186 293 itceus'rnw
1221 267 1400 296 Emscom

454 324 744 380 praemisisset,
773 333 876 369 tunc
901 327 1095 373 subdidit
1121 349 1128 374 :
1161 349 1179 372 «
1204 332 1351 377 Omnis
1374 335 1450 394 qui
1477 337 1640 383 audivit
1662 356 1685 385 a
1708 346 1831 391 Patre
1856 405 1858 410 λ

454 409 474 431 »
500 401 541 435 et
570 392 748 448 didicit,
780 396 897 440 venit
923 397 978 441 ad
1005 413 1073 442 me
1103 401 1132 444 ¹.
1166 419 1185 442 »
1213 403 1333 447 Sicut
1365 420 1466 464 ergo
1490 407 1657 467 integre
1684 411 1830 473 loqui-—

447 475 560 516 mur,
592 477 693 506 cum
718 463 773 508 de
798 465 944 526 aliquo
973 467 1212 515 litterarum
1239 474 1458 533 magistro,
1484 479 1560 537 qui
1586 479 1632 524 in
1659 482 1829 531 civitate

444 529 561 574 solus
583 541 661 586 est,
687 532 887 591 dicimus,
907 539 1067 583 Omnes
1085 540 1163 585 iste
1179 543 1250 588 hic
1271 544 1432 591 litteras
1454 547 1605 608 docet3
1624 567 1713 597 non
1727 556 1827 615 quia
1857 603 1859 607 ,

442 613 592 644 omnes
607 601 796 659 discunt,
822 605 897 649 sed
920 609 1020 666 quia
1043 624 1170 655 nemo
1188 613 1267 657 nisi
1289 614 1344 658 ab
1365 615 1440 661 illo
1461 617 1601 676 discit,
1626 623 1828 682 quicum-

439 685 525 729 que
546 671 605 714 ibi
627 671 791 718 litteras
813 675 937 721 discit
956 696 964 722 ε
983 678 1041 723 ita
1064 691 1179 726 recte
1200 683 1400 742 dicimus,
1426 689 1586 735 Omnes
1609 694 1722 738 Deus
1744 696 1824 742 do·

437 749 506 784 cet
521 742 668 785 venire
683 742 738 787 ad
755 745 974 790 Christum
991 769 1002 806 3
1023 765 1112 795 non
1129 754 1228 812 quia
1246 770 1394 800 omnes
1411 760 1610 816 veniunt,
1632 764 1707 808 sed
1721 767 1823 825 quia
1858 825 1860 830 ,

435 825 565 854 nemo
589 812 712 857 aliter
734 816 866 860 venit.
892 819 982 862 Cur
1003 830 1148 866 autem
1172 839 1260 869 non
1288 841 1438 873 omnes
1459 829 1629 888 doceat,
1656 838 1824 894 aperuit
1857 843 1862 900 ζ

434 881 684 940 Apostolus,
719 896 934 944 quantum
964 892 1245 949 aperiendum
1272 896 1484 955 judicavit
1510 920 1518 946 :
1544 903 1646 962 quia
1677 923 1696 947 «
1729 908 1817 952 Vo-
1859 918 1861 965 ξ

436 967 456 991 »
482 950 574 994 lens
603 955 831 999 ostendere
860 958 982 1014 iram,
1014 973 1057 1005 et
1082 961 1379 1012 demonstrare
1410 973 1652 1028 potentiam
1680 990 1817 1033 suam,
1859 976 1869 1030 f‘

433 1036 454 1060 »
480 1021 624 1066 attulit
654 1024 698 1067 in
735 1026 870 1070 multa
901 1030 1106 1087 patientia
1137 1048 1235 1078 vasa
1266 1036 1340 1080 irae
1369 1055 1468 1098 quae
1496 1042 1688 1100 perfecta
1718 1057 1821 1093 sunt

432 1106 452 1130 »
478 1090 521 1133 in
545 1093 848 1151 perditionem,
872 1107 915 1142 et
938 1108 987 1142 ut
1008 1109 1131 1146 notas
1155 1103 1282 1149 faciat
1304 1107 1473 1153 divitias
1497 1111 1645 1168 gloriae
1667 1130 1756 1159 suae
1773 1117 1818 1162 in
1859 1115 1863 1165 ’,

432 1176 451 1199 ))
474 1175 570 1204 vasa
591 1162 911 1221 misericordiae,
932 1185 1030 1227 quae
1051 1176 1309 1231 praeparavit
1331 1177 1375 1220 in
1399 1178 1577 1235 gloriam
1595 1184 1626 1227 ²,
1657 1201 1677 1224 »
1705 1186 1817 1232 Hinc
1860 1203 1863 1251 ζ

427 1238 490 1272 est
522 1233 640 1288 quod
679 1252 698 1275 «
723 1237 905 1279 verbum
938 1242 1075 1283 crucis
1101 1245 1386 1299 pereuntibus
1415 1249 1629 1310 stultitia,
1665 1265 1726 1299 est
1751 1258 1817 1302 his

428 1314 449 1338 »
476 1308 621 1344 autem
639 1303 714 1361 qui
736 1304 840 1348 salvi
862 1307 991 1364 fiunt,
1010 1310 1145 1354 virtus
1169 1315 1244 1357 Dei
1268 1325 1330 1359 est
1345 1319 1375 1360 ³.
1408 1338 1425 1359 »
1453 1322 1539 1364 Hos
1562 1337 1712 1368 omnes
1735 1325 1816 1371 do-

423 1377 493 1411 cet
511 1371 658 1414 venire
682 1373 737 1415 ad
758 1375 977 1420 Christum
1003 1381 1115 1423 Deus
1132 1402 1143 1438 3
1162 1382 1238 1426 hos
1260 1386 1374 1429 enim
1393 1403 1542 1434 omnes
1560 1393 1656 1437 vult
1676 1395 1814 1443 salvos

423 1437 531 1492 fieri,
552 1448 595 1483 et
620 1440 664 1484 in
688 1443 1347 1500 agnitionemveritatisvenire4.
1364 1460 1472 1502 Nam
1490 1462 1523 1504 si
1541 1470 1584 1505 et
1601 1462 1697 1508 illos
1714 1469 1813 1526 qui·
1861 1462 1864 1475 ”

422 1506 504 1550 bus
521 1509 700 1555 stultitia
725 1523 788 1557 est
814 1517 997 1562 verbum
1021 1523 1174 1577 crucis,
1201 1533 1250 1568 ut
1272 1525 1326 1569 ad
1349 1528 1571 1575 Christum
1593 1536 1808 1594 venirent,

422 1577 577 1621 docere
599 1581 817 1639 voluisset,
843 1589 995 1645 procul
1015 1590 1151 1636 dubio
1172 1595 1369 1641 venirent
1391 1608 1433 1642 et
1453 1600 1549 1659 ipsi.
1576 1606 1672 1649 Non
1695 1608 1809 1653 enim
1862 1669 1864 1672 ‚

420 1645 532 1692 fallit
556 1660 630 1694 aut
651 1651 817 1698 fallitur
839 1658 914 1717 qui
937 1661 995 1703 ait
1027 1681 1035 1705 ;
1065 1681 1083 1703 «
1110 1665 1260 1708 Omnis
1282 1668 1358 1726 qui
1380 1671 1548 1717 audivit
1569 1689 1593 1717 a
1619 1678 1745 1721 Patre
1767 1689 1810 1723 et

421 1734 441 1757 »
469 1716 634 1774 didicit,
662 1725 778 1768 venit
799 1726 853 1770 ad
877 1744 960 1773 me.
983 1749 1002 1771 »
1028 1732 1151 1777 Absit
1174 1751 1276 1794 ergo
1300 1747 1347 1781 ut
1369 1741 1599 1803 quisquam
1623 1761 1712 1792 non
1733 1764 1809 1793 ve·
1863 1774 1865 1777 ·

418 1785 522 1841 niat,
550 1790 624 1847 qui
645 1806 667 1834 a
690 1796 814 1837 Patre
831 1798 997 1843 audivit
1015 1810 1056 1844 et
1074 1802 1239 1848 didicit.
1862 1873 1865 1876 ι

474 1858 569 1900 XV.
606 1878 624 1900 «
654 1863 812 1918 Quare,
845 1866 1066 1927 inquiunt,
1099 1888 1187 1917 non
1216 1890 1365 1922 omnes
1392 1880 1586 1926 docetP»
1615 1885 1659 1929 Si
1687 1885 1807 1932 dixe·
1862 1910 1865 1943 ῃ

414 1924 550 1969 rimus
571 1931 672 1986 quia
695 1931 851 1978 nolunt
874 1937 1036 1982 discere
1057 1957 1166 2000 quos
1185 1959 1273 1988 non
1291 1946 1419 1992 docet
1440 1968 1449 1994 :
1469 1955 1806 2011 respondebitur
1862 1978 1866 2015 ξ

415 1994 557 2048 nobis,
590 1999 645 2041 Et
666 2000 741 2044 ubi
758 2013 821 2046 est
846 2008 965 2063 quod
989 2010 1025 2051 ei
1046 2009 1206 2056 dicitur
1232 2034 1240 2059 ε
1272 2034 1290 2057 «
1317 2020 1447 2074 Deus,
1475 2031 1523 2065 tu
1547 2037 1803 2074 convertens
1862 2046 1866 2078 ⁴.

416 2079 436 2102 »
463 2064 697 2112 vivificabis
715 2074 876 2115 nos⁵‘?»
890 2078 977 2120 Aut
994 2079 1027 2121 si
1046 2095 1134 2124 non
1152 2082 1256 2128 facit
1271 2087 1465 2135 volentes
1483 2107 1534 2136 ex
1552 2095 1802 2144 nolentibus
1863 2084 1866 2111 ⁷

415 2135 544 2189 Deus,
566 2146 615 2180 ut
633 2140 740 2197 quid
754 2153 847 2186 orat
866 2147 1055 2193 Ecclesia
1075 2156 1316 2200 secundum
1338 2172 1605 2221 praeceptum
1630 2169 1800 2213 Domini
1863 2195 1867 2214 :

413 2217 493 2261 pro
522 2213 868 2263 persecutoribus
895 2217 979 2260 suis
1005 2220 1052 2261 ⁰?
1080 2223 1187 2266 Nam
1213 2226 1270 2269 sic
1298 2229 1426 2274 etiam
1452 2232 1591 2278 voluit
1618 2237 1799 2297 intelligi
1862 2234 1867 2279 ἶ

413 2284 585 2319 sanctus
606 2280 850 2337 Cyprianus
872 2288 990 2344 quod
1013 2288 1246 2338 dicimus⁷z
1266 2314 1286 2337 «
1304 2299 1400 2342 Fiat
1422 2301 1623 2349 voluntas
1645 2315 1720 2351 tua
1742 2310 1798 2353 si-
1863 2300 1866 2339 l

415 2359 435 2382 >a
462 2353 536 2387 cut
555 2345 601 2389 in
621 2349 734 2393 coelo
757 2361 800 2395 et
822 2353 868 2396 in
891 2363 1000 2401 terra
1021 2366 1043 2401 8
1073 2379 1080 2403 :
1108 2379 1126 2401 »
1152 2363 1234 2407 hoc
1256 2375 1334 2421 est,
1353 2368 1463 2414 sicut
1479 2372 1523 2415 in
1541 2374 1600 2417 eis
1617 2377 1693 2435 qui
1706 2379 1794 2437 jam

461 2455 471 2470 ¹
491 2451 583 2483 Joan.
614 2455 813 2497 v1,l56.-²
834 2462 924 2493 Rom.
945 2474 987 2505 ix,
1009 2473 1061 2497 21.
1077 2484 1117 2490 —
1135 2467 1147 2490 3
1171 2481 1182 2501 1
1204 2473 1274 2504 Cor.
1301 2485 1323 2515 1,
1346 2475 1397 2507 18.
1414 2493 1451 2500 --
1467 2477 1482 2507 4
1503 2490 1513 2511 ι
1536 2481 1614 2514 Tim.
1644 2494 1679 2525 n,
1702 2484 1734 2526 4.
1755 2503 1789 2509 -

413 2501 429 2525 5
446 2505 525 2537 Psal.
555 2518 688 2550 mxxiv,
722 2523 751 2552 7.
774 2513 839 2537 -6
858 2517 970 2549 Matth.
1002 2532 1046 2562 v,
1075 2522 1126 2564 44.
1159 2543 1198 2548 —
1221 2535 1233 2559 7
1260 2530 1410 2571 Cyprian.
1440 2533 1480 2565 de
1507 2536 1657 2569 Oratione
1683 2540 1790 2573 domi—

434 2558 515 2590 icali.
537 2578 576 2584 ——
595 2561 609 2583 3
623 2565 734 2597 Mattb.
754 2579 800 2609 iv,
823 2580 869 2601 io.
