1821 3264
235 232 378 260 OPERIS
411 228 586 257 murmur.
622 223 785 253 comum
818 222 987 251 summ.
1025 222 1108 249 Lm.
1146 222 1176 247 1.
1316 207 1397 245 189

74 304 364 346 Auetswmtzs.
401 295 468 342 Illi
495 296 699 340 obscuras
732 290 965 336 sententias
1002 290 1046 332 in
1076 301 1203 332 suum
1240 286 1398 343 dogma

18 380 267 418 convertere
286 405 297 424 ,
334 384 410 413 vos
433 374 598 426 apertas
626 363 719 422 ipso
749 371 891 406 vestro
931 361 1134 417 dogmate
1169 357 1402 402 obscurare

18 441 246 489 conamini.
273 439 390 493 Quid
409 437 522 482 enim
546 433 735 494 apertius
762 446 894 491 quam
917 429 1038 489 quod
1062 429 1120 472 ait
1151 425 1398 486 Apostolus,

21 517 300 559 «Peccatum
329 511 375 554 in
408 511 526 554 hunc
564 503 780 550 mundum
812 517 889 561 per
920 514 1060 544 unum
1084 499 1308 543 hominem
1340 496 1404 539 in-

20 602 42 628 »
66 594 190 638 tasse,
216 591 259 626 et
281 596 357 640 per
377 587 602 639 peccatum
629 582 829 627 mortem,
858 580 901 615 et
923 571 983 614 ita
1012 570 1058 613 in
1082 583 1232 613 omnes
1259 566 1404 611 homi-

22 673 43 698 »
69 669 143 699 nes
172 650 506 713 pertransisse¹P
534 665 553 689 »
580 644 708 699 Quod
746 644 779 687 si
815 643 999 702 probare
1033 639 1149 684 idem
1180 646 1406 695 cogeretur

23 724 275 784 Apostolus,
299 723 433 782 ipsam
458 718 624 778 generis
641 714 822 760 humani
839 712 1055 757 miseriam
1080 718 1231 754 testem
1255 707 1406 761 daret,

22 812 121 858 quae
141 795 292 854 incipit
314 810 336 837 a
359 791 573 851 vagitibus
594 785 876 848 parvulorum
894 820 904 840 ,
931 793 974 827 ct
995 797 1134 843 usque
1158 781 1213 825 ad
1251 778 1407 823 decre-

21 869 209 929 pitorum
228 866 411 926 gemitus
424 860 634 923 pervenit.
652 858 783 904 Nullo
801 857 916 901 enim
938 853 1070 899 modo
1089 854 1171 898 sub
1188 866 1291 895 cura
1314 864 1404 894 om-

22 938 256 998 nipotentis
279 946 321 980 et
339 935 444 996 justi
467 932 617 977 eadem
640 939 728 973 tam
752 942 910 986 magna
932 924 1101 970 miseria
1118 931 1288 967 naturae
1303 921 1411 963 irro-

22 1018 195 1068 garetur
211 1009 432 1060 humanae,
456 1003 536 1047 nisi
559 1003 605 1045 in
627 1001 802 1045 duobus
826 996 1079 1042 hominibus
1096 1003 1188 1039 tota
1207 993 1262 1036 de
1283 1005 1411 1050 para-

22 1079 103 1124 disi
138 1078 343 1123 felicitate
364 1077 409 1121 in
430 1075 542 1120 hanc
570 1070 867 1116 infelicitatem
901 1065 1067 1127 peccati
1100 1064 1255 1109 merito
1274 1060 1414 1121 pelle-

22 1161 154 1196 retur.

36 1231 54 1255 ⁵--
81 1223 244 1265 XXVI.
265 1223 492 1263 JULIANUs.
519 1235 538 1258 «
565 1217 680 1261 Num
699 1213 831 1272 igitur
856 1210 955 1255 ideo
979 1217 1054 1253 aut
1070 1206 1169 1251 libri
1187 1205 1295 1250 sacri
1318 1216 1414 1247 auc-

26 1302 139 1338 tores
172 1291 476 1351 probabuntur
511 1300 732 1338 errorum,
773 1292 847 1328 aut
884 1281 1065 1326 crimina
1106 1276 1413 1338 pereuntium,

30 1365 350 1423 Scripturarum
368 1360 556 1418 dignitas
571 1355 786 1416 expiabit?
802 1373 821 1395 »

89 1438 381 1479 Aoeuswmos.
406 1433 500 1474 Hoc
516 1428 640 1473 vobis
660 1425 805 1469 dicite.

87 1507 274 1549 XXVII.
300 1505 324 1547 J
329 1517 527 1546 nmmos.
560 1518 580 1541 «
594 1497 892 1554 Extinguatur
909 1494 1056 1551 itaque
1075 1488 1422 1546 indisciplinata-

30 1591 127 1621 rum
153 1574 469 1634 expositionum
491 1569 629 1614 libido
651 1588 659 1612 :
681 1566 791 1611 nihil
814 1579 940 1624 agere
962 1571 1115 1607 contra
1144 1558 1422 1603 manifestam

32 1647 108 1691 Dei
121 1645 332 1706 justitiam
347 1643 481 1688 verba
497 1640 729 1685 credantur
758 1657 766 1681 ι
787 1651 887 1696 quae
917 1635 950 1678 si
975 1635 1066 1694 ejus
1084 1646 1281 1692 personae
1303 1636 1421 1681 sunt,

34 1733 165 1779 quam
182 1715 378 1762 venerari
401 1728 573 1758 necesse
603 1719 665 1755 est
682 1745 692 1765 ,
730 1705 1024 1753 defendantur
1049 1699 1426 1762 explanationibus

34 1788 193 1834 divinae
215 1785 560 1846 congruentibus
582 1781 802 1842 aequitati,
827 1779 893 1822 sin
917 1785 1061 1821 autem
1076 1790 1164 1818 non
1188 1768 1425 1816 metuendo

34 1870 137 1905 sunt
169 1868 346 1904 auctore
380 1855 571 1916 prolata,
599 1853 728 1897 etiam
759 1850 995 1909 ineliquata
1021 1845 1257 1906 pellantur.
1286 1841 1427 1899 Igitur

35 1947 153 1976 nunc
166 1931 221 1975 de
241 1930 316 1974 Dei
331 1928 495 1988 judicio
513 1926 783 1984 disputatur,
804 1921 858 1965 de
877 1935 966 1980 quo
989 1917 1167 1970 dicitur,
1192 1934 1211 1956 «
1238 1917 1352 1958 Deus
1374 1912 1428 1954 fi-

38 2020 59 2045 »
79 2002 202 2057 delis,
221 2002 268 2045 in
285 2016 374 2060 quo
392 2015 480 2044 non
495 2006 557 2042 est
571 1995 791 2054 iniquitas,
803 1993 947 2052 justus
969 1998 1012 2032 et
1027 1996 1200 2032 sanctus
1220 1983 1429 2029 Dominus

39 2090 60 2115 >›
85 2074 242 2117 Deus2.
268 2090 287 2113 »
312 2073 369 2115 Et
387 2070 560 2114 iterum.
593 2085 613 2108 «
639 2068 789 2109 Justus
811 2061 1038 2113 Dominus,
1066 2067 1109 2102 et
1125 2055 1336 2116 justitiam
1361 2051 1431 2095 di-

40 2162 61 2186 »
87 2143 208 2198 lexit,
227 2142 479 2202 aequitatem
496 2138 605 2184 vidit
621 2136 768 2181 vultus
786 2135 920 2193 ejus3.
945 2150 965 2173 »
993 2130 1221 2174 Etiterum
1247 2144 1255 2170 :
1286 2144 1305 2167 «
1330 2125 1431 2167 Om-

41 2232 63 2257 »
84 2214 156 2259 nia
172 2212 337 2274 judicia
358 2222 433 2256 tua
452 2208 677 2270 aequitas4.
707 2225 726 2247 n
763 2209 999 2249 Innumera
1022 2208 1124 2245 sunt
1152 2194 1398 2242 testimonia
1417 2226 1429 2247 ,

40 2284 199 2345 quibus
221 2284 399 2343 aequitas
424 2280 569 2325 divina
594 2279 638 2322 in
663 2276 791 2321 sacris
815 2273 1112 2320 voluminibus
1131 2268 1393 2329 praedicatur
1420 2282 1430 2308 ε

41 2356 96 2400 de
113 2372 198 2416 qua
215 2369 343 2399 nemo
358 2363 504 2397 tamen
522 2350 592 2396 vel
606 2348 851 2408 gentilium,
869 2345 939 2389 vel
957 2343 1263 2388 haereticorum
1277 2346 1436 2398 praeter

42 2427 306 2472 Manichaeos
329 2422 734 2480 Traducianosque,
759 2415 993 2462 dubitavit.
1023 2433 1043 2455 »

103 2501 395 2543 Amr-smus.
421 2497 487 2539 Ex
505 2494 587 2537 hac
603 2491 810 2551 acquitate
827 2501 954 2547 grave
962 2486 1118 2545 jugum
1141 2491 1204 2527 est
1228 2493 1356 2539 super
1378 2479 1433 2523 fi-

96 2590 105 2606 ¹
134 2586 225 2618 Rom.
252 2593 293 2626 v,
319 2592 369 2615 12.
386 2598 422 2606 —‹
443 2586 456 2604 ²
487 2582 581 2613 Deut.
601 2588 702 2618 xxm,
725 2574 757 2618 4,
774 2571 841 2599 -3
863 2571 942 2606 Psal.
964 2581 998 2613 x,
1017 2567 1198 2604 8.—41d.
1229 2576 1336 2606 cxviii,
1359 2570 1430 2604 127.
1457 2560 1464 2565 ”
