1821 3264
272 251 415 278 ori-:lus
448 251 622 277 lMPEnF.
656 248 818 277 CONTRA
850 248 1017 277 JULIAN.
1056 250 1137 276 Lm.
1175 251 1203 274 ι.
1342 239 1423 276 227

50 315 232 374 Spiritus
245 324 416 358 sanctus
432 313 592 358 infudit
611 333 620 369 3
646 313 759 357 solus
781 314 893 357 enim
921 329 996 372 per
1018 314 1161 357 omnia
1180 327 1230 356 ex
1248 313 1358 357 natis
1373 312 1428 357 de

47 384 231 429 foemina
251 393 424 441 sanctus
441 384 646 427 Dominus
669 385 807 437 Jesus,
828 384 904 442 qui
923 393 1103 427 terrenae
1125 384 1322 440 contagia
1338 398 1430 426 cor—

50 453 249 512 rupteloe‚
275 452 542 497 immaculati
561 461 707 511 partus
730 452 920 496 novitate
942 468 1030 496 non
1047 454 1249 508 senserit,
1274 462 1317 496 et
1336 467 1430 497 000-

48 523 145 568 lesti
162 525 378 582 majestate
397 521 627 583 depulerit.
655 523 805 567 Cernis
833 537 1012 581 nempe,
1038 523 1159 581 quod
1182 523 1301 578 dico,
1335 523 1432 583 quis

51 593 229 638 dixerit?
251 595 408 649 cernis,
439 592 654 653 quidquid
684 603 833 638 contra
863 609 930 637 me
961 593 1088 647 dicis,
1117 603 1266 637 contra
1300 608 1431 652 quem

52 663 194 709 dicas?
217 664 260 709 Si
288 665 405 709 enim
429 679 508 723 ego
541 665 642 708 hinc
674 680 770 708 sum
801 664 1038 724 discipulus
1070 665 1326 719 Manichaei,
1351 666 1434 708 hoc

53 745 116 780 est
143 745 187 780 et
212 735 299 779 ille.
329 739 425 781 Non
458 745 521 780 est
555 745 700 780 autem
736 737 819 780 hoc
853 735 955 790 ille,
989 736 1064 794 qui
1105 737 1199 780 haec
1229 745 1328 779 ante
1360 751 1438 780 nos

54 805 175 849 dixit.
200 807 298 850 Non
314 816 378 850 est
400 807 482 850 hoc
504 806 650 864 igitur,
675 807 868 866 quisquis
890 807 983 850 haec
1005 806 1111 850 dicit
1139 826 1146 850 z
1170 806 1247 850 sed
1265 806 1440 849 haereti-

54 890 130 919 cus
153 875 407 919 manifestus
430 884 509 930 est,
535 875 728 936 quisquis
756 876 858 920 huic
886 876 1066 935 antiquo
1083 875 1298 920 catholico
1328 876 1440 935 dog-

54 945 160 989 mati
182 945 461 989 contradicit.

115 1018 295 1060 LXVII,
325 1018 553 1060 humus,
583 1035 603 1058 «
631 1015 714 1061 Sed
728 1016 818 1075 jam
839 1030 1069 1074 pergamus
1103 1015 1158 1058 ad
1187 1025 1357 1059 caetera.
1384 1019 1444 1058 De

58 1100 126 1128 me
152 1086 299 1145 itaque
322 1086 513 1129 scribens
540 1095 636 1144 post
666 1085 738 1129 illa
762 1101 861 1145 quae
894 1101 1024 1143 supra
1046 1085 1164 1128 texui
1194 1086 1327 1129 verba
1351 1095 1442 1139 tua,

57 1156 152 1199 haec
178 1172 278 1215 quae
299 1165 544 1214 sequuntur
573 1156 786 1215 adjungis.
825 1174 845 1196 »
873 1159 973 1199 Post
1002 1156 1094 1198 haec
1118 1155 1228 1199 illud
1251 1165 1450 1199 nostrum

59 1226 203 1285 posuit
229 1228 261 1281 1,
290 1227 366 1269 ubi
386 1225 576 1270 diximus
605 1245 612 1270 :
643 1229 746 1269 Haec
779 1225 893 1268 enim
917 1241 1016 1284 quae
1039 1226 1094 1268 ab
1122 1226 1451 1283 impudentibus

59 1295 335 1355 impudenter
348 1297 569 1350 laudatur,
584 1296 788 1355 pudenda
801 1297 1167 1353 concupiscentia,
1182 1296 1301 1339 nulla
1320 1305 1445 1349 esset,

63 1367 143 1410 nisi
155 1366 287 1409 homo
300 1375 399 1409 ante
418 1375 654 1424 peccasset:
677 1366 843 1423 nuptiae
857 1380 959 1408 vero
974 1374 1131 1418 essent,
1144 1365 1310 1408 etiamsi
1324 1380 1452 1408 nemo

64 1444 300 1495 peccasset:
321 1437 445 1479 fieret
461 1436 622 1494 quippe
640 1435 731 1478 sine
747 1435 829 1478 isto
848 1434 978 1478 modo
997 1435 1222 1478 seminatio
1245 1435 1450 1477 filiorum.

67 1509 164 1550 Huc
194 1521 331 1564 usque
363 1504 435 1548 ille
457 1505 588 1548 verba
611 1520 705 1547 mea
735 1505 879 1562 posuit
909 1524 920 1560 3
943 1505 1088 1547 timuit
1104 1504 1218 1546 enim
1242 1503 1361 1562 quod
1380 1504 1456 1546 ad„

61 1577 208 1636 junxi,
242 1577 288 1620 in
318 1590 500 1634 corpore
528 1576 628 1619 vitae
661 1574 777 1618 illius
803 1609 813 1628 ,
852 1574 943 1618 sine
981 1590 1070 1633 quo
1100 1590 1218 1618 nunc
1246 1575 1339 1618 fieri
1368 1590 1457 1618 non

67 1655 211 1706 potest
231 1646 277 1689 in
299 1661 481 1704 corpore
504 1646 654 1690 mortis
678 1646 805 1703 hujus
833 1664 842 1689 ε
868 1654 912 1688 et
938 1645 1008 1688 hic
1031 1654 1080 1688 ut
1108 1660 1250 1688 meam
1280 1654 1457 1689 senten-

69 1717 175 1762 tiam
197 1732 285 1761 non
303 1717 462 1771 finiret,
478 1716 553 1760 sed
571 1731 664 1759 eam
687 1714 881 1774 quodam
895 1715 1026 1758 modo
1045 1714 1460 1770 detruncaret,illud

70 1788 268 1846 Apostoli
303 1788 597 1831 testimonium
622 1784 897 1839 formidavit,
923 1785 1000 1828 ubi
1034 1785 1093 1828 ait
1125 1804 1135 1829 ι
1167 1803 1186 1826 «
1216 1787 1346 1829 Miser
1380 1801 1461 1844 ego

74 1876 95 1900 »
120 1858 279 1912 homo,
320 1858 417 1916 quis
452 1873 521 1900 me
548 1856 754 1899 liberabit
794 1854 849 1899 de
880 1871 1062 1913 corpore
1100 1855 1249 1899 mortis
1287 1857 1458 1915 hujus?

76 1945 97 1969 »
123 1929 268 1972 Gratia
287 1927 362 1971 Dei
384 1942 461 1986 per
482 1929 629 1970 Jesum
653 1926 876 1970 Christum
908 1926 1142 1969 Dominum
1159 1933 1357 1970 nostrum
1376 1928 1409 1969 ².
1439 1943 1459 1966 n

73 2001 172 2044 Non
192 1998 306 2042 enim
327 2007 417 2041 erat
434 2012 591 2055 corpus
612 1997 759 2040 mortis
781 1996 909 2055 hujus
934 1995 980 2038 in
1015 1995 1212 2053 paradiso
1235 2005 1335 2039 ante
1359 2011 1462 2054 pec-

74 2079 236 2123 catum,
262 2077 439 2127 propter
460 2066 578 2127 quod
602 2067 807 2119 diximus,
824 2067 868 2109 in
891 2080 1072 2124 corpore
1083 2066 1184 2109 vitae
1205 2066 1337 2119 illius,
1363 2076 1464 2125 quae

77 2139 139 2182 ibi
160 2147 267 2192 erat,
293 2138 383 2181 sine
403 2137 486 2181 isto
507 2137 662 2180 morbo
685 2136 1014 2179 seminationem
1031 2135 1125 2178 fieri
1145 2135 1333 2193 potuisse
1352 2136 1465 2180 filio-

78 2224 177 2253 rum
196 2243 207 2263 ,
232 2209 323 2252 sine
345 2223 435 2266 quo
458 2208 503 2251 in
531 2222 712 2265 corpore
736 2206 884 2250 mortis
910 2206 1037 2264 hujus
1068 2206 1160 2248 fieri
1192 2221 1281 2249 non
1307 2215 1463 2264 potest.

85 2298 105 2321 «
126 2282 262 2323 Tenes
284 2288 331 2322 tu
354 2278 532 2338 quidem
550 2277 911 2325 consuetudinem
935 2285 1072 2329 tuam,
1094 2276 1297 2335 equidem
1321 2277 1364 2320 in
1389 2278 1470 2320 hoc

83 2349 355 2408 potissimum
379 2362 506 2404 opere
528 2356 847 2406 consequenter
869 2380 879 2400 ,
907 2355 955 2389 ut
979 2345 1053 2404 qui
1075 2355 1225 2389 contra
1247 2346 1471 2389 veritatem

87 2420 190 2478 agis,
209 2418 318 2462 nihil
337 2434 488 2462 verum
508 2416 698 2476 loquaris
724 2436 733 2460 ε
755 2416 829 2460 sed
852 2418 1090 2460 numerosis
1112 2416 1364 2459 eruditionis
1388 2426 1474 2459 tuae

88 2488 274 2547 peccatis
313 2488 640 2546 correptionum
677 2486 915 2530 multitudo
956 2486 1023 2529 vix
1060 2485 1234 2528 suflicit.
1269 2484 1373 2529 Ideo
1407 2486 1478 2529 hic

140 2578 148 2594 ¹
174 2572 252 2605 Vide
270 2571 327 2605 lib.
343 2582 353 2605 1
372 2572 411 2605 de
426 2571 563 2613 Nuptiis,
583 2581 655 2614 cap.
678 2579 709 2603 τε.
723 2587 764 2594 -
778 2577 789 2592 ²
812 2572 903 2602 Rom.
922 2580 977 2609 vu,
998 2568 1039 2608 24
1056 2573 1089 2600 et
1111 2567 1165 2600 25.

1205 2622 1264 2659 15.
