1884 3285
430 233 478 269 18
857 245 890 270 s.
927 243 1156 274 Aucusnm
1190 247 1366 275 EPlscom

414 308 576 351 dicium
592 327 603 364 3
625 307 719 351 illos
739 306 795 350 ad
810 307 1101 354 obtinendum
1119 325 1303 370 regnum
1319 327 1465 369 suum,
1485 314 1611 358 illum
1626 316 1681 360 ad
1696 316 1802 361 sun-

418 375 612 419 dendum
633 376 890 434 sanguinem
912 392 1054 423 suum.

413 467 419 472 ·
476 447 572 488 XV.
603 445 760 490 Merito
787 448 983 507 sequitur
1007 463 1090 493 vox
1116 449 1172 494 ad
1201 465 1381 509 regnum
1409 452 1676 499 electorum:
1703 472 1725 496 «
1756 457 1802 500 Si

418 532 437 553 »
466 516 578 558 Deus
599 529 678 573 pro
700 517 841 572 nobis,
865 519 961 577 quis
982 523 1260 578 contra-nos?
1277 523 1360 575 Qui
1380 523 1491 568 Filio
1513 525 1689 583 proprio
1710 539 1797 569 non

419 600 439 623 »
465 585 673 643 pepercit,
695 587 770 630 sed
789 602 866 645 pro
884 590 1009 633 nohis
1027 591 1229 635 omnibus
1248 591 1426 637 tradidit
1441 608 1560 649 eum,
1578 595 1802 653 quomodo

417 669 438 692 »
464 667 552 697 non
579 663 623 698 et
648 669 748 698 cum
779 655 855 700 illo
883 659 1008 702 nobis
1036 660 1181 704 omnia
1211 660 1418 706 donavit?
1445 664 1550 716 Quis
1579 666 1802 710 accusabit

417 740 436 763 »
460 722 663 768 adversus
685 725 843 770 electos
864 728 968 771 Dei?
987 731 1099 773 Deus
1121 731 1198 790 qui
1214 732 1444 791 justificat?
1464 735 1568 786 Quis
1587 735 1799 780 condem-

415 809 434 831 »
463 794 562 836 nat?
587 794 782 839 Christus
809 797 884 855 qui
908 807 1105 843 mortuus
1131 809 1210 855 est,
1238 803 1373 859 magis
1398 813 1543 847 autem
1566 806 1643 865 qui
1666 815 1709 849 et
1729 820 1799 851 re-

415 878 436 902 »
461 864 659 919 surrexit,
683 866 760 924 qui
791 875 855 910 est
882 867 927 911 in
953 867 1128 915 dextera
1156 872 1249 927 Dei,
1277 874 1354 932 qui
1376 883 1419 917 et
1443 875 1691 935 interpellat
1717 892 1797 937 pro

415 948 434 971 »
460 932 583 976 nobis
607 936 652 977 1?
686 953 705 975 »
736 938 875 989 Quam
905 938 1028 983 fortis
1057 950 1202 985 autem
1230 946 1559 1001 perseverantiae
1587 961 1725 1007 usque
1751 949 1798 992 in

410 1001 540 1046 finem
563 1018 723 1050 munus
743 1009 1002 1068 acceperint,
1027 1022 1264 1071 sequantur
1285 1025 1328 1059 et
1351 1016 1524 1061 dicant:
1550 1035 1570 1060 «
1592 1019 1699 1072 Quis
1717 1034 1796 1065 nos
1857 1068 1872 1075 N

413 1089 432 1112 »
451 1076 666 1133 separabit
682 1078 925 1124 acharitate
942 1081 1126 1141 Christi,
1151 1084 1392 1142 tribulatio,
1418 1103 1474 1132 an
1497 1090 1711 1148 angustia,
1737 1105 1794 1135 an

410 1159 430 1183 »
448 1147 704 1202 persecutio,
723 1164 779 1192 an
793 1149 946 1206 fames,
970 1167 1025 1196 an
1047 1153 1237 1210 nuditas,
1262 1172 1317 1201 an
1339 1158 1599 1216 periculum,
1623 1175 1680 1203 an
1702 1160 1795 1219 gla—

408 1229 429 1252 »
447 1212 575 1258 dius?
608 1217 727 1261 Sicut
756 1220 965 1278 scriptum
993 1232 1082 1266 est:
1109 1242 1128 1264 «
1154 1226 1263 1277 Quia
1295 1235 1473 1286 propter
1492 1237 1535 1273 te
1555 1230 1793 1276 mortifica-

408 1298 428 1320 »
447 1295 544 1325 mur
553 1293 643 1329 tota
654 1287 741 1342 die,
759 1289 957 1333 aestimati
975 1305 1123 1336 sumus
1142 1303 1192 1337 ut
1211 1309 1311 1340 oves
1329 1298 1591 1343 occisionis2.
1612 1316 1632 1341 »
1650 1300 1734 1346 Sed
1746 1301 1792 1345 in

407 1367 426 1390 η
449 1351 514 1395 his
537 1355 739 1399 omnibus
760 1359 1104 1415 supervincimus
1121 1377 1198 1421 per
1211 1378 1311 1408 eum
1322 1367 1398 1426 qui
1413 1367 1561 1413 dilexit
1572 1385 1665 1414 nos.
1687 1373 1791 1416 Cer—

407 1437 426 1460 »
446 1429 514 1464 tus
537 1437 632 1466 sum
654 1427 786 1482 enim,
812 1428 912 1486 quia
934 1444 1077 1489 neque
1098 1447 1228 1489 mors,
1253 1450 1394 1496 neque
1415 1438 1517 1494 vita,
1542 1455 1687 1499 neque
1708 1456 1789 1485 an—

405 1506 426 1529 »
443 1491 578 1548 gelus,
610 1509 750 1554 neque
783 1498 1065 1558 principatus,
1097 1516 1240 1563 neque
1266 1508 1511 1562 praesentia,
1542 1524 1685 1569 neque
1712 1511 1786 1555 fu-

403 1576 423 1599 »
443 1568 540 1605 tura
555 1596 565 1614 ,
588 1579 730 1624 neque
757 1568 908 1624 virtus,
931 1584 1075 1630 neque
1095 1572 1302 1630 altitudo,
1328 1591 1472 1637 neque
1493 1580 1782 1638 profundum,

403 1646 422 1669 »
442 1644 584 1690 neque
605 1645 802 1681 creatura
819 1639 900 1683 alia
917 1642 1076 1698 poterit
1098 1656 1175 1688 nos
1195 1659 1391 1704 separare
1413 1663 1436 1692 a
1457 1649 1668 1695 charitate
1689 1652 1784 1708 Dei,

402 1715 540 1758 »quae
567 1712 629 1747 est
650 1705 694 1748 in
717 1707 888 1752 Christo
910 1712 1011 1754 Jesu
1036 1714 1221 1758 Domino
1242 1719 1436 1762 nosti-0³.
1466 1737 1486 1760 »

455 1771 572 1815 XVI,
601 1775 675 1818 Isti
696 1777 922 1835 significati
941 1790 1042 1825 sunt
1063 1783 1117 1828 ad
1143 1786 1418 1832 Timotheum
1435 1824 1445 1843 ,
1467 1790 1546 1833 ubi
1568 1805 1668 1835 cum
1692 1792 1785 1837 dic-

395 1846 488 1882 tum
511 1839 661 1887 fuisset
676 1879 687 1899 ,
715 1849 1005 1904 Hymenaeum
1027 1863 1070 1897 et
1092 1854 1313 1900 Philetum
1335 1857 1468 1903 fidem
1490 1862 1783 1919 quorumdam

394 1910 643 1957 subvertere
677 1934 686 1960 :
711 1931 810 1961 mox
833 1921 1029 1965 additum
1054 1933 1118 1968 est
1143 1944 1151 1968 :
1186 1944 1205 1966 «
1229 1928 1426 1973 Firmum
1448 1940 1594 1976 autem
1616 1933 1774 1979 funda-

395 1994 414 2018 »
442 1989 641 2025 mentum
662 1985 735 2027 Dei
758 1995 857 2041 stat,
881 1989 1047 2035 habens
1065 1993 1336 2051 signaculum
1355 2000 1454 2055 hoc,
1479 2002 1612 2046 Scivit
1630 2005 1780 2049 Domi-

396 2064 414 2087 »
441 2062 522 2092 nus
539 2050 615 2109 qui
632 2063 733 2098 sunt
751 2056 842 2114 ejus
859 2060 890 2100 ².
914 2075 934 2099 »
957 2061 1124 2106 Horum
1143 2064 1265 2120 fides,
1287 2083 1386 2126 quae
1404 2085 1481 2128 per
1497 2070 1778 2118 dilectionem

393 2128 611 2175 operatur,
637 2123 834 2182 profecto
854 2137 928 2172 aut
949 2133 1127 2178 omnino
1149 2149 1237 2179 non
1258 2136 1419 2193 delicit,
1439 2150 1515 2185 aut
1531 2143 1564 2186 si
1583 2144 1779 2202 quisunt

389 2200 578 2244 quorum
601 2189 762 2247 deficit,
790 2207 1014 2254 reparatur
1036 2211 1268 2262 antequam
1291 2207 1380 2252 vita
1403 2208 1482 2253 ista
1504 2211 1681 2258 finiatur
1697 2248 1708 2269 ,
1732 2224 1778 2259 et

389 2253 530 2301 deleta
552 2275 650 2319 quae
678 2262 987 2313 intercurrerat
1007 2270 1236 2331 iniquitate
1254 2310 1264 2330 ,
1290 2291 1429 2337 usque
1451 2279 1498 2323 in
1519 2281 1651 2326 finem
1673 2298 1774 2342 per-

385 2330 621 2373 severantia
641 2332 888 2391 deputatur.
912 2339 998 2391 Qui
1016 2355 1116 2387 vero
1135 2349 1447 2402 perseveraturi
1471 2364 1559 2395 non
1580 2362 1698 2408 sunt,
1725 2370 1774 2399 ac

383 2393 441 2437 sic
464 2412 487 2439 a
509 2398 594 2442 fide
615 2401 845 2450 christiana
865 2415 908 2451 et
925 2413 1250 2458 conversatione
1267 2416 1427 2475 lapsuri
1445 2429 1547 2464 sunt
1567 2455 1578 2475 ,
1599 2431 1649 2466 ut
1667 2423 1772 2470 tales

427 2503 434 2519 ¹
456 2501 546 2533 Rom.
563 2512 632 2544 vni,
653 2503 690 2536 31
711 2510 744 2537 et
760 2517 848 2550 seqq.
863 2525 904 2532 —
919 2515 932 2532 ²
952 2511 1030 2546 Psal.
1052 2523 1144 2556 mn,
1162 2525 1213 2549 22.
1228 2534 1266 2540 —-
1281 2517 1294 2541 ³
1313 2521 1403 2553 Rom.
1423 2531 1491 2563 vm,
1512 2523 1553 2556 35
1572 2529 1607 2558 et
1625 2535 1767 2570 seqq.-

379 2551 394 2580 4‘
417 2564 434 2585 2
454 2555 533 2587 Tim.
559 2568 593 2597 ιι,
619 2570 670 2601 19,
697 2565 729 2593 et
747 2562 815 2595 Gal.
837 2574 871 2605 v,
891 2564 925 2598 6.
