1884 3285
450 285 524 320 102
865 292 897 316 s-
935 290 1165 317 Aue-usum
1199 290 1376 317 EPISCOPI

444 375 464 397 »
491 357 608 400 omni
627 356 723 398 loco
745 373 754 398 ;
780 354 881 412 quia
902 353 1061 398 Christi
1081 354 1224 398 bonus
1246 354 1354 398 odor
1375 368 1523 398 sumus
1544 356 1636 398 Deo
1650 388 1662 409 ,
1685 354 1731 398 in
1751 355 1817 400 his

444 443 464 466 »
492 426 567 484 qui
588 424 691 468 salvi
715 424 827 468 fiunt
843 458 854 479 ,
879 433 923 468 et
941 424 987 467 in
1006 424 1072 468 his
1094 424 1172 484 qui
1192 433 1405 483 pereunt,
1430 423 1692 483 quibusdam
1717 425 1818 484 qui-

442 513 462 536 »
492 494 591 538 dem
615 495 728 546 odor*
750 495 899 540 mortis
928 495 973 539 in
995 504 1203 550 mortem,
1236 494 1498 554 quibusdam
1535 504 1680 540 autem
1710 495 1817 540 odor

443 583 462 606 »
487 566 588 609 vitae
604 566 650 608 in
668 566 798 609 vitam
812 567 841 609 ¹.
867 584 886 606 »
909 568 1022 609 Ecce
1038 565 1156 610 unde
1173 565 1329 624 gratias
1345 566 1434 624 agit
1452 565 1572 610 miles
1588 565 1819 610 acerrimus

439 644 482 679 et
502 634 704 681 defensor
725 636 1038 680 invectissimus
1059 637 1207 693 gratiae
1232 655 1241 680 ε
1266 651 1364 680 ecce
1386 634 1504 680 unde
1526 636 1682 695 gratias
1703 637 1812 695 agit,
1882 690 1884 697 ¹

438 707 539 766 quia
561 707 719 751 Christi
741 707 882 751 bonus
904 707 1013 751 odor
1035 716 1137 752 sunt
1165 706 1359 766 Apostoli
1383 710 1495 762 Deo,
1520 716 1564 751 et
1585 708 1631 751 in
1658 708 1724 752 his
1743 708 1819 768 qui

438 776 543 822 salvi
563 778 675 822 fiunt
700 777 834 835 gratia
859 778 951 836 ejus
967 813 978 833 ,
1010 787 1053 822 et
1070 777 1115 821 in
1133 777 1198 821 his
1217 778 1291 837 qui
1315 786 1500 836 pereunt
1524 777 1690 836 judicio
1710 777 1816 836 ejus.

439 846 523 891 Sed
556 857 604 891 ut
631 847 774 892 minus
801 857 1104 892 succenseatur
1130 848 1225 892 haec
1260 863 1411 907 parum
1446 846 1815 905 intelligentibus,

437 918 527 976 ipse
554 916 780 974 admonet,
805 934 905 963 cum
935 918 1131 978 adjungit
1158 928 1201 962 et
1228 918 1332 963 dicit
1359 935 1370 962 .·
1399 936 1418 960 α
1439 920 1496 962 Et
1519 918 1573 962 ad
1599 918 1694 962 haec
1721 917 1819 978 quis
1881 956 1884 969 ,

442 1007 460 1029 »
488 988 726 1033 idoneus2?
750 1010 766 1030 »
795 992 954 1033 Verum
978 989 1204 1033 redeamus
1225 989 1279 1032 ad
1301 989 1396 1033 ostii
1419 988 1684 1047 apertionem
1701 1022 1712 1043 ,
1732 1004 1820 1048 qua

438 1058 609 1102 initium
632 1057 734 1103 fidei
757 1059 1028 1103 audientium
1056 1059 1313 1117 significavit
1341 1059 1589 1118 Apostolus.
1619 1058 1736 1111 Quid
1756 1065 1820 1102 est
1883 1051 1884 1066 ³

439 1129 553 1172 enim
576 1148 584 1173 ε
615 1147 634 1170 «
654 1130 836 1173 Orantes
857 1129 985 1174 simul
1008 1139 1049 1174 et
1072 1145 1150 1188 pro
1171 1129 1318 1181 nobis,
1345 1138 1394 1172 ut
1417 1131 1529 1172 Deus
1552 1128 1716 1186 aperiat
1737 1143 1820 1173 no-

442 1216 461 1238 »
497 1199 558 1242 bis
592 1199 747 1242 ostium
784 1200 969 1243 verbi³;
1007 1218 1026 1240 »
1061 1199 1141 1242 nisi
1178 1199 1442 1257 apertissima
1478 1197 1817 1253 demonstratio,

439 1268 568 1311 etiam
596 1268 736 1326 ipsum
769 1269 940 1311 initium
972 1267 1073 1311 fidei
1106 1282 1196 1312 esse
1228 1267 1394 1311 donum
1431 1267 1539 1311 Dei?
1569 1269 1667 1312 Non
1697 1261 1822 1310 >enim

438 1337 603 1381 orando
630 1347 850 1395 peteretur
884 1339 939 1381 ab
972 1353 1049 1392 eo,
1079 1338 1159 1381 nisi
1186 1338 1241 1382 ab
1267 1339 1358 1397 ipso
1392 1338 1524 1382 tribui
1555 1336 1819 1382 crederetur.

439 1409 532 1451 Hoc
552 1408 717 1452 donum
738 1407 922 1452 eoelestis
946 1408 1094 1467 gratiae
1120 1408 1162 1451 in
1185 1407 1301 1452 illam
1327 1409 1630 1467 purpurariam
1650 1407 1823 1452 descen-

439 1478 584 1533 derat,
603 1480 673 1523 cui
690 1514 700 1534 ,
722 1480 832 1523 sicut
851 1480 1070 1539 Scriptura
1088 1479 1193 1524 dicit
1215 1481 1260 1523 in
1278 1480 1459 1524 Actibus
1482 1479 1792 1539 Apostolorum
1812 1498 1821 1525 ι

445 1568 463 1591 «
491 1552 603 1593 Deus
628 1560 854 1609 aperuerat
876 1566 1047 1594 sensum
1070 1552 1182 1610 ejus,
1207 1560 1250 1594 et
1272 1550 1527 1594 intendebat
1548 1550 1592 1594 in
1614 1565 1663 1594 ea
1680 1565 1780 1610 quae
1802 1565 1827 1594 a

445 1638 464 1661 »
485 1620 619 1664 Paulo
631 1620 924 1665 dicebantur-4.
944 1642 959 1662 »
978 1622 1044 1666 Sic
1060 1621 1175 1664 enirn
1187 1621 1423 1666 vocabatur
1436 1630 1485 1665 ut
1497 1620 1708 1665 crederet.
1725 1621 1828 1679 Agit

442 1692 603 1750 quippe
632 1694 745 1735 Deus
766 1692 886 1751 quod
908 1691 1003 1736 vult
1024 1693 1068 1735 in
1091 1692 1294 1736 cordibus
1317 1692 1545 1736 hominum
1563 1726 1575 1746 ,
1604 1691 1674 1736 vel
1698 1690 1826 1750 adju-

443 1762 589 1806 vando
606 1797 616 1816 ,
642 1762 710 1807 vel
730 1761 994 1821 judicando,
1027 1772 1076 1806 ut
1094 1763 1223 1806 etiam
1250 1778 1327 1821 per
1355 1778 1426 1807 eos
1453 1761 1686 1821 impleatur
1707 1762 1829 1822 quod

444 1848 595 1877 manus
617 1834 708 1891 ejus
729 1842 772 1876 et
794 1833 1023 1877 consilium
1042 1832 1362 1891 praedestinavit
1380 1834 1487 1877 fieri.

499 1904 636 1946 XLII.
677 1906 854 1947 Frustra
878 1904 1024 1964 itaque
1046 1905 1176 1948 etiam
1198 1902 1333 1959 illud,
1358 1903 1477 1963 quod
1504 1907 1754 1962 Regnorum
1787 1912 1831 1948 et

443 1973 806 2032 Paralipomenon
840 1975 1059 2032 Scriptura
1088 1983 1195 2018 teste
1220 1975 1525 2032 probavimus⁵
1549 2009 1560 2029 ,
1592 1990 1691 2018 cum
1716 1977 1830 2019 Deus

443 2043 538 2087 vult
568 2043 659 2086 fieri
694 2042 815 2102 quod
848 2059 938 2087 non
971 2043 1051 2087 nisi
1086 2043 1335 2088 volentibus
1368 2044 1620 2089 hominibus
1659 2053 1832 2104 oportet

444 2113 535 2156 fieri
553 2148 563 2167 ,
588 2112 786 2157 inclinari
808 2128 957 2157 eorum
981 2114 1112 2158 corda
1136 2124 1186 2158 ut
1206 2115 1289 2159 hoc
1311 2115 1449 2159 velint
1467 2150 1478 2169 ,
1507 2131 1558 2160 eo
1583 2115 1744 2160 scilicet
1763 2116 1832 2159 in-

446 2183 656 2238 clinante,
682 2184 757 2243 qui
779 2185 825 2227 in
844 2184 968 2228 nobis
987 2184 1172 2228 mirabili
1191 2184 1382 2229 modoet
1399 2185 1610 2230 ineffabili
1628 2193 1832 2245 operatur

446 2263 488 2297 et
520 2253 656 2308 velle,
690 2254 745 2298 ad
771 2269 941 2298 causam
970 2254 1025 2298 de
1062 2271 1147 2315 qua
1184 2255 1456 2312 disserimus,
1494 2272 1583 2301 non
1614 2257 1832 2316 pertinere

448 2323 665 2368 dixerunt.
692 2324 808 2377 Quid
831 2335 893 2369 est
916 2325 1057 2381 aliud,
1082 2325 1190 2369 nihil
1212 2326 1355 2371 dicere
1371 2362 1382 2382 ,
1412 2337 1455 2371 et
1483 2336 1630 2372 tamen
1655 2335 1832 2372 contra-

449 2395 624 2438 dicere?
652 2395 732 2439 nisi
757 2395 871 2439 forte
894 2411 972 2440 cur
1000 2398 1058 2440 eis
1086 2398 1170 2441 hoc
1195 2397 1335 2441 visum
1359 2397 1439 2453 sit,
1471 2398 1683 2442 rationem
1711 2398 1833 2442 vobis

451 2464 637 2523 aliquam
667 2464 973 2522 reddiderunt,
1005 2482 1136 2526 quam
1166 2482 1241 2512 vos
1268 2468 1314 2511 in
1336 2467 1490 2513 litteris
1516 2468 1667 2514 vestris
1689 2477 1832 2514 tacere

503 2574 509 2589 ¹
533 2576 552 2599 2
576 2570 647 2599 Cor.
668 2579 702 2609 n,
735 2568 769 2610 14
787 2574 819 2601 et
839 2569 887 2601 15.
904 2587 944 2592 —
958 2576 970 2591 ²
990 2569 1071 2602 Ibid.
1098 2572 1148 2602 16.
1165 2587 1206 2594 -—
1222 2568 1236 2593 3
1254 2572 1373 2603 Coloss.
1391 2583 1436 2611 iv,
1466 2574 1496 2604 3.
1513 2589 1554 2595 —
1569 2570 1584 2603 4
1599 2573 1671 2605 Act,
1691 2582 1757 2614 xvi,
1779 2570 1829 2613 14.

455 2622 523 2646 ——5
551 2625 596 2656 ld.
620 2636 667 2665 iv,
689 2625 740 2657 28.
757 2643 797 2647 -—
813 2625 827 2645 ⁶
851 2639 861 2658 1
885 2629 960 2667 Reg.
981 2637 1011 2658 x.
1031 2626 1086 2667 25,
1107 2631 1140 2659 et
1163 2639 1172 2659 1
1194 2629 1263 2660 Par.
1284 2639 1318 2669 u,
1339 2628 1388 2660 18.
