1821 3264
411 277 463 303 DE
495 277 782 304 CORREPTIONE
815 279 867 306 ΕΤ
898 279 1067 307 enirm.
1382 275 1430 311 21

56 359 152 388 rum
172 378 182 398 ,
212 352 254 386 et
275 340 484 402 quosdam
507 341 617 385 filios
639 341 916 386 inimicorum
943 361 1119 390 suorum
1144 345 1247 392 facit
1268 348 1314 391 in
1341 364 1434 393 ma-

54 429 136 459 nus
151 412 493 459 Christianorum
513 412 658 455 venire
670 446 681 467 ,
703 421 746 456 et
762 427 838 472 per
856 414 939 457 hoc
957 415 1176 460 lavacrum
1199 417 1438 464 introducit

54 484 99 528 in
122 497 326 541 regnum,
347 498 371 526 a
391 497 480 541 quo
502 496 652 525 eorum
670 491 870 542 parentes
888 483 1016 528 alieni
1035 495 1162 544 sunt3
1182 503 1281 531 cum
1297 498 1339 533 et
1352 489 1436 533 illis

53 553 217 597 malum
236 588 246 607 ,
279 561 322 596 et
348 553 437 596 istis
459 551 626 596 bonum
643 553 844 597 meritum
869 553 1042 598 nullum
1071 555 1125 600 sit
1151 557 1362 615 parvulis,
1387 574 1438 603 ex

52 638 202 668 eorum
226 622 400 682 propria
422 622 660 667 voluntate.
687 625 814 668 Certe
835 625 906 668 hic
918 624 1082 685 judicia
1103 626 1208 681 Dei,
1230 629 1437 687 quoniam

47 698 162 755 justa
185 702 228 737 et
245 692 330 737 alta
352 702 476 748 sunt,
502 708 581 737 nec
602 694 838 753 vituperari
861 705 1069 754 possunt,
1098 711 1178 740 nec
1202 699 1433 755 penetrari.

51 768 101 809 In
119 765 184 808 his
205 773 268 809 est
285 774 328 825 et
349 764 459 808 illud
484 763 540 808 de
562 766 898 823 perseverantia,
926 766 981 810 de
1003 783 1089 827 qua
1106 783 1225 811 nunc
1242 768 1438 828 disputa-

49 851 161 880 mus.
188 838 250 879 De
269 836 466 895 utrisque
483 850 586 894 ergo
603 836 916 892 exclamemus,
942 856 962 879 «
993 838 1029 881 Ο
1053 836 1239 882 altitudo
1261 840 1437 885 divitia-

54 926 71 947 »
95 921 193 950 rum
214 906 434 965 sapientiae
451 915 494 951 et
522 906 714 952 scientiae
735 907 835 964 Dei,
865 923 995 968 quam
1015 908 1315 954 inscrutabilia
1336 920 1439 956 sunt

51 995 72 1018 »
91 977 252 1037 judicia
268 979 359 1038 ejus
374 979 404 1021 1·
427 995 447 1019 >›

105 1049 228 1091 XIX.
259 1050 347 1093 Nec
368 1048 574 1092 miremur
595 1063 674 1093 nos
701 1048 911 1108 vestigare
932 1064 1022 1093 non
1051 1064 1175 1108 posse
1205 1050 1439 1110 investiga-

47 1118 156 1162 biles
183 1118 271 1163 vias
299 1120 407 1178 ejus.
441 1121 498 1163 Ut
522 1119 636 1164 enim
670 1119 1103 1164 aliainnumerabilia
1120 1130 1286 1165 taceam
1303 1156 1313 1176 ,
1340 1137 1440 1181 quae

49 1188 140 1234 aliis
155 1189 336 1245 dantur,
367 1190 459 1234 aliis
481 1206 570 1235 non
600 1192 762 1235 dantur
783 1192 1036 1236 hominibus
1066 1209 1090 1236 a
1113 1193 1300 1237 Domino
1323 1195 1436 1249 Deo,

48 1259 165 1319 apud
180 1276 310 1319 quem
328 1276 417 1305 non
436 1270 499 1304 est
514 1262 708 1320 acceptio
731 1277 1013 1321 personarum
1027 1266 1061 1317 2,
1082 1278 1161 1307 nec
1183 1264 1439 1307 tribuuntur

48 1330 127 1374 ista
169 1330 332 1374 meritis
363 1330 664 1384 voluntatum,
704 1332 816 1375 sicut
858 1341 960 1376 sunt
990 1331 1230 1378 celeritates
1248 1369 1258 1389 ,
1298 1335 1408 1378 vires
1424 1369 1436 1388 ,

48 1401 175 1445 bonae
204 1400 502 1455 veletudines,
535 1410 578 1445 et
609 1401 958 1461 pulchritudines
991 1416 1240 1461 corporum,
1266 1404 1440 1462 ingenia

46 1471 281 1526 mirabilia,
309 1481 351 1515 et
368 1471 605 1515 multarum
633 1472 791 1516 artium
814 1487 990 1532 capaces
1006 1481 1174 1516 naturae
1197 1474 1438 1531 mentium,

46 1541 115 1585 vel
133 1557 232 1601 quae
254 1542 468 1586 accedunt
485 1542 772 1597 extrinsecus,
796 1551 846 1586 ut
863 1551 926 1586 est
947 1542 1193 1601 opulentia,
1219 1543 1436 1597 nobilitas,

47 1613 255 1667 honores,
281 1623 323 1656 et
348 1623 501 1657 caetera
534 1613 809 1673 hujusmodi,
843 1629 941 1674 quae
964 1613 1150 1673 quisque
1174 1622 1224 1657 ut
1253 1614 1436 1669 habeat,

46 1700 136 1728 non
159 1685 239 1728 nisi
262 1684 306 1728 in
342 1685 417 1728 Dei
445 1694 508 1729 est
529 1694 742 1744 potestate
775 1704 783 1729 z
808 1694 857 1729 ut
893 1700 982 1729 non
1015 1685 1220 1728 immorer
1243 1684 1373 1728 etiam
1396 1686 1439 1728 in

48 1754 306 1813 baptismate
329 1755 633 1814 parvulorum,
659 1756 808 1815 (quod
833 1754 981 1798 nullus
1008 1754 1191 1798 istorum
1213 1764 1356 1814 potest
1376 1754 1440 1798 di-

52 1839 168 1877 cere,
193 1824 303 1867 sicut
324 1824 419 1879 illa,
445 1824 500 1868 ad
531 1840 714 1883 regnum
743 1826 820 1868 Dei
853 1839 943 1867 non
976 1824 1243 1882 pertinere,)
1271 1840 1348 1868 cur
1376 1824 1439 1867 illi

51 1894 233 1954 parvulo
256 1893 410 1949 detur,
435 1894 498 1937 illi
521 1910 610 1938 non
636 1894 789 1952 detur3
821 1909 922 1938 cum
944 1894 998 1938 sit
1028 1903 1265 1952 utrumque
1290 1894 1336 1936 in
1357 1909 1439 1952 po-

51 1973 202 2008 testate
218 1964 311 2017 Dei,
333 1972 376 2007 et
398 1965 489 2007 sine
506 1963 581 2007 illo
599 1973 870 2007 sacramento
893 1978 1022 2006 nemo
1041 1964 1175 2006 intret
1189 1962 1235 2005 in
1256 1977 1437 2020 regnum

49 2034 125 2078 Dei
154 2054 161 2078 :
190 2043 240 2078 ut
265 2050 368 2093 ergo
390 2035 484 2078 haec
515 2043 682 2078 taceam
703 2034 773 2079 vel
796 2033 1038 2094 relinquam
1054 2067 1064 2087 ‚
1099 2031 1195 2077 illos
1220 2034 1334 2091 ipsos
1367 2033 1438 2077 in-

49 2114 254 2149 tueantur
278 2105 332 2149 de
354 2105 515 2164 quibus
538 2105 695 2163 agitur.
722 2107 784 2148 De
817 2105 882 2148 his
918 2104 1035 2147 enim
1068 2102 1332 2158 disserimus,
1365 2104 1440 2162 qui

49 2176 411 2233 perseverantiam
434 2175 640 2219 bonitatis
658 2190 748 2219 non
770 2174 951 2229 habent,
978 2173 1054 2218 sed
1077 2189 1127 2217 ex
1148 2173 1265 2218 bono
1287 2174 1332 2217 in
1349 2189 1442 2217 ma-

48 2245 142 2290 lum
159 2245 388 2290 deficiente
402 2245 517 2289 bona
533 2245 760 2289 voluntate
778 2244 1040 2288 moriuntur.
1061 2244 1386 2304 Respondeant,
1406 2243 1440 2289 si

50 2325 254 2375 possunt,
274 2331 350 2360 cur
371 2315 467 2359 illos
484 2318 614 2371 Deus,
636 2331 736 2359 cum
758 2315 946 2359 fideliter
963 2323 1006 2359 et
1028 2316 1096 2374 pie
1113 2315 1330 2369 viverent,
1351 2329 1440 2375 non

50 2396 156 2432 tunc
180 2387 234 2430 de
261 2387 358 2431 vitae
391 2387 523 2446 hujus
554 2386 757 2446 periculis
782 2386 953 2445 rapuit,
988 2401 1043 2429 ne
1064 2385 1228 2429 malitia
1253 2393 1440 2432 mutaret.

50 2457 320 2502 intellectum
342 2473 491 2502 eorum
508 2493 518 2512 ,
543 2466 585 2501 et
607 2472 661 2501 ne
679 2458 796 2501 fictio
817 2457 1036 2516 deciperet
1058 2457 1219 2501 animas
1242 2455 1437 2499 eorum3.

51 2530 204 2572 Utrum
229 2529 311 2572 hoc
333 2528 377 2571 in
402 2536 613 2587 potestate
640 2543 730 2572 non
751 2527 928 2581 habuit,
960 2542 1016 2571 an
1041 2542 1190 2571 eorum
1228 2524 1339 2569 mala
1367 2525 1437 2568 fur>

104 2614 220 2644 'Rom
244 2623 286 2652 xi,
308 2612 347 2641 3⁹,
379 2629 415 2634 ——
436 2618 446 2633 ²
470 2612 514 2642 td.
535 2624 567 2648 ιι,
591 2623 641 2644 11.
660 2628 698 2634 m
718 2610 730 2634 3
752 2613 965 2653 Sap.1v‚11.
