1884 3285
453 258 541 296 270
889 266 922 290 s.
958 261 1188 290 *uenatum
1223 262 1404 289 EPISCOPI

452 351 472 372 »
500 331 616 374 enim
642 342 797 388 operor
818 328 988 385 ignoro,
1019 343 1109 371 non
1140 327 1253 371 enim
1277 326 1397 385 quod
1426 325 1527 370 volo
1564 339 1645 383 ago
1668 326 1682 351 ¹
1709 341 1717 367 :
1743 343 1765 367 »
1793 334 1862 373 et&

447 410 601 445 caetera
623 397 872 458 hujusmodi
893 419 906 455 .·,
935 399 1065 442 etiam
1083 398 1116 441 si
1138 398 1250 442 hanc
1282 396 1572 440 mutationem
1599 411 1690 441 non
1712 397 1757 440 in
1785 412 1864 443 eoi

447 468 652 514 nascendi
671 469 799 512 traxit
819 468 1032 523 conditio,
1056 468 1149 523 sed,
1183 477 1233 512 ut
1251 466 1404 521 vultis,
1425 466 1638 510 contraxit
1652 440 1866 517 consueal

447 541 555 584 tudo
584 538 825 598 peccandi?
863 540 1148 584 Cernitis-ne
1165 572 1176 593 ,
1214 552 1376 581 vanum
1412 551 1502 581 esse
1526 537 1648 596 quod
1676 537 1841 597 dicitis,
1856 523 1865 547 ’Ξ

444 620 622 670 peccato
657 610 844 655 hominis
877 626 967 654 non
999 619 1170 653 naturae
1196 618 1355 653 statum
1386 609 1562 663 mutari,
1592 607 1668 652 sed
1696 608 1843 655 meriti,

445 681 697 741 qualitatem
721 683 738 723 ’ἲ
760 681 849 726 Nisi
864 680 977 724 forte
998 679 1172 733 dicatis,
1205 695 1293 723 non
1311 688 1511 722 naturam
1537 686 1717 737 peccato
1745 693 1845 723 mu-.

445 753 542 807 tari,
565 754 639 796 sed
659 752 896 796 hominem.
923 754 978 795 Et
997 751 1102 811 quid
1126 760 1189 795 est
1211 751 1311 805 hoc,
1327 751 1408 793 nisi
1437 749 1658 794 hominem
1680 764 1836 807 negare
1855 797 1860 809 ,

444 837 534 865 esse
567 831 765 866 naturam
792 823 810 865 P
832 820 1020 874 Quando
1047 822 1126 866 ista
1152 821 1352 866 diceretis
1372 855 1383 876 ,
1414 820 1449 864 si
1467 820 1713 879 cogitaretis
1732 835 1843 866 sana.

442 901 589 936 mente
602 892 724 951 quod
742 892 886 936 dicitis
919 894 936 933 ἱ)
1861 878 1864 883 ’

500 964 679 1007 XCVII.
739 965 968 1006 humus.
1021 980 1041 1003 «
1080 961 1349 1006 Manichaeus
1383 960 1488 1004 dicit
1511 994 1523 1015 ,
1561 958 1837 1004 voluntatem

440 1032 599 1076 malam
628 1033 683 1076 ab
718 1048 768 1077 ea
800 1032 1000 1091 inspirari
1028 1040 1184 1075 natura
1205 1066 1216 1086 ,
1253 1047 1352 1091 quae
1389 1032 1557 1074 bonum
1594 1029 1706 1074 velle
1744 1044 1843 1074 nonr

441 1112 610 1161 potest3
627 1103 901 1146 voluntatem
916 1117 1019 1146 vero
1035 1102 1196 1145 bonam
1220 1101 1274 1144 ab
1289 1116 1338 1144 ea
1354 1099 1530 1143 infundi
1546 1108 1718 1153 natur,a
1735 1114 1847 1159 quae

441 1172 606 1215 malum
633 1172 744 1217 velle
765 1188 855 1216 non
885 1181 1070 1230 potest3
1095 1172 1155 1214 ita
1178 1170 1331 1230 utique
1365 1170 1531 1213 naturis
1563 1169 1838 1228 singularum

441 1258 585 1286 rerum
618 1243 805 1301 imponit
837 1242 1169 1297 necessitatem,
1191 1250 1238 1285 ut
1265 1241 1450 1300 propriae
1478 1239 1724 1284 voluntates
1745 1250 1862 1284 non

441 1313 606 1372 possint
627 1313 740 1358 velle
762 1313 994 1357 contraria.
1033 1315 1150 1356 Inter
1183 1328 1260 1356 nos
1295 1320 1338 1355 et
1365 1311 1489 1354 illum
1522 1319 1638 1355 certe
1670 1309 1834 1368 grande
1862 1362 1866 1368 ι

440 1384 568 1428 chaos
591 1393 655 1428 est
682 1403 691 1429 z
725 1384 949 1427 videamus
973 1399 1091 1427 nunc
1107 1392 1322 1442 quantum
1346 1382 1402 1425 ab
1434 1396 1485 1425 eo
1520 1390 1569 1425 tu
1593 1380 1829 1424 recesseris.
1858 1371 1868 1419 ᾗ,

440 1455 553 1498 Dicis
575 1470 663 1498 esse
685 1454 866 1497 liberam
880 1453 1257 1508 voluntatem‚sed
1275 1461 1324 1496 ut
1342 1451 1504 1495 malum
1523 1449 1832 1495 tantummodo
1864 1480 1866 1482 -

439 1524 585 1578 faciat,
611 1541 700 1570 non
723 1534 868 1569 autem
891 1541 981 1569 esse
1003 1526 1047 1568 in
1069 1525 1152 1569 hoc
1173 1524 1372 1578 liberam,
1398 1532 1448 1567 ut
1472 1522 1634 1567 malum
1657 1522 1836 1566 desistat.
1863 1570 1866 1575 .

440 1597 623 1655 operari,
649 1596 729 1639 nisi
753 1596 792 1639 ei
813 1595 944 1639 fuerit
966 1595 1166 1655 imposita
1198 1595 1428 1639 necessitas
1449 1593 1626 1638 volendi
1643 1594 1829 1647 honum,
1859 1591 1868 1643 *ζ

440 1666 495 1710 ab
523 1681 572 1709 ea
592 1675 763 1720 natura,
784 1675 961 1725 quae‚ut
980 1667 1064 1709 tuis
1084 1676 1180 1709 utar
1197 1664 1485 1719 sermonibus,
1514 1683 1532 1705 »
1561 1663 1723 1706 malum
1742 1677 1834 1706 non
1859 1670 1869 1693 ἵ

439 1745 581 1795 potest
595 1737 705 1780 velle
719 1740 752 1780 ².
775 1756 794 1778 «
816 1738 977 1781 Definis
992 1752 1114 1794 ergo,
1137 1751 1272 1795 genus
1290 1735 1519 1779 hominum
1545 1749 1621 1793 per
1641 1732 1831 1777 liberum

439 1807 668 1851 arbitrium
703 1807 812 1851 nihil
837 1807 956 1852 aliud
979 1823 1111 1868 quam
1134 1822 1312 1867 peccare
1329 1840 1341 1861 ‚
1369 1821 1450 1850 nec
1472 1804 1592 1848 aliud
1615 1819 1738 1864 posse
1761 1802 1830 1849 fa-

438 1893 550 1922 cere.
579 1882 659 1922 Per
681 1879 800 1937 quod
826 1877 1025 1923 absolute
1055 1878 1337 1938 pronuntiaS‚
1366 1877 1604 1920 humanam
1629 1884 1836 1920 naturam
1864 1918 1868 1933 Ι

438 1964 577 1992 unum
599 1964 767 2007 semper
791 1964 950 2007 cupere
976 1949 1097 2008 quod
1116 1948 1280 1992 malum
1306 1956 1386 2001 est,
1405 1955 1448 1990 et
1463 1945 1576 1991 velle
1594 1960 1683 1990 non
1707 1959 1833 2004 posse

438 2019 704 2062 contrarium
728 2029 952 2063 :naturam
977 2028 1123 2062 autem
1147 2020 1223 2063 Dei
1245 2017 1410 2061 malum
1436 2032 1524 2060 non
1539 2031 1663 2075 posse
1683 2014 1796 2059 velle
1815 2035 1833 2073 3-
1858 2014 1868 2057 Ξ

438 2097 482 2132 et
517 2088 617 2133 ideo
637 2123 648 2144 ,
684 2088 761 2132 nisi
787 2089 1050 2132 necessitatis
1082 2103 1171 2132 suae
1206 2087 1459 2147 participem
1491 2086 1643 2130 fecerit
1670 2084 1830 2129 malam
1864 2111 1865 2114 =

437 2159 667 2203 hominum
691 2168 908 2214 naturam,
933 2159 1099 2203 bonum
1118 2159 1164 2202 in
1182 2174 1230 2202 ea
1264 2158 1444 2202 actionis
1465 2171 1554 2201 esse
1575 2171 1664 2200 non
1683 2170 1822 2214 posse.
1862 2208 1867 2223 1

438 2233 542 2274 Post
561 2231 656 2274 haec
672 2230 819 2289 itaque
847 2239 993 2273 utrum
1022 2245 1111 2273 non
1137 2228 1326 2272 multum
1363 2242 1478 2272 ames
1505 2226 1824 2281 Manichaeum,
1864 2238 1868 2289 j

437 2300 484 2343 in
526 2300 666 2344 cordis
696 2300 759 2344 tui
791 2309 955 2344 secreto
997 2303 1112 2344 Deus
1141 2298 1296 2343 viderit
1325 2318 1334 2342 :
1361 2306 1575 2358 quantum
1607 2306 1754 2340 tamen
1774 2310 1826 2339 ex

438 2370 695 2429 dogmatum
718 2372 998 2428 germanitate
1016 2378 1314 2414 monstrantur
1334 2403 1344 2422 ‚
1371 2366 1481 2411 nihil
1504 2365 1624 2410 aliud
1651 2380 1825 2424 prorsus
1862 2367 1870 2398 '2

439 2441 580 2499 egisti,
615 2455 746 2500 quam
777 2449 826 2484 ut
844 2441 996 2485 ordine
1017 2447 1284 2485 commutato
1315 2437 1431 2481 idem
1457 2436 1578 2497 quod
1606 2435 1680 2480 ille
1705 2436 1823 2481 affir-

439 2520 578 2554 marat
597 2520 824 2554 astrueres.
848 2527 868 2551 »

488 2599 497 2617 ¹
517 2595 609 2627 Rom.
626 2604 682 2634 vn,
704 2593 741 2635 14
759 2598 793 2626 et
810 2593 860 2627 15.
877 2610 917 2617 —-
930 2592 1009 2627 Vide
1021 2592 1076 2626 lib.
1093 2604 1102 2626 ι
1119 2596 1232 2626 contra
1245 2592 1321 2625 duas
1335 2591 1435 2635 Epist.
1451 2590 1607 2634 Pelagian.
1622 2600 1696 2633 cap.
1713 2587 1745 2622 3.
