1821 3264
1 0 31 143 ΙΙ

25 204 29 223 i

25 227 29 241 Ι

24 268 28 306 Ι
249 261 392 287 orastis
426 259 600 286 IMPERF.
636 260 799 286 CONTRA
833 262 1001 288 sulm.
1040 264 1120 288 Lm.
1159 265 1204 288 11.
1339 251 1419 289 387

101 330 392 370 Avensa—mus.
420 327 533 383 Ergo
566 334 792 384 peccatum
815 326 922 371 Adae
943 327 1084 386 ipsum
1120 326 1261 371 solum
1288 327 1421 382 laesit,

47 412 132 442 non
153 405 196 439 et
218 410 351 453 genus
377 396 634 440 humanum.
661 399 758 441 Non
777 399 889 441 enim
911 398 955 442 in
978 407 1146 442 tantum
1171 399 1250 441 eris
1272 398 1425 442 absur-

45 466 145 522 dus,
165 475 215 510 ut
238 466 380 520 dicas,
407 476 586 525 peccato
614 468 705 526 ejus
737 467 858 512 laesos
891 484 980 512 csse
1005 468 1073 512 vel
1106 469 1205 512 laedi
1233 469 1427 513 homines

0 464 25 614 i»
46 539 305 592 nescientes,
328 536 398 581 vel
421 552 509 581 non
531 537 754 582 credentes
778 548 926 583 utrum
954 538 1108 594 fuerit,
1136 548 1177 583 et
1199 540 1306 599 quid
1328 555 1429 598 cge-

22 606 125 682 Ιτίῐε
150 610 251 670 quia
282 608 360 652 etsi
391 609 632 652 nescientes
668 610 863 654 homines
888 610 1054 671 aliquid
1092 612 1339 665 imitantur,
1380 626 1431 655 eo

48 690 190 726 tamen
210 689 390 739 peccato
424 678 526 723 laedi
549 689 592 723 et
616 681 707 723 ficri
730 690 996 740 peccatores,
1020 680 1138 741 quod
1165 690 1265 724 ante
1292 697 1430 724 anno-

46 767 139 798 rum
162 750 294 795 millia
318 750 484 795 factum
508 766 598 795 esse
627 751 848 807 nesciunt,
875 753 1000 796 nimis
1029 753 1280 811 insipienter
1302 752 1431 810 dicis;

20 861 27 890 Ι,
47 824 125 869 nisi
145 824 229 868 hoc
252 832 479 883 peccatum
505 823 559 866 ad
587 837 738 867 omnes
761 824 1036 882 generatione
1064 824 1264 867 transisse
1301 822 1436 867 fatea-

0 893 24 946 Ι
47 894 115 938 ris.
137 896 333 938 Dicentes
354 903 499 938 autem
518 892 638 953 quod
660 894 767 937 Adae
785 903 1012 953 peccatum
1035 894 1175 952 ipsum
1200 895 1339 937 solum
1359 893 1435 936 lae-

4 950 25 1028 t}
47 965 187 1020 serit1,
213 973 256 1009 et
285 980 371 1008 non
405 980 540 1023 genus
570 965 813 1009 humanum
830 1000 840 1020 ,
867 965 947 1008 nisi
966 965 1191 1008 damnaret
1211 964 1432 1022 Pelagius,

0 1027 16 1090 ’ξι
47 1036 327 1081 damnaretur
355 1035 411 1078 ab
441 1034 500 1078 eis
527 1035 774 1095 judicibus,
806 1036 881 1095 qui
906 1034 1135 1080 Manichaei
1168 1035 1319 1093 utique
1348 1049 1435 1078 non

4 1096 21 1167 1}
49 1116 165 1151 sunt.

4 1170 24 1242 ΙΙ
105 1179 263 1222 CVIII.
285 1179 512 1220 JLLIANLS.
536 1178 681 1221 Gratia
713 1192 814 1221 vero
841 1176 1010 1220 Domini
1034 1179 1137 1220 Jesu
1166 1175 1325 1220 Christi
1349 1190 1434 1219 non

48 1256 108 1292 est
129 1247 188 1291 ita
210 1246 333 1302 data,
352 1255 402 1290 ut
422 1262 499 1305 per
516 1246 684 1306 singula
709 1255 898 1305 peccata,
919 1248 1038 1306 quasi
1065 1261 1139 1306 per
1160 1245 1329 1304 singula
1347 1244 1438 1289 vul-

47 1333 170 1374 nera,
204 1318 373 1377 singula
407 1334 586 1379 quoque
618 1318 905 1377 indulgentiae
937 1318 1125 1362 remedia
1158 1316 1434 1377 provideret,

14 1406 20 1461 ἶ
47 1389 310 1450 diversisque
344 1391 675 1449 baptismatibus
709 1390 896 1449 peccatis
919 1390 1046 1434 variis
1074 1390 1243 1433 veniam
1269 1388 1439 1447 praebe-

7 1461 25 1522 ζ’
47 1471 112 1506 ret
138 1480 147 1506 ε
173 1461 248 1505 sed
262 1476 341 1520 pro
359 1461 664 1505 efficacissimae
690 1470 899 1519 potestate
919 1460 1159 1514 medicinae,
1181 1475 1280 1519 quae
1295 1459 1438 1502 crimi-

47 1532 194 1587 nibus,
219 1531 263 1576 id
283 1541 374 1586 est,
413 1531 537 1575 malae
569 1531 804 1575 voluntatis
837 1531 1041 1590 operibus
1077 1531 1357 1584 admovetur,
1382 1530 1440 1573 ita

14 1599 19 1658 Ι
49 1603 336 1649 communiter
367 1602 595 1657 subvenit,
623 1611 671 1647 ut
701 1601 887 1647 diversas
918 1602 1079 1661 species
1097 1610 1295 1645 reatuum
1313 1601 1440 1644 unius

15 1676 17 1738 f
49 1675 90 1720 vi
107 1673 443 1720 consecrationis
464 1673 697 1732 abstergat.

13 1739 17 1802 ᾗ
108 1749 400 1790 Αυαυετιωε.
447 1743 873 1803 Quomodocumque
912 1743 1027 1787 dicas
1073 1742 1217 1786 datam
1261 1741 1441 1800 gratiam

12 1808 19 1857 7.
51 1817 224 1862 Domini
264 1819 366 1860 Jesu
397 1815 581 1868 Christi,
619 1829 789 1872 separas
828 1813 882 1857 ab
911 1829 959 1857 ea
996 1812 1219 1872 parvulos,
1253 1828 1362 1873 quos
1394 1828 1442 1856 ea

52 1888 189 1933 salvos
212 1888 303 1931 fieri
325 1901 455 1944 negas
482 1904 491 1929 :
519 1894 567 1929 ut
588 1883 887 1929 scilicetvobis
909 1884 998 1942 ipsa
1019 1883 1230 1928 vocabula
1253 1899 1332 1940 pro
1355 1898 1444 1926 ves-

14 1949 17 2016 ξ
53 1967 119 2002 tro
141 1957 318 2002 arbitrio
341 1954 655 2008 dividentibus,
682 1955 879 1998 Christus
912 1954 966 1997 ad
997 1953 1199 2012 parvulos
1230 1953 1443 2011 pertinere

53 2028 252 2074 videatur
280 2036 458 2087 propter
493 2040 672 2083 regnum
707 2025 805 2078 Dei,
839 2039 928 2083 quo
963 2039 1051 2067 non
1090 2023 1170 2066 nisi
1206 2024 1443 2082 baptizatos

15 2089 17 2138 ἶ
54 2116 177 2160 posse
207 2099 439 2160 pervenire
461 2096 721 2153 conceditis,
753 2098 876 2139 Jesus
909 2104 1055 2138 autem
1076 2095 1129 2138 sit
1152 2095 1205 2138 ab
1229 2095 1288 2138 eis
1320 2110 1446 2154 pror-

12 2179 17 2227 ]
54 2187 124 2216 sus
148 2171 329 2224 alienus,
356 2169 565 2229 quoniam
580 2183 668 2212 non
691 2167 737 2210 in
753 2166 837 2210 illis
855 2175 1080 2225 operatur,
1100 2164 1218 2209 unde
1244 2166 1328 2210 hoc
1365 2181 1444 2210 vo·-

56 2251 194 2287 catur.
243 2241 461 2299 Scriptum
494 2250 557 2283 est
588 2238 733 2282 enim:
771 2256 790 2278 «
822 2237 1006 2299 Vocabis
1040 2251 1201 2281 nomen
1240 2237 1331 2295 ejus
1371 2239 1447 2280 Je—

60 2331 80 2354 »
105 2314 252 2371 sum23
280 2331 299 2352 n
327 2311 626 2370 continuoque
643 2323 815 2353 causam
839 2308 1083 2368 subjiciens,
1107 2322 1241 2366 quare
1265 2309 1412 2350 Jesum
1436 2325 1443 2350 :

61 2403 81 2427 »
108 2389 205 2445 Ipse
220 2385 337 2428 enim
356 2382 522 2428 salvum
546 2381 695 2436 faciet,
723 2381 887 2440 inquit,
909 2378 1121 2439 populum
1149 2393 1275 2421 suum
1300 2394 1321 2421 a
1347 2393 1446 2436 pec-

18 2455 19 2458 ’
62 2474 82 2498 »
108 2457 212 2501 catis
233 2470 398 2500 eorum.
428 2471 448 2494 »
476 2452 605 2506 Quod
622 2452 667 2495 in
690 2451 879 2511 parvulis
902 2449 993 2493 fieri
1017 2457 1237 2506 negantcS,
1259 2457 1297 2490 et
1327 2464 1349 2491 a
1367 2463 1448 2491 no-

15 2531 17 2576 j
60 2528 177 2572 mine
205 2529 309 2571 Jesu
330 2524 455 2579 illos,
481 2532 524 2568 et
548 2524 602 2568 ab
628 2524 718 2583 ejus
755 2521 920 2582 populo
941 2518 1145 2579 separatis
1174 2537 1182 2562 ε
1215 2527 1257 2561 et
1284 2518 1452 2562 audetis
1497 2537 1504 2543 ·

111 2618 119 2635 ¹
139 2611 225 2645 Vide
245 2611 302 2644 lib.
322 2611 364 2644 de
384 2609 487 2643 Gestis
506 2607 635 2650 Pelagii,
655 2618 725 2650 cap.
751 2619 785 2639 ιι
818 2611 851 2638 et
870 2606 919 2637 33.
951 2622 977 2626 —
995 2610 1005 2626 ²
1021 2602 1134 2635 Matth.
1153 2613 1175 2641 1,
1196 2613 1249 2635 21.

1170 2658 1233 2695 20.
