1884 3285
445 237 498 273 30
864 240 896 264 S.
933 237 1163 263 AUGUSTffll
1195 236 1372 262 Emsoom

443 308 558 351 illam
580 320 699 350 suam
728 301 1035 346 rectitudinem
1060 303 1285 359 Deumque
1306 299 1512 343 deseruit.
1537 301 1654 343 Eum
1674 308 1853 349 autema>

442 390 635 437 peccasse
649 408 660 428 ‚
681 382 724 417 et
745 372 1008 416 desertorem
1026 371 1131 414 boni
1150 370 1283 415 fuisse
1301 404 1312 423 ‚
1333 370 1489 414 veritas
1521 369 1694 415 clamat.
1725 372 1854 420 Non>

442 462 541 504 ergo
555 444 710 489 habuit
723 443 770 487 in
785 441 860 486 illo
878 442 995 486 bono
1016 441 1378 500 perseverantiam
1396 458 1406 484 :
1427 449 1471 484 et
1490 441 1632 485 sinon
1646 436 1853 497 habuitf'

440 532 530 561 non
563 516 716 575 utique
741 513 919 572 accepit.
943 510 1178 565 Quomodo
1208 511 1326 555 enim
1346 520 1391 555 et
1418 511 1652 571 accepisset
1673 512 1831 572 perse-3
1846 522 1854 562 ,ἴ

441 587 679 632 verantiam
695 621 707 639 ‚
732 594 775 629 et
795 599 886 628 non
908 583 1241 642 perseverasset?
1266 585 1398 626 Porro
1419 582 1452 625 si
1475 591 1703 641 propterea
1731 597 1832 627 non«
1846 573 1856 638 3²

440 658 619 711 habuit,
655 656 756 715 quia
788 669 878 698 non
901 652 1067 712 accepit
1096 671 1104 696 :
1137 652 1247 712 quid
1275 652 1368 711 ipse
1394 667 1483 697 non
1509 651 1833 711 perseverando

440 727 658 787 peccavit,
695 725 772 785 qui
805 724 1168 783 perseverantiam
1193 739 1284 768 non
1313 724 1507 782 accepit?
1533 726 1685 784 Neque
1707 724 1826 771 enim
1855 746 1857 762 ³

440 797 525 841 dici
546 804 708 856 potest,
731 793 831 838 ideo
859 809 949 838 non
970 794 1181 852 accepisse
1197 828 1209 848 ‚
1234 794 1338 853 quia
1360 809 1451 838 non
1472 802 1536 838 est
1556 792 1768 838 discretus
1799 807 1834 838 a:
1848 805 1859 829 '·

439 883 575 912 massa
596 865 850 926 perditionis
881 864 1028 922 gratiae
1059 863 1273 923 largitate.
1303 864 1511 910 Nondum
1544 865 1707 924 quippe
1731 873 1861 923 eratv

440 938 511 982 illa
539 938 583 981 in
613 951 766 994 genere
793 937 984 979 humano
1010 934 1261 995 perditionis
1285 951 1433 980 massae
1455 944 1692 996 antequam
1718 950 1835 995 pec-2-

439 1017 596 1062 casset,
617 1023 667 1052 ex
690 1022 777 1067 quo
800 1016 935 1050 tracta
955 1015 1019 1050 est
1039 1007 1162 1066 origo
1183 1006 1349 1051 vitiata.
1376 1023 1398 1048 »

497 1081 679 1124 XXVII.
716 1081 991 1137 Quapropter
1003 1077 1287 1123 saluberrime
1300 1077 1580 1131 confitemur,
1598 1074 1722 1136 quod
1736 1090 1837 1120 ree-x

439 1151 601 1196 tissime
628 1149 873 1204 eredimus,
903 1151 1042 1193 Deum
1071 1149 1396 1208 Dominamque
1426 1162 1572 1191 rerum
1603 1147 1862 1210 omnium,·

439 1223 541 1282 quia
561 1223 721 1266 creavit
738 1221 882 1266 omnia
897 1221 1014 1265 bona
1029 1219 1157 1265 valde
1173 1254 1184 1274 ,
1204 1228 1247 1263 et
1266 1218 1378 1263 mala
1399 1233 1450 1263 ex
1466 1218 1594 1262 bonis
1609 1218 1860 1269 exoritura·

439 1307 528 1336 esse
561 1292 803 1352 praescivit,
835 1300 878 1335 et
902 1291 1026 1335 scivit
1054 1290 1188 1348 magis
1211 1288 1267 1333 ad
1296 1304 1418 1333 suam
1450 1288 1864 1348 omnipotentissim-

439 1378 554 1407 mam
587 1363 829 1407 bonitatem
857 1362 1073 1421 pertinere
1090 1395 1101 1415 ‚
1137 1360 1267 1404 etiam
1299 1358 1354 1404 de
1375 1359 1497 1403 malis
1518 1359 1632 1404 bene
1651 1358 1821 1413 facere,
1854 1383 1856 1387 ν

439 1449 571 1492 quam
591 1433 705 1477 mala
729 1448 821 1477 esse
842 1448 931 1476 non
953 1432 1091 1476 sinere
1108 1466 1120 1486 ,
1155 1431 1215 1476 sic
1246 1431 1468 1475 ordinasse
1495 1429 1750 1488 angelorum
1782 1437 1839 1474 et·
1866 1462 1867 1466 η

440 1503 668 1547 hominum
687 1504 846 1557 vitam,
871 1512 921 1546 ut
953 1503 999 1546 in
1022 1518 1071 1546 ea
1094 1503 1213 1560 prius
1233 1501 1483 1546 ostenderet
1502 1536 1513 1556 ‚
1546 1500 1657 1561 quid
1684 1508 1832 1560 posset

441 1589 593 1618 eorum
608 1574 795 1618 liberum
818 1573 1046 1617 arbitrium
1063 1607 1074 1627 ‚
1100 1572 1259 1616 deinde
1281 1571 1391 1632 quid
1413 1581 1557 1631 posset
1570 1587 1662 1616 suae
1680 1571 1842 1631 gratiae¹

440 1643 700 1688 beneficium
721 1643 989 1703 justitiaeque
1002 1642 1233 1702 judicium.
1257 1644 1453 1703 Denique
1470 1642 1615 1702 angeli
1630 1641 1827 1703 quidam,
1856 1629 1869 1708 ξ

439 1729 628 1774 quorum
652 1715 851 1773 princeps
884 1723 948 1758 est
971 1714 1047 1773 qui
1081 1713 1240 1758 dieitur
1266 1713 1469 1757 diabolus
1486 1748 1497 1768 ‚
1535 1728 1612 1772 per
1641 1712 1832 1757 liberum
1862 1709 1869 1781 J

439 1785 666 1828 arbitrium
701 1801 723 1828 a
747 1785 932 1828 Domino
956 1787 1044 1827 Deo
1079 1783 1243 1840 refugae
1263 1783 1366 1828 facti
1399 1794 1515 1827 sunt.
1547 1783 1832 1841 nefugientes
1862 1808 1867 1841 ¹.

441 1864 587 1898 tamen
609 1856 700 1914 ejus
719 1854 959 1898 bonitatem
975 1888 987 1908 ,
1009 1869 1097 1912 qua
1117 1854 1235 1898 beati
1255 1853 1437 1898 fuerunt
1454 1888 1465 1909 ‚
1485 1869 1575 1898 non
1589 1861 1840 1913 potuerunt·
1864 1863 1867 1910 ss

439 1925 531 1982 ejus
553 1924 747 1982 effugere
771 1924 1008 1983 judicium,
1034 1939 1111 1982 per
1144 1923 1265 1983 quod
1294 1924 1523 1968 miserrimi
1540 1923 1690 1969 effecti
1708 1933 1827 1968 sunt.
1846 1953 1847 1957 =

440 1994 597 2038 Caeteri
628 2003 775 2038 autem
810 2008 887 2052 per
912 1994 1054 2053 ipsum
1089 1993 1277 2039 liberum
1310 1995 1540 2040 arbitrium
1567 1994 1615 2038 in
1648 1995 1867 2055 veritate·

440 2073 679 2119 steterunt,
705 2079 888 2124 eamque
910 2064 966 2108 de
987 2079 1065 2109 suo
1087 2081 1189 2110 casu
1210 2081 1440 2126 nunquam
1467 2065 1621 2110 futuro
1640 2065 1840 2110 oertissi--
1868 2077 1870 2081 ·

440 2150 553 2179 mam
588 2136 694 2180 scire
728 2146 995 2180 meruerunt.
1025 2137 1067 2181 Si
1090 2136 1204 2180 enim
1229 2153 1307 2182 nos
1335 2138 1389 2181 de
1414 2137 1647 2197 Scripturis
1673 2136 1832 2181 sanctis
1865 2145 1869 2167 ἵ

441 2222 564 2251 nosse
587 2204 807 2266 potuimus
834 2216 1003 2251 sanctos
1025 2207 1215 2266 Angelos
1231 2210 1322 2268 jam
1345 2207 1491 2253 nullos
1512 2224 1605 2253 esse
1626 2222 1800 2253 casuros
1814 2223 1842 2259 ·‚.
1865 2189 1875 2283 ἱ

440 2287 606 2337 quanto
630 2279 764 2338 magis
785 2279 869 2323 hoc
891 2278 970 2337 ipsi
992 2278 1179 2323 revelata
1201 2279 1280 2324 sibi
1303 2278 1532 2324 sublimius
1549 2279 1730 2323 veritate
1749 2293 1843 2323 no·
1866 2286 1873 2322 2

439 2352 624 2394 verunt?
647 2352 779 2396 Nobis
803 2351 966 2411 quippe
989 2352 1111 2395 beata
1134 2352 1225 2395 sine
1246 2353 1334 2396 fine
1349 2353 1435 2396 vita
1457 2352 1661 2412 promissa
1682 2360 1763 2406 est,
1787 2355 1864 2397 et·

440 2421 663 2480 aequalitas
690 2421 955 2480 Angelorum
984 2441 993 2466 :
1024 2437 1074 2466 ex
1097 2439 1183 2482 qua
1206 2423 1490 2482 promissione
1519 2422 1626 2467 certi
1647 2436 1796 2467 sumus
1814 2448 1841 2476 ‚=

439 2507 541 2536 cum
565 2492 621 2536 ad
641 2490 760 2537 illam
782 2494 914 2537 vitam
935 2502 1033 2552 post
1059 2493 1273 2554 judicium
1303 2494 1552 2539 venerimus
1567 2528 1579 2549 ‚
1610 2508 1702 2539 non
1726 2492 1845 2537 inde·

440 2577 519 2607 nos
551 2577 639 2609 esse
672 2562 867 2622 lapsuros
904 2582 912 2608 z
947 2563 1067 2623 quod
1088 2563 1119 2607 si
1144 2564 1198 2609 de
1227 2579 1271 2609 se
1292 2565 1393 2625 ipsis
1416 2563 1573 2624 Angeli
1595 2564 1821 2618 nesciunt,
