1821 3264
433 246 484 272 m:
519 244 630 272 nouo
662 241 1024 270 PERSEVERAN'HAE.
1334 223 1412 261 145

0 320 10 375 :l
42 316 86 358 in
104 310 416 372 praedestinatis
432 309 522 354 sine
539 306 790 367 poenitentia
813 307 897 349 sint
913 305 1027 349 dona
1044 312 1087 347 et
1101 301 1270 346 vocatio
1289 301 1413 357 Dei¹3

0 400 10 437 r,
43 391 118 428 aut
145 382 323 440 gratiam
358 380 433 424 Dei
463 376 702 423 secundum
732 376 883 420 merita
911 383 1055 418 nostra
1083 372 1175 416 dari
1205 372 1418 416 confiten-

0 494 9 512 ⁷3

0 443 9 492 l
44 453 178 506 dum,
215 450 335 510 quod
368 449 540 508 sapiunt
568 445 808 504 Pelagiani,
843 444 1039 504 quamvis
1062 444 1141 486 ista
1176 441 1385 485 sententia
1405 474 1415 493 ,

0 513 10 572 l
44 523 163 582 quod
180 536 292 580 saepe
306 522 393 580 jam
410 518 609 571 diximus,
630 517 796 573 legatur
815 514 939 573 gestis
955 513 1255 572 episcoporum
1270 511 1421 555 Orien-

9 1169 11 1175 .
7 1097 12 1148 .-„t
9 1070 12 1081 -
6 1018 12 1053 ⁵-.
3 935 11 1004 ..f-⁴
0 819 11 932 „tu-as
0 601 11 795 —ug-gsx--xa-a.

46 592 196 638 talium
221 591 351 635 etiam
380 589 512 648 ipsius
537 586 697 644 Pelagii
726 601 799 630 ore
823 584 1070 629 damnata2.
1101 585 1137 626 A
1168 582 1423 638 Pelagiano-

46 677 141 706 rum
172 676 300 720 porro
323 659 524 703 haeretica
547 657 825 717 perversitate
847 663 1016 699 tantum
1034 653 1103 697 isti
1126 651 1278 695 remoti
1297 658 1419 701 sunt,

47 741 224 792 propter
251 745 359 790 quos
380 730 475 773 haec
496 729 688 787 agimus,
717 737 766 771 ut
795 726 895 770 licet
920 723 1117 768 nondum
1145 721 1280 766 velint
1302 718 1423 763 fateri

47 801 375 861 praedestinatos
398 814 486 843 esse
507 833 517 853 ‚
547 798 623 858 qui
646 812 721 855 per
742 797 818 841 Dei
841 795 1022 852 gratiam
1049 794 1155 837 fiant
1177 791 1430 835 obedientes

50 881 181 931 atque
212 877 524 929 permaneant,
557 869 645 928 jam
677 877 820 910 tamen
851 865 1095 917 fateantur,
1127 861 1246 921 quod
1277 872 1430 903 eorum

50 942 286 1001 praeveniat
307 939 578 984 voluntatem
601 937 761 997 quibus
779 935 908 979 datur
927 936 1020 978 haec
1038 933 1172 991 gratia
1196 950 1205 975 ε
1229 930 1328 974 ideo
1350 929 1432 971 uti-

51 1027 160 1071 que,
189 1026 244 1054 ne
265 1025 354 1054 non
376 1008 505 1067 gratis
527 1007 620 1051 dari
641 1005 843 1051 credatur
866 1004 999 1063 gratia
1016 1038 1027 1055 ,
1054 1003 1163 1047 sicut
1190 1000 1346 1044 veritas
1366 998 1434 1041 lo-

53 1083 225 1142 quitur,
248 1079 323 1124 sed
342 1079 486 1138 potius
514 1076 756 1122 secundum
791 1073 1074 1134 praecedentis
1101 1070 1252 1114 merita
1275 1067 1435 1113 volun-

54 1152 176 1205 tatis,
200 1151 311 1194 sicut
334 1157 484 1194 contra
505 1148 730 1192 veritatem
753 1144 1004 1202 Pelagianus
1026 1157 1145 1186 error
1163 1137 1432 1198 obloquitur.

55 1221 273 1266 Praevenit
295 1234 396 1278 ergo
419 1226 461 1262 et
481 1217 610 1260 fidem
631 1215 763 1273 gratia
786 1232 795 1258 ε
819 1213 1011 1272 alioquin
1034 1211 1067 1255 si
1086 1211 1192 1254 fides
1215 1223 1308 1252 eam
1327 1221 1439 1266 prae-

57 1291 197 1344 venit,
222 1289 375 1348 procul
399 1287 535 1331 dubio
557 1285 766 1345 praevenit
788 1293 831 1328 et
851 1282 1073 1334 voluntas,
1102 1279 1306 1340 quoniam
1335 1275 1440 1319 fides

56 1362 146 1405 sine
174 1358 400 1403 voluntate
421 1371 510 1400 non
534 1364 676 1414 potest
698 1369 801 1398 esse.
833 1354 875 1398 Si
897 1362 1040 1396 autem
1075 1349 1209 1409 gratia
1231 1345 1441 1406 praevenit

57 1431 186 1474 fidem
200 1464 211 1484 ,
236 1428 441 1489 quoniam
463 1425 675 1485 praevenit
695 1423 990 1478 voluntatem3
1014 1419 1211 1479 profecto
1233 1415 1443 1476 praevenit

59 1514 233 1545 omnem
272 1497 564 1543 obedientiam
584 1515 595 1552 3
630 1493 841 1553 praevenit
874 1492 1002 1535 etiam
1037 1489 1289 1533 charitatem
1310 1521 1320 1540 ,
1356 1499 1442 1543 qua

61 1585 148 1613 una
172 1572 260 1612 Deo
277 1567 485 1612 veraciter
501 1573 543 1608 et
561 1563 747 1608 suaviter
770 1560 974 1606 obeditur
990 1581 1002 1617 ·,
1022 1559 1173 1602 ethaeo
1190 1555 1334 1601 omnia
1354 1568 1445 1612 gra-

61 1640 118 1683 tia
140 1639 187 1682 in
208 1653 259 1682 eo
280 1637 350 1681 cui
373 1636 501 1680 datur
516 1669 527 1689 ,
555 1642 597 1678 et
625 1634 750 1692 cujus
777 1632 871 1675 haec
898 1631 1042 1674 omnia
1070 1626 1280 1687 praevenit
1298 1659 1308 1679 ,
1342 1637 1445 1682 ope-

63 1718 198 1753 ratur.
224 1711 375 1752 Restat
394 1706 439 1749 in
461 1705 526 1748 his
551 1703 677 1747 bonis
699 1716 837 1760 usque
867 1700 910 1743 in
943 1700 1074 1743 finem
1100 1694 1414 1756 perseverantia
1433 1726 1443 1745 ,

65 1795 166 1840 quae
184 1776 340 1822 frustra
355 1774 550 1835 quotidie
570 1790 593 1818 a
611 1772 796 1816 Domino
810 1770 1018 1829 poscitur,
1036 1768 1069 1811 si
1087 1782 1176 1811 non
1190 1780 1282 1808 eam
1297 1763 1446 1808 Domi-

67 1866 149 1895 nus
161 1865 237 1909 per
251 1849 432 1907 gratiam
447 1859 568 1890 suam
588 1845 632 1887 in
648 1843 739 1896 illo,
756 1842 880 1900 cujus
894 1839 1108 1884 orationes
1128 1835 1319 1888 exaudit,
1342 1848 1447 1892 ope—

68 1930 202 1966 ratur.
241 1918 396 1963 Videte
418 1918 508 1976 jam
541 1931 563 1958 a
594 1914 772 1957 veritate
804 1926 935 1970 quam
968 1910 1020 1953 sit
1048 1907 1261 1959 alienum,
1293 1917 1450 1962 negare

69 1991 236 2036 donum
251 1989 326 2033 Dei
343 2002 432 2032 esse
446 1983 809 2046 perseverantiam
824 1994 961 2039 usque
975 1979 1019 2022 in
1035 1979 1166 2021 finem
1183 1976 1311 2034 hujus
1325 1974 1426 2018 vitae
1442 1991 1450 2015 2

2 2084 11 2112 ·,
71 2076 172 2106 cum
193 2061 293 2104 vitae
317 2057 421 2101 huic
453 2055 631 2116 quando
651 2051 840 2096 voluerit
863 2051 952 2108 ipse
975 2049 1050 2092 det
1074 2048 1205 2090 finem
1225 2066 1235 2102 3
1268 2058 1398 2102 quem
1422 2042 1454 2084 si

73 2131 149 2176 dat
170 2139 269 2175 ante
290 2128 587 2172 imminentem
610 2123 802 2182 lapsum,
825 2119 928 2164 facit
946 2118 1168 2162 hominem
1186 2126 1456 2174 perseverare

77 2216 215 2262 usque
231 2201 277 2244 in
293 2199 442 2242 finem.
471 2194 553 2240 Sed
576 2191 812 2237 mirabilior
833 2199 876 2234 et
897 2188 1100 2232 fidelibus
1122 2183 1363 2229 evidentior
1379 2182 1458 2226 lar-

79 2273 186 2331 gitas
210 2267 413 2314 bonitatis
431 2265 507 2309 Dei
527 2273 590 2308 est
604 2298 614 2318 ‚
640 2261 760 2322 quod
782 2261 909 2304 etiam
930 2256 1119 2317 parvulis
1136 2291 1146 2308 ,
1172 2255 1332 2314 quibus
1353 2252 1460 2296 obe-

79 2341 241 2386 dientia
270 2354 357 2383 non
391 2344 454 2379 est
475 2334 590 2378 illius
613 2332 750 2376 aetatis
780 2340 828 2373 ut
851 2330 1000 2381 detur,
1032 2326 1161 2370 datur
1188 2325 1283 2367 haec
1312 2322 1460 2380 gratia.

82 2416 167 2457 Ista
189 2410 319 2468 igitur
353 2423 429 2451 sua
463 2404 578 2449 dona
603 2403 953 2462 quibuscumque
977 2401 1091 2440 Deus
1122 2395 1282 2447 donat,
1315 2390 1471 2449 procul

83 2481 219 2527 dubio
243 2495 285 2524 se
305 2478 571 2522 donaturum
595 2487 685 2516 esse
703 2470 939 2530 praescivit,
972 2477 1014 2511 et
1038 2467 1083 2509 in
1107 2481 1183 2509 sua
1200 2460 1469 2523 praescientia

134 2574 140 2589 ¹
171 2568 262 2598 Rom.
285 2574 328 2602 xi,
348 2571 403 2603 29.
420 2577 461 2583 —
477 2566 490 2582 2
510 2558 589 2591 Vide
612 2557 666 2589 lib.
688 2557 728 2588 de
755 2555 854 2588 Gestis
874 2552 1003 2594 Pelagii,
1023 2561 1095 2592 cap.
1130 2549 1177 2588 ¹4-

279 2624 430 2656 cxuu.
1253 2602 1302 2640 10
