1821 3264
340 294 392 319 m:
426 292 824 319 immosssnnmonss
858 293 1123 319 schoittM.
1368 285 1419 320 97

49 365 180 400 »ante
191 355 345 400 mundi
366 356 716 400 constitutionem
726 390 736 410 ‚
748 366 798 400 ut
813 371 998 402 essemus
1011 358 1148 402 saneti
1162 366 1204 401 et
1215 358 1426 403 immacu-

49 427 171 471 niati.
202 447 219 468 »
242 430 337 472 Non
368 441 469 485 ergo
493 427 594 485 quia
625 425 763 470 futuri
787 443 986 483 eramus,
1026 430 1099 472 sed
1135 438 1183 473 ut
1219 445 1423 475 essemus.

45 501 208 556 Nempe
230 506 398 542 eertum
427 506 513 552 est,
539 512 694 556 nempe
724 497 1001 543 manifestum
1024 509 1088 543 est
1114 519 1121 544 :
1147 500 1244 545 ideo
1266 503 1427 561 quippe

45 566 149 612 tales
172 582 341 612 eramus
362 566 513 622 futuri,
530 568 632 626 quia
651 567 781 625 elegit
803 568 908 626 ipse,
926 568 1235 627 praedestinans
1254 582 1302 615 ut
1328 571 1429 615 tales

45 653 120 699 per
142 638 320 696 gratiam
332 640 421 699 ejus
439 654 670 683 essemus.«
687 641 753 682 Ita
769 653 869 696 ergo
890 655 969 683 nos
986 639 1206 684 benedixit
1228 641 1432 685 benedie-

49 709 198 753 »tione
219 708 397 768 spiritali
414 708 460 752 in
483 708 732 753 coelestibus
748 710 794 753 in
821 709 994 754 Christo
1012 712 1113 754 Jesu
1134 746 1144 765 ‚
1165 711 1277 755 sieut
1307 711 1434 769 elegit

50 797 69 821 »
83 793 160 823 nos
171 779 216 822 in
231 779 324 838 ipso
343 788 442 822 ante
462 778 614 823 mundi
628 779 983 824 constitutionem
997 816 1006 835 ,
1022 790 1070 825 ut
1093 796 1280 825 essemus
1300 783 1437 826 saneti

50 858 123 893 »et
143 849 409 893 immaculati
431 850 477 894 in
497 859 734 909 conspeetu
756 851 846 909 ejus
865 885 875 905 ‚
901 850 947 893 in
971 851 1180 895 charitate
1208 851 1435 910 praedesti-

50 935 187 964 »nans
207 935 284 964 nos
301 921 345 964 in
370 919 649 980 adoptionem
672 920 861 965 filiorum
885 936 961 979 per
979 923 1127 965 Jesum
1149 923 1370 967 Christum
1392 924 1436 966 in

50 991 238 1050 »ipsum.
270 1010 288 1032 n
314 990 482 1036 Deinde
504 991 611 1052 quid
632 990 855 1051 adjungat,
880 992 1114 1047 attendite,
1143 995 1438 1037 «Secundum

49 1078 69 1102 »
93 1061 301 1120 placitum
322 1096 332 1116 ,
358 1061 504 1121 inquit
524 1097 534 1116 ‚
559 1062 796 1106 voluntatis
819 1077 907 1106 snae
935 1081 942 1105 :
972 1081 991 1104 »
1013 1078 1066 1106 ne
1089 1063 1132 1106 in
1156 1072 1278 1107 tanto
1301 1064 1437 1107 bene-

47 1131 146 1175 ficio
169 1131 316 1190 gratiae
339 1130 393 1175 de
414 1131 571 1191 placito
592 1130 877 1191 gloriaremur
895 1131 1135 1177 voluntatis
1161 1142 1336 1177 nostrae.
1360 1137 1443 1177 «In

46 1217 134 1262 qua
158 1202 412 1259 gratificavit
433 1218 528 1257 nos,
551 1203 708 1262 inquit,
736 1203 780 1247 in
798 1202 958 1247 dilecto
977 1202 1087 1247 Filio
1106 1219 1184 1248 suo
1209 1224 1218 1248 :
1249 1223 1268 1245 »
1293 1205 1338 1248 in
1356 1221 1441 1264 qua

46 1273 198 1333 utique
227 1272 447 1318 voluntate
471 1289 546 1318 sua
566 1275 820 1333 gratificavit
842 1290 934 1318 nos.
964 1275 1032 1318 Sic
1055 1266 1221 1318 dietum
1239 1284 1317 1330 est,
1341 1292 1439 1334 gra-

47 1344 226 1388 tificavit
241 1361 262 1388 a
281 1345 433 1403 gratia,
454 1345 565 1389 sieut
585 1355 634 1389 ut
642 1345 895 1405 justificavit
910 1344 1068 1389 dieitur
1086 1361 1107 1389 a
1119 1346 1282 1404 justitia
1305 1366 1312 1390 :
1344 1366 1362 1388 «
1390 1350 1441 1390 In

50 1434 71 1457 »
96 1431 184 1476 quo
219 1415 459 1469 habemus,
485 1416 659 1475 inquit,
693 1416 1038 1474 redemptionem
1072 1432 1149 1474 per
1186 1419 1439 1475 sanguinem

49 1505 69 1529 »
96 1486 228 1545 ipsius
253 1520 264 1541 ‚
310 1485 607 1529 remissionem
654 1495 933 1544 peccatorum
978 1486 1220 1530 secundum
1270 1487 1440 1533 divitias

50 1576 70 1599 »
96 1557 245 1616 gratiae
261 1558 378 1617 Jejus,
403 1572 503 1617 quae
526 1556 766 1601 abundavit
789 1556 831 1600 in
850 1573 927 1600 nos
954 1558 998 1600 in
1018 1557 1138 1601 omni
1158 1558 1366 1617 sapientia
1397 1568 1439 1602 et

50 1645 70 1668 »
97 1627 329 1686 prudentia
350 1662 360 1681 ,
397 1635 446 1670 ut
472 1627 720 1671 ostenderet
754 1627 880 1672 nobis
915 1628 1172 1684 mysterium
1200 1627 1438 1672 voluntatis

51 1717 70 1739 »
95 1714 183 1742 suae
225 1697 468 1742 secundum
504 1698 667 1742 bonam
704 1697 976 1742 voluntatem
1019 1713 1155 1741 suam.
1199 1717 1218 1739 »
1263 1701 1316 1742 In
1356 1700 1438 1744 hoc

46 1770 253 1827 mysterio
280 1770 517 1813 voluntatis
540 1785 630 1813 suae
652 1769 797 1829 posuit
816 1768 987 1813 divitias
1010 1770 1157 1827 gratiae
1180 1786 1268 1814 suae
1286 1786 1438 1814 seeun-

47 1841 154 1884 dum
176 1841 339 1885 bonam
353 1840 625 1884 voluntatem
656 1855 776 1883 suam
791 1874 801 1894 ‚
827 1855 916 1883 non
935 1838 1177 1883 seeundum
1210 1850 1401 1884 nostram
1427 1860 1434 1885 :

47 1927 147 1971 quae
174 1911 290 1956 bona
320 1926 408 1956 esse
437 1927 526 1956 non
555 1920 730 1970 posset,
767 1911 847 1954 nisi
877 1911 967 1969 ipse
1003 1910 1244 1954 seeundum
1276 1911 1438 1955 bonam

47 1982 317 2026 voluntatem
347 1997 469 2025 suam
493 1990 542 2024 ut
568 1981 685 2025 bona
715 1982 837 2024 fieret
863 1981 1129 2024 subveniret.
1156 1983 1268 2025 Cum
1293 1989 1438 2025 autem

48 2052 221 2097 dixisset
255 2072 263 2096 :
295 2071 315 2094 «
344 2052 592 2096 Secundum
620 2050 780 2095 bonam
804 2050 1077 2095 voluntatem
1098 2066 1219 2094 suam
1247 2071 1254 2094 :
1285 2069 1305 2092 »
1332 2052 1438 2095 sub-

43 2123 162 2182 jecit,
188 2142 208 2165 «
233 2138 364 2183 quam
389 2122 617 2181 proposuit
644 2122 689 2165 in
706 2120 797 2176 illo,
827 2140 845 2161 »
882 2120 927 2164 id
950 2129 1013 2165 est
1034 2155 1044 2175 ‚
1065 2121 1110 2163 in
1137 2120 1298 2165 dilecto
1328 2121 1439 2166 Filio

49 2208 144 2248 suo,
167 2212 188 2235 «
212 2194 258 2237 in
280 2193 600 2252 dispensatione
623 2191 910 2250 plenitudinis
929 2200 1177 2249 temporum
1199 2191 1440 2236 instaurare

54 2280 74 2304 »
99 2264 244 2307 omnia
273 2264 319 2307 in
340 2264 537 2318 Christo,
563 2278 663 2322 quae
691 2263 737 2307 in
760 2261 882 2306 coelis
908 2271 1024 2317 sunt,
1056 2272 1099 2306 et
1130 2279 1228 2322 quae
1251 2264 1296 2306 in
1318 2264 1441 2307 terris

52 2353 72 2375 »
101 2334 257 2393 inipso
280 2353 289 2378 ε
315 2334 360 2376 in
383 2349 472 2393 quo
495 2334 624 2378 etiam
644 2342 686 2377 et
701 2342 860 2377 sortem
889 2334 1107 2377 consecuti
1127 2349 1302 2389 sumus,
1333 2350 1444 2393 prae-

54 2423 73 2447 »
98 2405 303 2449 destinati
327 2403 570 2449 seeundum
600 2404 895 2463 propositum,
921 2403 998 2463 qni
1017 2404 1215 2448 universa
1242 2414 1446 2462 operatur

53 2494 72 2517 »
99 2474 342 2520 secundum
366 2473 598 2519 eonsilium
613 2473 850 2518 voluntatis
870 2488 975 2528 suae,
994 2483 1044 2517 ut
1062 2474 1193 2517 simus
1211 2475 1257 2517 in
1271 2473 1444 2518 laudem

55 2564 75 2587 »
101 2545 247 2604 gloriae
264 2546 369 2605 ejus.
396 2563 414 2585 »

122 2618 355 2662 XXXVII.
397 2615 534 2661 Nimis
576 2613 761 2673 longum
800 2622 863 2659 est
897 2614 951 2657 de
991 2613 1170 2672 singulis
1212 2614 1448 2675 disputare.

240 2697 388 2728 cxmn.
1251 2698 1261 2722 ι
