1884 3285
1862 55 1871 161 ἔ

1864 225 1868 251 ι

452 265 538 306 340
883 277 916 302 s.
953 275 1182 305 AUGUSTIM
1217 275 1393 304 nmscom
1863 272 1868 301 ι

451 340 692 386 contemnis
719 358 727 383 :
762 339 1014 383 Ambrosius
1038 349 1100 384 est
1117 375 1127 395 ,
1154 341 1356 399 inquam,
1389 340 1460 385 cui
1483 338 1603 384 nulla
1633 355 1682 384 ex
1706 349 1830 400 parte
1863 316 1869 399 ἰ

448 411 498 456 in
517 410 619 470 ipsis
639 410 792 454 litteris
819 408 1124 464 saecularibus,
1155 410 1209 454 de
1232 409 1391 471 quibus
1421 409 1607 454 multum
1637 410 1826 466 inflaris,
1863 407 1869 470 ξ

449 481 633 541 aequaris
661 500 668 525 :
695 481 740 524 in
764 480 1059 525 ecclesiasticis
1084 496 1183 526 vero
1206 482 1302 542 quis
1323 481 1396 525 ille
1421 481 1475 525 sit
1491 517 1501 536 ,
1532 480 1634 526 audi
1650 481 1718 526 vel
1736 480 1831 539 lege

449 550 671 610 Pelagium
693 550 917 596 doctorem
941 560 1095 606 tuum,
1121 561 1164 596 et
1185 551 1275 596 noli
1298 567 1440 596 amare
1463 567 1634 597 sensum
1657 568 1680 596 a
1702 567 1830 597 sensu
1864 539 1869 600 ἰ

449 622 558 667 tanti
578 622 710 683 hujus
732 621 919 667 doctoris
942 622 1146 666 alienum.
1864 621 1867 633 '

506 694 736 737 XXXVII.
764 695 787 737 J
794 713 811 736 ι
824 708 988 736 Limus
1011 711 1032 735 «
1052 695 1108 736 Et
1126 694 1209 737 hoc
1225 703 1288 737 est
1309 702 1487 752 propter
1508 692 1628 752 quod
1647 692 1832 736 maxime
1863 689 1884 726 ‹‘

448 762 698 807 miserantes
718 762 1010 807 Ecclesiarum
1037 763 1204 818 ruinas,
1230 763 1282 807 ad
1306 765 1498 808 virorum
1521 763 1753 822 prudentia
1776 760 1868 805 il-'
1864 782 1884 798 ιἸ

447 832 650 878 lustrium
659 849 944 893 provocamus
955 849 1149 889 examen,
1163 844 1308 878 utnon
1321 834 1429 894 quid
1441 834 1627 889 dicatur,
1640 833 1714 878 sed
1725 833 1832 893 quid
1863 835 1869 894 ξ

447 914 764 965 consequenter
773 905 943 949 dicatur
956 914 1174 965 appareat.
1192 906 1233 950 Si
1245 906 1359 950 enim
1372 906 1452 949 sub
1462 905 1537 949 tali
1550 904 1734 949 concilio
1745 903 1833 948 dis·
1864 897 1868 939 ³>
1881 936 1884 937 γ

448 984 724 1035 ceptaretur3
756 976 836 1019 tibi
868 976 1021 1036 utique
1047 992 1136 1021 non
1158 976 1328 1031 liceret,
1362 986 1437 1020 aut
1458 976 1578 1036 quod
1600 989 1833 1035 negaveras
1863 976 1884 1022 3·

447 1045 609 1091 inferre
627 1082 637 1102 ,
669 1056 744 1091 aut
765 1045 885 1106 quod
915 1047 1204 1090 affirmaveras
1236 1046 1449 1104 denegare
1482 1066 1491 1091 ι
1522 1046 1567 1089 in
1589 1045 1703 1089 libro
1730 1060 1833 1089 vero

447 1125 524 1161 tuo
541 1133 702 1177 ,quem
722 1116 842 1161 nulla
863 1116 1042 1176 pudoris
1059 1132 1241 1161 censula
1257 1117 1462 1175 castigat,
1483 1125 1526 1160 et
1541 1114 1662 1175 quod
1678 1110 1867 1159 catho-
1863 1136 1884 1165 ς·

443 1187 517 1231 lici
544 1188 723 1243 dicunt,
749 1197 791 1231 et
812 1186 932 1247 quod
954 1187 1211 1241 Manichaei,
1243 1186 1513 1231 confidenter
1540 1186 1865 1245 agglomeras,
1862 1203 1884 1238 5³

444 1257 526 1301 hac
543 1256 632 1301 sola
660 1257 865 1316 opinione
888 1265 1145 1311 contentus,
1175 1257 1207 1300 si
1231 1257 1499 1317 respondisse
1520 1257 1698 1301 dicaris·
1691 1278 1702 1315 3
1723 1241 1867 1317 quid}
1882 1295 1884 1302 .

444 1336 593 1371 autem
615 1327 776 1371 habeat
797 1326 1002 1387 ponderis
1032 1328 1169 1372 oratio
1192 1337 1288 1383 tua,
1316 1327 1422 1387 quid
1449 1328 1729 1383 constantiae,
1756 1341 1867 1371 00-
1880 1346 1884 1354 ⁴

449 1398 585 1456 gitare
601 1399 730 1443 etiam
747 1399 946 1458 ineptum
966 1407 1107 1458 putas.
1133 1418 1151 1439 η
1862 1380 1865 1449 f
1883 1422 1884 1425 =

503 1471 795 1513 AcctsTmcs.
822 1472 947 1527 Rogo
969 1468 1067 1512 dic
1051 1483 1139 1528 Jam
1156 1467 1379 1528 quomodo
1396 1467 1730 1527 intelligendum
1750 1467 1804 1511 sit
1818 1502 1829 1521 ,
1862 1460 1884 1519 i:

449 1557 470 1580 «
496 1541 576 1582 Per
596 1554 733 1582 unum
756 1539 979 1582 hominem
996 1547 1222 1597 peccatum
1244 1538 1420 1582 intravit
1442 1538 1486 1581 in
1509 1536 1748 1581 mundum¹
1772 1556 1781 1581 :
1807 1555 1828 1578 »
1861 1541 1884 1581 t*

443 1609 550 1668 quid
589 1609 732 1653 adhuc
769 1608 1064 1663 calumniaris,
1107 1609 1382 1663 conviciaris,
1422 1608 1745 1667 tergiversaris?
1788 1607 1830 1651 Si
1860 1586 1884 1666 i!

443 1680 488 1724 in
511 1680 719 1734 concilio,
753 1681 874 1739 cujus
894 1678 1050 1723 videris
1082 1679 1325 1723 desiderare
1359 1677 1596 1739 judicium,
1631 1673 1866 1722 sederent
1860 1692 1884 1745 f

443 1749 689 1809 Cyprianus
705 1784 716 1804 ,
757 1749 968 1804 Hilaiius,
1004 1749 1279 1804 Ambrosius,
1323 1749 1578 1808 Gregorius,
1620 1748 1800 1792 Basilius
1817 1783 1828 1803 ,
1860 1754 1866 1810 ᾗ

443 1823 632 1865 Joannes
649 1819 1172 1880 Constantinopolitanus,
1199 1830 1248 1864 ut
1270 1820 1374 1865 alios
1395 1830 1585 1878 taceam·
1615 1820 1831 1879 numquid
1860 1811 1877 1864 Ι

444 1891 680 1946 doctiores,
709 1890 1040 1951 prudentiores,
1072 1891 1308 1936 veraciores
1333 1891 1502 1951 judices
1532 1906 1727 1969 quaerere
1751 1906 1830 1934 au-
1860 1880 1865 1924 ί

444 1962 592 2007 deies?
622 1963 710 2023 Ipsi
734 1972 883 2007 contra
911 1963 1113 2021 dogmata
1139 1972 1277 2007 vestra
1313 1962 1528 2017 clamant,
1553 1962 1634 2022 ipsi
1664 1962 1864 2020 scriptis
1860 1950 1866 1996 i

444 2034 531 2077 suis
561 2042 701 2078 vestra
728 2033 885 2092 scripta
915 2032 1253 2077 condemnant:
1287 2032 1394 2093 quid
1426 2032 1584 2092 quaeris
1617 2033 1864 2093 amplius?
1859 2028 1865 2059 ἕ

447 2105 538 2147 Hoc
552 2104 641 2162 jam
663 2103 708 2147 in
731 2103 870 2163 primo
894 2112 937 2146 et
958 2103 1150 2146 secundo
1173 2102 1385 2147 librorum
1409 2118 1601 2146 meorum
1627 2102 1726 2146 satis
1748 2101 1830 2146 do—
1858 2087 1863 2149 i

444 2173 543 2228 cui,
570 2172 689 2232 quod
716 2183 866 2217 contra
898 2182 995 2217 tuos
1019 2182 1207 2233 quatuor
1235 2188 1314 2230 ego
1344 2187 1414 2216 sex
1439 2171 1556 2216 edidi
1586 2191 1594 2217 z
1624 2171 1698 2216 sed
1730 2187 1830 2216 ecce
1858 2161 1871 2215 ἔ

444 2243 588 2287 adhuc
610 2252 651 2287 te
675 2244 824 2287 audire
847 2253 1020 2302 palatus
1049 2259 1173 2301 sum,
1199 2243 1298 2287 dic
1285 2259 1373 2303 Jam
1397 2242 1617 2303 quomodo
1639 2242 1692 2286 sit
1713 2242 1826 2286 acci-

446 2313 680 2373 piendum,
706 2313 826 2374 quod
848 2329 922 2372 per
942 2328 1080 2357 unum
1103 2314 1324 2357 hominem
1343 2322 1570 2372 peccatum
1589 2312 1763 2357 intravit
1781 2312 1827 2356 in
1857 2306 1865 2367 ξ,

444 2383 675 2428 mundum.
1857 2399 1862 2458 ἑ

503 2456 755 2498 XXXVIII.
783 2456 1009 2497 Jtmmrs.
1051 2472 1070 2493 «
1102 2453 1296 2511 Denique
1326 2452 1417 2496 sine
1444 2452 1722 2497 cunctatione
1746 2452 1825 2495 tri·

449 2526 586 2569 bueus
609 2541 707 2586 quae
730 2525 923 2585 poposci,
948 2521 1143 2584 quidque
1165 2539 1214 2568 ex
1234 2525 1297 2567 his
1315 2524 1562 2569 confectum
1586 2532 1694 2568 esset
1711 2524 1826 2583 aspi·

496 2616 500 2631 ¹
523 2611 600 2642 Rom
640 2620 668 2646 v,
691 2617 740 2641 12.
