<?xml version="1.0" encoding="UTF-8"?>
<!DOCTYPE html PUBLIC "-//W3C//DTD XHTML 1.0 Transitional//EN"
    "http://www.w3.org/TR/xhtml1/DTD/xhtml1-transitional.dtd">
<html xmlns="http://www.w3.org/1999/xhtml" xml:lang="en" lang="en">
 <head>
  <title>
</title>
<meta http-equiv="Content-Type" content="text/html;charset=utf-8" />
  <meta name='ocr-system' content='tesseract 3.04.00' />
  <meta name='ocr-capabilities' content='ocr_page ocr_carea ocr_par ocr_line ocrx_word'/>
</head>
<body>
  <div class='ocr_page' id='page_1' title='image "./operaomniaaccura36auguuoft/operaomniaaccura36auguuoft_0305.png"; bbox 0 0 1821 3264; ppageno 0'>
   <div class='ocr_carea' id='block_1_1' title="bbox 253 236 1410 277">
    <p class='ocr_par' dir='ltr' id='par_1_1' title="bbox 253 236 1410 277">
     <span class='ocr_line' id='line_1_1' title="bbox 253 236 1410 277; baseline -0.002 -1"><span class='ocrx_word' id='word_1_1' title='bbox 253 248 396 277; x_wconf 72' lang='lat' dir='ltr'><strong>opmus</strong></span> <span class='ocrx_word' id='word_1_2' title='bbox 427 247 603 275; x_wconf 61' lang='lat' dir='ltr'><strong>mutar.</strong></span> <span class='ocrx_word' id='word_1_3' title='bbox 637 245 801 274; x_wconf 65' lang='lat' dir='ltr'><strong>con-rm</strong></span> <span class='ocrx_word' id='word_1_4' title='bbox 833 247 1003 275; x_wconf 64' lang='lat' dir='ltr'><strong>summ.</strong></span> <span class='ocrx_word' id='word_1_5' title='bbox 1038 249 1122 276; x_wconf 73' lang='lat' dir='ltr'><strong>Lus.</strong></span> <span class='ocrx_word' id='word_1_6' title='bbox 1158 249 1188 275; x_wconf 92' lang='lat'><strong>1.</strong></span> <span class='ocrx_word' id='word_1_7' title='bbox 1327 236 1410 274; x_wconf 75' lang='lat'><strong>223</strong></span> 
     </span>
    </p>
   </div>
   <div class='ocr_carea' id='block_1_2' title="bbox 0 309 1430 2774">
    <p class='ocr_par' dir='ltr' id='par_1_2' title="bbox 0 309 1430 2774">
     <span class='ocr_line' id='line_1_2' title="bbox 90 309 1414 370; baseline -0.002 -14"><span class='ocrx_word' id='word_1_8' title='bbox 90 311 247 357; x_wconf 88' lang='lat' dir='ltr'>LXIV.</span> <span class='ocrx_word' id='word_1_9' title='bbox 272 315 498 357; x_wconf 64' lang='lat' dir='ltr'><strong>,It-Limus.</strong></span> <span class='ocrx_word' id='word_1_10' title='bbox 518 311 561 357; x_wconf 91' lang='lat' dir='ltr'><strong>Si</strong></span> <span class='ocrx_word' id='word_1_11' title='bbox 574 311 704 370; x_wconf 85' lang='lat' dir='ltr'><strong>igitur</strong></span> <span class='ocrx_word' id='word_1_12' title='bbox 717 309 833 369; x_wconf 83' lang='lat' dir='ltr'><strong>legas</strong></span> <span class='ocrx_word' id='word_1_13' title='bbox 847 326 956 370; x_wconf 92' lang='lat' dir='ltr'><strong>opus</strong></span> <span class='ocrx_word' id='word_1_14' title='bbox 969 327 1132 368; x_wconf 90' lang='lat' dir='ltr'><strong>meum,</strong></span> <span class='ocrx_word' id='word_1_15' title='bbox 1150 311 1319 356; x_wconf 87' lang='lat' dir='ltr'><strong>desines</strong></span> <span class='ocrx_word' id='word_1_16' title='bbox 1331 311 1414 354; x_wconf 91' lang='lat' dir='ltr'><strong>mi-</strong></span> 
     </span>
     <span class='ocr_line' id='line_1_3' title="bbox 0 381 1411 446; baseline -0.003 -18"><span class='ocrx_word' id='word_1_17' title='bbox 0 439 1 446; x_wconf 15' lang='lat'><em>*</em></span> <span class='ocrx_word' id='word_1_18' title='bbox 33 382 138 440; x_wconf 88' lang='lat' dir='ltr'><strong>rari,</strong></span> <span class='ocrx_word' id='word_1_19' title='bbox 161 398 239 427; x_wconf 90' lang='lat' dir='ltr'><strong>cur</strong></span> <span class='ocrx_word' id='word_1_20' title='bbox 260 383 316 427; x_wconf 92' lang='lat' dir='ltr'><strong>ad</strong></span> <span class='ocrx_word' id='word_1_21' title='bbox 333 383 462 428; x_wconf 90' lang='lat' dir='ltr'><strong>verba</strong></span> <span class='ocrx_word' id='word_1_22' title='bbox 479 392 569 436; x_wconf 89' lang='lat' dir='ltr'><strong>tua,</strong></span> <span class='ocrx_word' id='word_1_23' title='bbox 593 397 693 441; x_wconf 79' lang='lat' dir='ltr'><strong>quae</strong></span> <span class='ocrx_word' id='word_1_24' title='bbox 717 396 846 440; x_wconf 91' lang='lat' dir='ltr'><strong>supra</strong></span> <span class='ocrx_word' id='word_1_25' title='bbox 869 397 1094 440; x_wconf 86' lang='lat' dir='ltr'><strong>posueram</strong></span> <span class='ocrx_word' id='word_1_26' title='bbox 1108 416 1119 437; x_wconf 91' lang='lat'><strong>,</strong></span> <span class='ocrx_word' id='word_1_27' title='bbox 1145 381 1411 427; x_wconf 87' lang='lat' dir='ltr'><strong>reverterim.</strong></span> 
     </span>
     <span class='ocr_line' id='line_1_4' title="bbox 0 450 1416 514; baseline -0.002 -16"><span class='ocrx_word' id='word_1_28' title='bbox 0 506 1 510; x_wconf 13' lang='lat'>¹</span> <span class='ocrx_word' id='word_1_29' title='bbox 34 454 315 498; x_wconf 89' lang='lat' dir='ltr'><strong>Promiseram</strong></span> <span class='ocrx_word' id='word_1_30' title='bbox 332 454 494 514; x_wconf 90' lang='lat' dir='ltr'><strong>quippe</strong></span> <span class='ocrx_word' id='word_1_31' title='bbox 517 467 586 497; x_wconf 91' lang='lat' dir='ltr'><strong>me</strong></span> <span class='ocrx_word' id='word_1_32' title='bbox 607 452 664 497; x_wconf 87' lang='lat' dir='ltr'><strong>de</strong></span> <span class='ocrx_word' id='word_1_33' title='bbox 686 450 853 511; x_wconf 88' lang='lat' dir='ltr'><strong>scriptis</strong></span> <span class='ocrx_word' id='word_1_34' title='bbox 870 452 955 495; x_wconf 89' lang='lat' dir='ltr'><strong>tuis</strong></span> <span class='ocrx_word' id='word_1_35' title='bbox 974 452 1283 512; x_wconf 87' lang='lat' dir='ltr'><strong>probaturum,</strong></span> <span class='ocrx_word' id='word_1_36' title='bbox 1308 467 1416 511; x_wconf 89' lang='lat' dir='ltr'><strong>quo-</strong></span> 
     </span>
     <span class='ocr_line' id='line_1_5' title="bbox 0 514 1417 584; baseline -0.001 -16"><span class='ocrx_word' id='word_1_37' title='bbox 0 514 1 518; x_wconf 25' lang='lat'><em>*</em></span> <span class='ocrx_word' id='word_1_38' title='bbox 31 523 148 568; x_wconf 85' lang='lat' dir='ltr'><strong>niam</strong></span> <span class='ocrx_word' id='word_1_39' title='bbox 165 533 214 569; x_wconf 89' lang='lat' dir='ltr'><strong>tu</strong></span> <span class='ocrx_word' id='word_1_40' title='bbox 232 524 346 569; x_wconf 87' lang='lat' dir='ltr'><strong>inter</strong></span> <span class='ocrx_word' id='word_1_41' title='bbox 371 525 638 584; x_wconf 85' lang='lat' dir='ltr'><strong>impietatem</strong></span> <span class='ocrx_word' id='word_1_42' title='bbox 664 538 798 583; x_wconf 89' lang='lat' dir='ltr'><strong>quam</strong></span> <span class='ocrx_word' id='word_1_43' title='bbox 818 523 1006 574; x_wconf 84' lang='lat' dir='ltr'><strong>biberas,</strong></span> <span class='ocrx_word' id='word_1_44' title='bbox 1031 532 1075 567; x_wconf 91' lang='lat' dir='ltr'><strong>et</strong></span> <span class='ocrx_word' id='word_1_45' title='bbox 1096 524 1188 583; x_wconf 82' lang='lat' dir='ltr'><strong>ejus</strong></span> <span class='ocrx_word' id='word_1_46' title='bbox 1209 522 1417 567; x_wconf 87' lang='lat' dir='ltr'><strong>invidiam</strong></span> 
     </span>
     <span class='ocr_line' id='line_1_6' title="bbox 34 593 1418 654; baseline -0.001 -17"><span class='ocrx_word' id='word_1_47' title='bbox 34 608 166 652; x_wconf 91' lang='lat' dir='ltr'><strong>quam</strong></span> <span class='ocrx_word' id='word_1_48' title='bbox 182 594 380 649; x_wconf 78' lang='lat' dir='ltr'><strong>timebas,</strong></span> <span class='ocrx_word' id='word_1_49' title='bbox 400 595 558 654; x_wconf 89' lang='lat' dir='ltr'><strong>pariter</strong></span> <span class='ocrx_word' id='word_1_50' title='bbox 570 602 808 653; x_wconf 90' lang='lat' dir='ltr'><strong>utrumque</strong></span> <span class='ocrx_word' id='word_1_51' title='bbox 829 593 1022 648; x_wconf 83' lang='lat' dir='ltr'><strong>dixisses,</strong></span> <span class='ocrx_word' id='word_1_52' title='bbox 1040 602 1083 637; x_wconf 88' lang='lat' dir='ltr'><strong>et</strong></span> <span class='ocrx_word' id='word_1_53' title='bbox 1098 593 1219 653; x_wconf 90' lang='lat' dir='ltr'><strong>quod</strong></span> <span class='ocrx_word' id='word_1_54' title='bbox 1233 609 1256 636; x_wconf 88' lang='lat' dir='ltr'><strong>a</strong></span> <span class='ocrx_word' id='word_1_55' title='bbox 1268 593 1418 637; x_wconf 88' lang='lat' dir='ltr'><strong>catho-</strong></span> 
     </span>
     <span class='ocr_line' id='line_1_7' title="bbox 33 662 1420 725; baseline -0.001 -17"><span class='ocrx_word' id='word_1_56' title='bbox 33 663 142 719; x_wconf 87' lang='lat' dir='ltr'><strong>licis,</strong></span> <span class='ocrx_word' id='word_1_57' title='bbox 163 673 207 709; x_wconf 90' lang='lat' dir='ltr'><strong>et</strong></span> <span class='ocrx_word' id='word_1_58' title='bbox 226 664 346 725; x_wconf 88' lang='lat' dir='ltr'><strong>quod</strong></span> <span class='ocrx_word' id='word_1_59' title='bbox 368 680 392 709; x_wconf 89' lang='lat' dir='ltr'><strong>a</strong></span> <span class='ocrx_word' id='word_1_60' title='bbox 413 664 664 710; x_wconf 89' lang='lat' dir='ltr'><strong>Manichaeis</strong></span> <span class='ocrx_word' id='word_1_61' title='bbox 684 664 811 708; x_wconf 89' lang='lat' dir='ltr'><strong>asseri</strong></span> <span class='ocrx_word' id='word_1_62' title='bbox 827 664 949 709; x_wconf 90' lang='lat' dir='ltr'><strong>solet.</strong></span> <span class='ocrx_word' id='word_1_63' title='bbox 979 667 1055 709; x_wconf 90' lang='lat' dir='ltr'><strong>Est</strong></span> <span class='ocrx_word' id='word_1_64' title='bbox 1076 664 1223 723; x_wconf 86' lang='lat' dir='ltr'><strong>itaque</strong></span> <span class='ocrx_word' id='word_1_65' title='bbox 1239 663 1302 706; x_wconf 90' lang='lat' dir='ltr'><strong>ibi</strong></span> <span class='ocrx_word' id='word_1_66' title='bbox 1323 662 1420 706; x_wconf 86' lang='lat' dir='ltr'><strong>talis</strong></span> 
     </span>
     <span class='ocr_line' id='line_1_8' title="bbox 0 725 1420 796; baseline -0.001 -16"><span class='ocrx_word' id='word_1_67' title='bbox 0 725 3 744; x_wconf 65' lang='lat'><em>:</em></span> <span class='ocrx_word' id='word_1_68' title='bbox 35 734 142 780; x_wconf 90' lang='lat' dir='ltr'><strong>ordo</strong></span> <span class='ocrx_word' id='word_1_69' title='bbox 155 736 387 781; x_wconf 88' lang='lat' dir='ltr'><strong>verborum</strong></span> <span class='ocrx_word' id='word_1_70' title='bbox 400 736 602 781; x_wconf 89' lang='lat' dir='ltr'><strong>admotus</strong></span> <span class='ocrx_word' id='word_1_71' title='bbox 614 744 691 781; x_wconf 88' lang='lat' dir='ltr'><strong>tuo</strong></span> <span class='ocrx_word' id='word_1_72' title='bbox 703 736 850 796; x_wconf 88' lang='lat' dir='ltr'><strong>capiti,</strong></span> <span class='ocrx_word' id='word_1_73' title='bbox 867 735 986 796; x_wconf 90' lang='lat' dir='ltr'><strong>quod</strong></span> <span class='ocrx_word' id='word_1_74' title='bbox 1001 751 1120 780; x_wconf 90' lang='lat' dir='ltr'><strong>nunc</strong></span> <span class='ocrx_word' id='word_1_75' title='bbox 1134 734 1278 779; x_wconf 88' lang='lat' dir='ltr'><strong>fronte</strong></span> <span class='ocrx_word' id='word_1_76' title='bbox 1292 749 1420 792; x_wconf 91' lang='lat' dir='ltr'><strong>syco-</strong></span> 
     </span>
     <span class='ocr_line' id='line_1_9' title="bbox 34 805 1421 866; baseline -0.001 -17"><span class='ocrx_word' id='word_1_77' title='bbox 34 805 211 864; x_wconf 85' lang='lat' dir='ltr'><strong>phantae</strong></span> <span class='ocrx_word' id='word_1_78' title='bbox 232 806 542 866; x_wconf 88' lang='lat' dir='ltr'><strong>interpolatum</strong></span> <span class='ocrx_word' id='word_1_79' title='bbox 565 806 695 850; x_wconf 87' lang='lat' dir='ltr'><strong>fuisse</strong></span> <span class='ocrx_word' id='word_1_80' title='bbox 727 806 934 851; x_wconf 88' lang='lat' dir='ltr'><strong>mentitus</strong></span> <span class='ocrx_word' id='word_1_81' title='bbox 960 821 1017 850; x_wconf 90' lang='lat' dir='ltr'><strong>es.</strong></span> <span class='ocrx_word' id='word_1_82' title='bbox 1047 806 1143 851; x_wconf 89' lang='lat' dir='ltr'><strong>Scio</strong></span> <span class='ocrx_word' id='word_1_83' title='bbox 1165 820 1235 849; x_wconf 89' lang='lat' dir='ltr'><strong>me</strong></span> <span class='ocrx_word' id='word_1_84' title='bbox 1263 819 1421 863; x_wconf 88' lang='lat' dir='ltr'><strong>magna</strong></span> 
     </span>
     <span class='ocr_line' id='line_1_10' title="bbox 35 875 1418 937; baseline -0.002 -15"><span class='ocrx_word' id='word_1_85' title='bbox 35 875 293 936; x_wconf 89' lang='lat' dir='ltr'><strong>pollicitum,</strong></span> <span class='ocrx_word' id='word_1_86' title='bbox 310 878 446 934; x_wconf 89' lang='lat' dir='ltr'><strong>idest,</strong></span> <span class='ocrx_word' id='word_1_87' title='bbox 460 887 511 923; x_wconf 88' lang='lat' dir='ltr'><strong>ut</strong></span> <span class='ocrx_word' id='word_1_88' title='bbox 520 878 575 923; x_wconf 92' lang='lat' dir='ltr'><strong>de</strong></span> <span class='ocrx_word' id='word_1_89' title='bbox 588 877 818 922; x_wconf 90' lang='lat' dir='ltr'><strong>adversarii</strong></span> <span class='ocrx_word' id='word_1_90' title='bbox 831 878 1100 922; x_wconf 87' lang='lat' dir='ltr'><strong>sermonibus</strong></span> <span class='ocrx_word' id='word_1_91' title='bbox 1116 877 1418 937; x_wconf 87' lang='lat' dir='ltr'><strong>approbarem,</strong></span> 
     </span>
     <span class='ocr_line' id='line_1_11' title="bbox 37 948 1422 1010; baseline -0.001 -18"><span class='ocrx_word' id='word_1_92' title='bbox 37 956 80 992; x_wconf 88' lang='lat' dir='ltr'><strong>et</strong></span> <span class='ocrx_word' id='word_1_93' title='bbox 91 962 164 993; x_wconf 86' lang='lat' dir='ltr'><strong>eos</strong></span> <span class='ocrx_word' id='word_1_94' title='bbox 176 950 251 1009; x_wconf 90' lang='lat' dir='ltr'><strong>qui</strong></span> <span class='ocrx_word' id='word_1_95' title='bbox 264 949 461 994; x_wconf 91' lang='lat' dir='ltr'><strong>homines</strong></span> <span class='ocrx_word' id='word_1_96' title='bbox 471 965 579 1009; x_wconf 91' lang='lat' dir='ltr'><strong>opus</strong></span> <span class='ocrx_word' id='word_1_97' title='bbox 595 949 671 993; x_wconf 89' lang='lat' dir='ltr'><strong>Dei</strong></span> <span class='ocrx_word' id='word_1_98' title='bbox 688 958 864 1008; x_wconf 88' lang='lat' dir='ltr'><strong>negant,</strong></span> <span class='ocrx_word' id='word_1_99' title='bbox 879 950 977 1010; x_wconf 84' lang='lat' dir='ltr'><strong>jure</strong></span> <span class='ocrx_word' id='word_1_100' title='bbox 991 948 1204 1003; x_wconf 88' lang='lat' dir='ltr'><strong>damnari,</strong></span> <span class='ocrx_word' id='word_1_101' title='bbox 1225 956 1268 991; x_wconf 88' lang='lat' dir='ltr'><strong>et</strong></span> <span class='ocrx_word' id='word_1_102' title='bbox 1290 949 1422 991; x_wconf 91' lang='lat' dir='ltr'><strong>istum</strong></span> 
     </span>
     <span class='ocr_line' id='line_1_12' title="bbox 36 1019 1424 1082; baseline -0.001 -19"><span class='ocrx_word' id='word_1_103' title='bbox 36 1020 200 1079; x_wconf 89' lang='lat' dir='ltr'><strong>ipsum,</strong></span> <span class='ocrx_word' id='word_1_104' title='bbox 226 1021 302 1082; x_wconf 92' lang='lat' dir='ltr'><strong>qui</strong></span> <span class='ocrx_word' id='word_1_105' title='bbox 328 1022 414 1066; x_wconf 92' lang='lat' dir='ltr'><strong>hoc</strong></span> <span class='ocrx_word' id='word_1_106' title='bbox 445 1022 696 1076; x_wconf 89' lang='lat' dir='ltr'><strong>confitetur,</strong></span> <span class='ocrx_word' id='word_1_107' title='bbox 731 1019 841 1065; x_wconf 89' lang='lat' dir='ltr'><strong>nihil</strong></span> <span class='ocrx_word' id='word_1_108' title='bbox 867 1020 987 1066; x_wconf 88' lang='lat' dir='ltr'><strong>aliud</strong></span> <span class='ocrx_word' id='word_1_109' title='bbox 1020 1034 1171 1078; x_wconf 88' lang='lat' dir='ltr'><strong>agere,</strong></span> <span class='ocrx_word' id='word_1_110' title='bbox 1207 1033 1341 1079; x_wconf 91' lang='lat' dir='ltr'><strong>quam</strong></span> <span class='ocrx_word' id='word_1_111' title='bbox 1374 1026 1424 1062; x_wconf 89' lang='lat' dir='ltr'><strong>ut</strong></span> 
     </span>
     <span class='ocr_line' id='line_1_13' title="bbox 0 1089 1423 1154; baseline -0.001 -21"><span class='ocrx_word' id='word_1_112' title='bbox 0 1099 8 1154; x_wconf 56' lang='lat'>1</span> <span class='ocrx_word' id='word_1_113' title='bbox 35 1089 256 1148; x_wconf 90' lang='lat' dir='ltr'><strong>peculium</strong></span> <span class='ocrx_word' id='word_1_114' title='bbox 278 1091 441 1136; x_wconf 85' lang='lat' dir='ltr'><strong>diaboli</strong></span> <span class='ocrx_word' id='word_1_115' title='bbox 462 1092 691 1138; x_wconf 86' lang='lat' dir='ltr'><strong>confirmet</strong></span> <span class='ocrx_word' id='word_1_116' title='bbox 717 1107 823 1146; x_wconf 89' lang='lat' dir='ltr'><strong>esse,</strong></span> <span class='ocrx_word' id='word_1_117' title='bbox 845 1090 1064 1152; x_wconf 88' lang='lat' dir='ltr'><strong>quidquid</strong></span> <span class='ocrx_word' id='word_1_118' title='bbox 1092 1089 1146 1134; x_wconf 92' lang='lat' dir='ltr'><strong>de</strong></span> <span class='ocrx_word' id='word_1_119' title='bbox 1169 1089 1423 1148; x_wconf 88' lang='lat' dir='ltr'><strong>nuptiarum</strong></span> 
     </span>
     <span class='ocr_line' id='line_1_14' title="bbox 0 1155 1425 1239; baseline -0.001 -35"><span class='ocrx_word' id='word_1_120' title='bbox 0 1155 7 1239; x_wconf 58' lang='grc' dir='ltr'><strong>ᾗ</strong></span> <span class='ocrx_word' id='word_1_121' title='bbox 36 1158 323 1206; x_wconf 85' lang='lat' dir='ltr'><strong>foecunditate</strong></span> <span class='ocrx_word' id='word_1_122' title='bbox 349 1163 563 1222; x_wconf 86' lang='lat' dir='ltr'><strong>procedit.</strong></span> <span class='ocrx_word' id='word_1_123' title='bbox 591 1165 686 1207; x_wconf 93' lang='lat' dir='ltr'><strong>Hoc</strong></span> <span class='ocrx_word' id='word_1_124' title='bbox 723 1162 840 1206; x_wconf 89' lang='lat' dir='ltr'><strong>enim</strong></span> <span class='ocrx_word' id='word_1_125' title='bbox 874 1177 1053 1220; x_wconf 87' lang='lat' dir='ltr'><strong>genere,</strong></span> <span class='ocrx_word' id='word_1_126' title='bbox 1096 1160 1327 1221; x_wconf 88' lang='lat' dir='ltr'><strong>patrocinii</strong></span> <span class='ocrx_word' id='word_1_127' title='bbox 1359 1158 1425 1203; x_wconf 91' lang='lat' dir='ltr'><strong>sui</strong></span> 
     </span>
     <span class='ocr_line' id='line_1_15' title="bbox 0 1231 1425 1294; baseline -0.001 -19"><span class='ocrx_word' id='word_1_128' title='bbox 0 1242 7 1294; x_wconf 61' lang='lat' dir='ltr'>p</span> <span class='ocrx_word' id='word_1_129' title='bbox 37 1246 213 1292; x_wconf 88' lang='lat' dir='ltr'><strong>quoque</strong></span> <span class='ocrx_word' id='word_1_130' title='bbox 233 1231 426 1291; x_wconf 89' lang='lat' dir='ltr'><strong>legibus,</strong></span> <span class='ocrx_word' id='word_1_131' title='bbox 446 1234 789 1279; x_wconf 60' lang='lat' dir='ltr'><strong>Manichaeorum</strong></span> <span class='ocrx_word' id='word_1_132' title='bbox 804 1233 953 1293; x_wconf 89' lang='lat' dir='ltr'><strong>opinio</strong></span> <span class='ocrx_word' id='word_1_133' title='bbox 974 1232 1237 1277; x_wconf 89' lang='lat' dir='ltr'><strong>destruetur.</strong></span> <span class='ocrx_word' id='word_1_134' title='bbox 1260 1234 1425 1275; x_wconf 90' lang='lat' dir='ltr'><strong>Verum</strong></span> 
     </span>
     <span class='ocr_line' id='line_1_16' title="bbox 39 1299 1425 1362; baseline -0.001 -17"><span class='ocrx_word' id='word_1_135' title='bbox 39 1299 83 1345; x_wconf 90' lang='lat' dir='ltr'><strong>id</strong></span> <span class='ocrx_word' id='word_1_136' title='bbox 102 1310 192 1346; x_wconf 87' lang='lat' dir='ltr'><strong>tota</strong></span> <span class='ocrx_word' id='word_1_137' title='bbox 211 1301 312 1346; x_wconf 87' lang='lat' dir='ltr'><strong>libri</strong></span> <span class='ocrx_word' id='word_1_138' title='bbox 331 1305 423 1362; x_wconf 88' lang='lat' dir='ltr'><strong>ejus</strong></span> <span class='ocrx_word' id='word_1_139' title='bbox 453 1303 628 1348; x_wconf 82' lang='lat' dir='ltr'><strong>exordia</strong></span> <span class='ocrx_word' id='word_1_140' title='bbox 650 1302 946 1362; x_wconf 86' lang='lat' dir='ltr'><strong>publicarunt.</strong></span> <span class='ocrx_word' id='word_1_141' title='bbox 974 1304 1045 1347; x_wconf 87' lang='lat' dir='ltr'><strong>Ait</strong></span> <span class='ocrx_word' id='word_1_142' title='bbox 1073 1304 1189 1346; x_wconf 90' lang='lat' dir='ltr'><strong>enim</strong></span> <span class='ocrx_word' id='word_1_143' title='bbox 1208 1317 1316 1361; x_wconf 92' lang='lat' dir='ltr'><strong>opus</strong></span> <span class='ocrx_word' id='word_1_144' title='bbox 1336 1313 1425 1344; x_wconf 87' lang='lat' dir='ltr'><strong>esse</strong></span> 
     </span>
     <span class='ocr_line' id='line_1_17' title="bbox 39 1371 1426 1433; baseline -0.001 -17"><span class='ocrx_word' id='word_1_145' title='bbox 39 1371 235 1417; x_wconf 88' lang='lat' dir='ltr'><strong>divinum</strong></span> <span class='ocrx_word' id='word_1_146' title='bbox 252 1373 449 1418; x_wconf 89' lang='lat' dir='ltr'><strong>homines</strong></span> <span class='ocrx_word' id='word_1_147' title='bbox 463 1408 473 1428; x_wconf 88' lang='lat'><strong>,</strong></span> <span class='ocrx_word' id='word_1_148' title='bbox 504 1374 581 1433; x_wconf 90' lang='lat' dir='ltr'><strong>qui</strong></span> <span class='ocrx_word' id='word_1_149' title='bbox 602 1389 652 1417; x_wconf 87' lang='lat' dir='ltr'><strong>ex</strong></span> <span class='ocrx_word' id='word_1_150' title='bbox 673 1374 835 1433; x_wconf 89' lang='lat' dir='ltr'><strong>nuptiis</strong></span> <span class='ocrx_word' id='word_1_151' title='bbox 853 1409 863 1429; x_wconf 96' lang='lat'><strong>,</strong></span> <span class='ocrx_word' id='word_1_152' title='bbox 882 1373 926 1417; x_wconf 92' lang='lat' dir='ltr'><strong>id</strong></span> <span class='ocrx_word' id='word_1_153' title='bbox 949 1383 1028 1431; x_wconf 87' lang='lat' dir='ltr'><strong>est,</strong></span> <span class='ocrx_word' id='word_1_154' title='bbox 1053 1388 1105 1417; x_wconf 90' lang='lat' dir='ltr'><strong>ex</strong></span> <span class='ocrx_word' id='word_1_155' title='bbox 1122 1373 1314 1417; x_wconf 82' lang='lat' dir='ltr'><strong>maribus</strong></span> <span class='ocrx_word' id='word_1_156' title='bbox 1331 1385 1426 1415; x_wconf 87' lang='lat' dir='ltr'><strong>nas-</strong></span> 
     </span>
     <span class='ocr_line' id='line_1_18' title="bbox 2 1437 1426 1505; baseline -0.001 -18"><span class='ocrx_word' id='word_1_157' title='bbox 2 1437 6 1500; x_wconf 66' lang='lat'><em>}</em></span> <span class='ocrx_word' id='word_1_158' title='bbox 39 1451 111 1487; x_wconf 89' lang='lat' dir='ltr'><strong>tur</strong></span> <span class='ocrx_word' id='word_1_159' title='bbox 138 1452 182 1488; x_wconf 92' lang='lat' dir='ltr'><strong>et</strong></span> <span class='ocrx_word' id='word_1_160' title='bbox 203 1443 396 1488; x_wconf 87' lang='lat' dir='ltr'><strong>foeminis</strong></span> <span class='ocrx_word' id='word_1_161' title='bbox 424 1463 433 1489; x_wconf 73' lang='grc' dir='ltr'>ε</span> <span class='ocrx_word' id='word_1_162' title='bbox 459 1460 546 1505; x_wconf 91' lang='lat' dir='ltr'><strong>qua</strong></span> <span class='ocrx_word' id='word_1_163' title='bbox 582 1446 796 1489; x_wconf 88' lang='lat' dir='ltr'><strong>sententia</strong></span> <span class='ocrx_word' id='word_1_164' title='bbox 824 1460 953 1489; x_wconf 86' lang='lat' dir='ltr'><strong>omne</strong></span> <span class='ocrx_word' id='word_1_165' title='bbox 979 1444 1100 1504; x_wconf 87' lang='lat' dir='ltr'><strong>quod</strong></span> <span class='ocrx_word' id='word_1_166' title='bbox 1132 1453 1224 1488; x_wconf 88' lang='lat' dir='ltr'><strong>erat</strong></span> <span class='ocrx_word' id='word_1_167' title='bbox 1251 1452 1426 1488; x_wconf 86' lang='lat' dir='ltr'><strong>acturus</strong></span> 
     </span>
     <span class='ocr_line' id='line_1_19' title="bbox 0 1508 1428 1574; baseline -0.002 -17"><span class='ocrx_word' id='word_1_168' title='bbox 0 1508 5 1544; x_wconf 59' lang='grc' dir='ltr'>ἶ</span> <span class='ocrx_word' id='word_1_169' title='bbox 40 1514 218 1569; x_wconf 82' lang='lat' dir='ltr'><strong>evertit,</strong></span> <span class='ocrx_word' id='word_1_170' title='bbox 244 1515 480 1574; x_wconf 88' lang='lat' dir='ltr'><strong>nosbisque</strong></span> <span class='ocrx_word' id='word_1_171' title='bbox 507 1515 737 1559; x_wconf 78' lang='lat' dir='ltr'><strong>assentitur</strong></span> <span class='ocrx_word' id='word_1_172' title='bbox 765 1514 1012 1559; x_wconf 88' lang='lat' dir='ltr'><strong>dicentibus</strong></span> <span class='ocrx_word' id='word_1_173' title='bbox 1035 1530 1123 1558; x_wconf 89' lang='lat' dir='ltr'><strong>esse</strong></span> <span class='ocrx_word' id='word_1_174' title='bbox 1146 1513 1322 1573; x_wconf 79' lang='lat' dir='ltr'><strong>impios,</strong></span> <span class='ocrx_word' id='word_1_175' title='bbox 1349 1511 1428 1572; x_wconf 89' lang='lat' dir='ltr'><strong>qui</strong></span> 
     </span>
     <span class='ocr_line' id='line_1_20' title="bbox 39 1583 1423 1644; baseline -0.001 -17"><span class='ocrx_word' id='word_1_176' title='bbox 39 1583 134 1628; x_wconf 85' lang='lat' dir='ltr'><strong>haec</strong></span> <span class='ocrx_word' id='word_1_177' title='bbox 157 1583 345 1629; x_wconf 87' lang='lat' dir='ltr'><strong>audeant</strong></span> <span class='ocrx_word' id='word_1_178' title='bbox 360 1585 590 1644; x_wconf 88' lang='lat' dir='ltr'><strong>denegare.</strong></span> <span class='ocrx_word' id='word_1_179' title='bbox 616 1585 825 1630; x_wconf 85' lang='lat' dir='ltr'><strong>Absoluta</strong></span> <span class='ocrx_word' id='word_1_180' title='bbox 846 1585 978 1644; x_wconf 86' lang='lat' dir='ltr'><strong>igitur</strong></span> <span class='ocrx_word' id='word_1_181' title='bbox 991 1585 1081 1644; x_wconf 87' lang='lat' dir='ltr'><strong>jam</strong></span> <span class='ocrx_word' id='word_1_182' title='bbox 1102 1600 1190 1628; x_wconf 87' lang='lat' dir='ltr'><strong>una</strong></span> <span class='ocrx_word' id='word_1_183' title='bbox 1211 1598 1309 1643; x_wconf 90' lang='lat' dir='ltr'><strong>pars</strong></span> <span class='ocrx_word' id='word_1_184' title='bbox 1330 1591 1393 1626; x_wconf 86' lang='lat' dir='ltr'><strong>est</strong></span> <span class='ocrx_word' id='word_1_185' title='bbox 1414 1600 1423 1626; x_wconf 78' lang='lat' dir='ltr'><strong>t</strong></span> 
     </span>
     <span class='ocr_line' id='line_1_21' title="bbox 43 1655 1429 1716; baseline -0.001 -18"><span class='ocrx_word' id='word_1_186' title='bbox 43 1664 236 1714; x_wconf 88' lang='lat' dir='ltr'><strong>superest</strong></span> <span class='ocrx_word' id='word_1_187' title='bbox 256 1665 307 1700; x_wconf 89' lang='lat' dir='ltr'><strong>ut</strong></span> <span class='ocrx_word' id='word_1_188' title='bbox 332 1657 580 1711; x_wconf 88' lang='lat' dir='ltr'><strong>ostendam,</strong></span> <span class='ocrx_word' id='word_1_189' title='bbox 614 1657 661 1700; x_wconf 88' lang='lat' dir='ltr'><strong>id</strong></span> <span class='ocrx_word' id='word_1_190' title='bbox 696 1671 798 1700; x_wconf 91' lang='lat' dir='ltr'><strong>eum</strong></span> <span class='ocrx_word' id='word_1_191' title='bbox 825 1655 946 1716; x_wconf 89' lang='lat' dir='ltr'><strong>quod</strong></span> <span class='ocrx_word' id='word_1_192' title='bbox 978 1671 1119 1715; x_wconf 88' lang='lat' dir='ltr'><strong>nuper</strong></span> <span class='ocrx_word' id='word_1_193' title='bbox 1150 1655 1429 1714; x_wconf 78' lang='lat' dir='ltr'><strong>impugnarat</strong></span> 
     </span>
     <span class='ocr_line' id='line_1_22' title="bbox 44 1725 1429 1788; baseline -0.001 -18"><span class='ocrx_word' id='word_1_194' title='bbox 44 1735 248 1771; x_wconf 86' lang='lat' dir='ltr'><strong>astruere.</strong></span> <span class='ocrx_word' id='word_1_195' title='bbox 281 1727 450 1781; x_wconf 87' lang='lat' dir='ltr'><strong>Quibus</strong></span> <span class='ocrx_word' id='word_1_196' title='bbox 487 1728 610 1772; x_wconf 87' lang='lat' dir='ltr'><strong>dictis</strong></span> <span class='ocrx_word' id='word_1_197' title='bbox 631 1737 801 1788; x_wconf 89' lang='lat' dir='ltr'><strong>partem</strong></span> <span class='ocrx_word' id='word_1_198' title='bbox 823 1738 919 1772; x_wconf 82' lang='lat' dir='ltr'><strong>tum</strong></span> <span class='ocrx_word' id='word_1_199' title='bbox 948 1727 1098 1787; x_wconf 87' lang='lat' dir='ltr'><strong>capitis</strong></span> <span class='ocrx_word' id='word_1_200' title='bbox 1125 1725 1354 1771; x_wconf 87' lang='lat' dir='ltr'><strong>retractavi</strong></span> <span class='ocrx_word' id='word_1_201' title='bbox 1382 1725 1429 1768; x_wconf 90' lang='lat' dir='ltr'><strong>in</strong></span> 
     </span>
     <span class='ocr_line' id='line_1_23' title="bbox 1 1787 1426 1859; baseline -0.002 -18"><span class='ocrx_word' id='word_1_202' title='bbox 1 1787 6 1847; x_wconf 69' lang='lat' dir='ltr'>l</span> <span class='ocrx_word' id='word_1_203' title='bbox 45 1812 131 1857; x_wconf 88' lang='lat' dir='ltr'><strong>qua</strong></span> <span class='ocrx_word' id='word_1_204' title='bbox 151 1798 340 1854; x_wconf 80' lang='lat' dir='ltr'><strong>dixeras,</strong></span> <span class='ocrx_word' id='word_1_205' title='bbox 364 1817 385 1840; x_wconf 90' lang='lat'>»</span> <span class='ocrx_word' id='word_1_206' title='bbox 410 1801 495 1843; x_wconf 90' lang='lat' dir='ltr'><strong>Eos</strong></span> <span class='ocrx_word' id='word_1_207' title='bbox 510 1833 521 1854; x_wconf 93' lang='lat'><strong>,</strong></span> <span class='ocrx_word' id='word_1_208' title='bbox 546 1799 622 1859; x_wconf 88' lang='lat' dir='ltr'><strong>qui</strong></span> <span class='ocrx_word' id='word_1_209' title='bbox 653 1798 708 1842; x_wconf 88' lang='lat' dir='ltr'><strong>de</strong></span> <span class='ocrx_word' id='word_1_210' title='bbox 729 1797 805 1842; x_wconf 87' lang='lat' dir='ltr'><strong>tali</strong></span> <span class='ocrx_word' id='word_1_211' title='bbox 830 1798 1136 1843; x_wconf 88' lang='lat' dir='ltr'><strong>commixtione</strong></span> <span class='ocrx_word' id='word_1_212' title='bbox 1170 1805 1426 1849; x_wconf 85' lang='lat' dir='ltr'><strong>nascuntur,</strong></span> 
     </span>
     <span class='ocr_line' id='line_1_24' title="bbox 1 1852 1430 1944; baseline -0.002 -32"><span class='ocrx_word' id='word_1_213' title='bbox 1 1852 6 1944; x_wconf 65' lang='grc' dir='ltr'><strong>ἰ</strong></span> <span class='ocrx_word' id='word_1_214' title='bbox 46 1867 228 1914; x_wconf 87' lang='lat' dir='ltr'><strong>dicimus</strong></span> <span class='ocrx_word' id='word_1_215' title='bbox 244 1870 415 1914; x_wconf 90' lang='lat' dir='ltr'><strong>trahere</strong></span> <span class='ocrx_word' id='word_1_216' title='bbox 435 1869 643 1928; x_wconf 85' lang='lat' dir='ltr'><strong>originale</strong></span> <span class='ocrx_word' id='word_1_217' title='bbox 656 1878 900 1929; x_wconf 86' lang='lat' dir='ltr'><strong>peccatum,</strong></span> <span class='ocrx_word' id='word_1_218' title='bbox 923 1884 1083 1929; x_wconf 89' lang='lat' dir='ltr'><strong>eosque</strong></span> <span class='ocrx_word' id='word_1_219' title='bbox 1101 1867 1156 1912; x_wconf 94' lang='lat' dir='ltr'><strong>de</strong></span> <span class='ocrx_word' id='word_1_220' title='bbox 1176 1866 1430 1927; x_wconf 90' lang='lat' dir='ltr'><strong>parentibus</strong></span> 
     </span>
     <span class='ocr_line' id='line_1_25' title="bbox 1 1935 1430 2001; baseline -0.003 -18"><span class='ocrx_word' id='word_1_221' title='bbox 1 1945 6 1990; x_wconf 73' lang='lat' dir='ltr'><strong>i</strong></span> <span class='ocrx_word' id='word_1_222' title='bbox 46 1939 439 2001; x_wconf 86' lang='lat' dir='ltr'><strong>qualibuscumque</strong></span> <span class='ocrx_word' id='word_1_223' title='bbox 461 1949 709 1994; x_wconf 87' lang='lat' dir='ltr'><strong>nascantur,</strong></span> <span class='ocrx_word' id='word_1_224' title='bbox 733 1955 822 1984; x_wconf 90' lang='lat' dir='ltr'><strong>non</strong></span> <span class='ocrx_word' id='word_1_225' title='bbox 844 1954 1052 1999; x_wconf 85' lang='lat' dir='ltr'><strong>negamus</strong></span> <span class='ocrx_word' id='word_1_226' title='bbox 1074 1939 1217 1983; x_wconf 91' lang='lat' dir='ltr'><strong>adhuc</strong></span> <span class='ocrx_word' id='word_1_227' title='bbox 1239 1952 1326 1982; x_wconf 90' lang='lat' dir='ltr'><strong>esse</strong></span> <span class='ocrx_word' id='word_1_228' title='bbox 1349 1935 1430 1980; x_wconf 88' lang='lat' dir='ltr'><strong>sub</strong></span> 
     </span>
     <span class='ocr_line' id='line_1_26' title="bbox 0 2000 1430 2213; baseline -0.004 -157"><span class='ocrx_word' id='word_1_229' title='bbox 0 2000 7 2213; x_wconf 61' lang='lat'>³</span> <span class='ocrx_word' id='word_1_230' title='bbox 48 2007 223 2056; x_wconf 88' lang='lat' dir='ltr'><strong>diabolo</strong></span> <span class='ocrx_word' id='word_1_231' title='bbox 238 2046 249 2067; x_wconf 93' lang='lat'><strong>,</strong></span> <span class='ocrx_word' id='word_1_232' title='bbox 274 2011 356 2056; x_wconf 88' lang='lat' dir='ltr'><strong>nisi</strong></span> <span class='ocrx_word' id='word_1_233' title='bbox 377 2020 658 2056; x_wconf 87' lang='lat' dir='ltr'><strong>renascantur</strong></span> <span class='ocrx_word' id='word_1_234' title='bbox 678 2011 724 2054; x_wconf 91' lang='lat' dir='ltr'><strong>in</strong></span> <span class='ocrx_word' id='word_1_235' title='bbox 748 2010 941 2065; x_wconf 91' lang='lat' dir='ltr'><strong>Christo,</strong></span> <span class='ocrx_word' id='word_1_236' title='bbox 973 2019 1015 2053; x_wconf 94' lang='lat' dir='ltr'><strong>et</strong></span> <span class='ocrx_word' id='word_1_237' title='bbox 1037 2024 1113 2069; x_wconf 89' lang='lat' dir='ltr'><strong>per</strong></span> <span class='ocrx_word' id='word_1_238' title='bbox 1134 2010 1224 2068; x_wconf 86' lang='lat' dir='ltr'><strong>ejus</strong></span> <span class='ocrx_word' id='word_1_239' title='bbox 1248 2008 1430 2068; x_wconf 75' lang='lat' dir='ltr'><strong>gratiam</strong></span> 
     </span>
     <span class='ocr_line' id='line_1_27' title="bbox 0 2222 7 2356; baseline 0 -18"><span class='ocrx_word' id='word_1_240' title='bbox 0 2222 7 2356; x_wconf 69' lang='lat'>1</span> 
     </span>
     <span class='ocr_line' id='line_1_28' title="bbox 3 2379 7 2400; baseline 0 0"><span class='ocrx_word' id='word_1_241' title='bbox 3 2379 7 2400; x_wconf 66' lang='lat' dir='ltr'><strong>l</strong></span> 
     </span>
     <span class='ocr_line' id='line_1_29' title="bbox 2 2403 7 2479; baseline 0 0"><span class='ocrx_word' id='word_1_242' title='bbox 2 2403 7 2479; x_wconf 68' lang='grc' dir='ltr'>ἔ</span> 
     </span>
     <span class='ocr_line' id='line_1_30' title="bbox 3 2491 7 2515; baseline 0 0"><span class='ocrx_word' id='word_1_243' title='bbox 3 2491 7 2515; x_wconf 73' lang='lat' dir='ltr'><strong>l</strong></span> 
     </span>
     <span class='ocr_line' id='line_1_31' title="bbox 4 2520 7 2558; baseline 0 0"><span class='ocrx_word' id='word_1_244' title='bbox 4 2520 7 2558; x_wconf 85' lang='grc' dir='ltr'>Ι</span> 
     </span>
     <span class='ocr_line' id='line_1_32' title="bbox 3 2570 7 2632; baseline 0 0"><span class='ocrx_word' id='word_1_245' title='bbox 3 2570 7 2632; x_wconf 70' lang='grc' dir='ltr'>Ξ</span> 
     </span>
     <span class='ocr_line' id='line_1_33' title="bbox 4 2670 7 2704; baseline 0 0"><span class='ocrx_word' id='word_1_246' title='bbox 4 2670 7 2704; x_wconf 71' lang='lat' dir='ltr'>l</span> 
     </span>
     <span class='ocr_line' id='line_1_34' title="bbox 5 2710 7 2735; baseline 0 0"><span class='ocrx_word' id='word_1_247' title='bbox 5 2710 7 2735; x_wconf 95' lang='grc' dir='ltr'>Ι</span> 
     </span>
     <span class='ocr_line' id='line_1_35' title="bbox 4 2747 7 2774; baseline 0 0"><span class='ocrx_word' id='word_1_248' title='bbox 4 2747 7 2774; x_wconf 81' lang='grc' dir='ltr'><strong><em>ι</em></strong></span> 
     </span>
    </p>
   </div>
   <div class='ocr_carea' id='block_1_3' title="bbox 0 302 14 1097">
    <p class='ocr_par' dir='ltr' id='par_1_3' title="bbox 0 302 14 1097">
     <span class='ocr_line' id='line_1_36' title="bbox 0 302 14 1097; baseline 0 2167"><span class='ocrx_word' id='word_1_249' title='bbox 0 302 14 1097; x_wconf 95' lang='lat' dir='ltr'><strong> </strong></span> 
     </span>
    </p>
   </div>
   <div class='ocr_carea' id='block_1_4' title="bbox 2 1549 7 1783">
    <p class='ocr_par' dir='ltr' id='par_1_4' title="bbox 2 1549 7 1783">
     <span class='ocr_line' id='line_1_37' title="bbox 2 1549 7 1783; baseline 0 1481"><span class='ocrx_word' id='word_1_250' title='bbox 2 1549 7 1783; x_wconf 95' lang='lat' dir='ltr'><strong> </strong></span> 
     </span>
    </p>
   </div>
   <div class='ocr_carea' id='block_1_5' title="bbox 3 2078 1489 2638">
    <p class='ocr_par' dir='ltr' id='par_1_5' title="bbox 3 2078 1489 2638">
     <span class='ocr_line' id='line_1_38' title="bbox 48 2078 1434 2140; baseline -0.002 -17"><span class='ocrx_word' id='word_1_251' title='bbox 48 2080 103 2124; x_wconf 90' lang='lat' dir='ltr'><strong>de</strong></span> <span class='ocrx_word' id='word_1_252' title='bbox 123 2090 336 2140; x_wconf 87' lang='lat' dir='ltr'><strong>potestate</strong></span> <span class='ocrx_word' id='word_1_253' title='bbox 357 2083 470 2126; x_wconf 87' lang='lat' dir='ltr'><strong>eruti</strong></span> <span class='ocrx_word' id='word_1_254' title='bbox 506 2082 810 2136; x_wconf 89' lang='lat' dir='ltr'><strong>tenebrarum,</strong></span> <span class='ocrx_word' id='word_1_255' title='bbox 840 2081 886 2124; x_wconf 91' lang='lat' dir='ltr'><strong>in</strong></span> <span class='ocrx_word' id='word_1_256' title='bbox 913 2095 1095 2138; x_wconf 85' lang='lat' dir='ltr'><strong>regnum</strong></span> <span class='ocrx_word' id='word_1_257' title='bbox 1130 2078 1244 2123; x_wconf 89' lang='lat' dir='ltr'><strong>illius</strong></span> <span class='ocrx_word' id='word_1_258' title='bbox 1276 2078 1352 2138; x_wconf 87' lang='lat' dir='ltr'><strong>qui</strong></span> <span class='ocrx_word' id='word_1_259' title='bbox 1384 2092 1434 2120; x_wconf 91' lang='lat' dir='ltr'><strong>ex</strong></span> 
     </span>
     <span class='ocr_line' id='line_1_39' title="bbox 49 2149 1435 2212; baseline -0.002 -18"><span class='ocrx_word' id='word_1_260' title='bbox 49 2149 201 2195; x_wconf 88' lang='lat' dir='ltr'><strong>eadem</strong></span> <span class='ocrx_word' id='word_1_261' title='bbox 221 2166 346 2196; x_wconf 88' lang='lat' dir='ltr'><strong>sexus</strong></span> <span class='ocrx_word' id='word_1_262' title='bbox 368 2152 596 2212; x_wconf 87' lang='lat' dir='ltr'><strong>utriusque</strong></span> <span class='ocrx_word' id='word_1_263' title='bbox 624 2151 930 2196; x_wconf 77' lang='lat' dir='ltr'><strong>commixtione</strong></span> <span class='ocrx_word' id='word_1_264' title='bbox 952 2151 1069 2195; x_wconf 89' lang='lat' dir='ltr'><strong>nasci</strong></span> <span class='ocrx_word' id='word_1_265' title='bbox 1090 2149 1257 2205; x_wconf 89' lang='lat' dir='ltr'><strong>noluit,</strong></span> <span class='ocrx_word' id='word_1_266' title='bbox 1293 2158 1435 2193; x_wconf 81' lang='lat' dir='ltr'><strong>trans-</strong></span> 
     </span>
     <span class='ocr_line' id='line_1_40' title="bbox 48 2220 1430 2283; baseline -0.002 -18"><span class='ocrx_word' id='word_1_267' title='bbox 48 2220 257 2267; x_wconf 86' lang='lat' dir='ltr'><strong>ferantur.</strong></span> <span class='ocrx_word' id='word_1_268' title='bbox 289 2242 308 2265; x_wconf 85' lang='lat'>«</span> <span class='ocrx_word' id='word_1_269' title='bbox 337 2225 428 2269; x_wconf 88' lang='lat' dir='ltr'><strong>Cur</strong></span> <span class='ocrx_word' id='word_1_270' title='bbox 446 2238 549 2283; x_wconf 84' lang='lat' dir='ltr'><strong>ergo</strong></span> <span class='ocrx_word' id='word_1_271' title='bbox 574 2233 699 2283; x_wconf 89' lang='lat' dir='ltr'><strong>putes</strong></span> <span class='ocrx_word' id='word_1_272' title='bbox 720 2223 820 2267; x_wconf 91' lang='lat' dir='ltr'><strong>hinc</strong></span> <span class='ocrx_word' id='word_1_273' title='bbox 840 2231 883 2266; x_wconf 90' lang='lat' dir='ltr'><strong>te</strong></span> <span class='ocrx_word' id='word_1_274' title='bbox 905 2221 1098 2267; x_wconf 86' lang='lat' dir='ltr'><strong>excusari</strong></span> <span class='ocrx_word' id='word_1_275' title='bbox 1125 2235 1247 2280; x_wconf 86' lang='lat' dir='ltr'><strong>posse</strong></span> <span class='ocrx_word' id='word_1_276' title='bbox 1269 2220 1324 2264; x_wconf 90' lang='lat' dir='ltr'><strong>ab</strong></span> <span class='ocrx_word' id='word_1_277' title='bbox 1360 2234 1430 2262; x_wconf 88' lang='lat' dir='ltr'><strong>er-</strong></span> 
     </span>
     <span class='ocr_line' id='line_1_41' title="bbox 49 2292 1433 2354; baseline -0.002 -18"><span class='ocrx_word' id='word_1_278' title='bbox 49 2307 145 2337; x_wconf 89' lang='lat' dir='ltr'><strong>rore</strong></span> <span class='ocrx_word' id='word_1_279' title='bbox 160 2293 526 2350; x_wconf 73' lang='lat' dir='ltr'><strong>Manichaeorum,</strong></span> <span class='ocrx_word' id='word_1_280' title='bbox 559 2294 660 2354; x_wconf 90' lang='lat' dir='ltr'><strong>quia</strong></span> <span class='ocrx_word' id='word_1_281' title='bbox 689 2308 816 2338; x_wconf 91' lang='lat' dir='ltr'><strong>ausus</strong></span> <span class='ocrx_word' id='word_1_282' title='bbox 841 2307 884 2337; x_wconf 91' lang='lat' dir='ltr'><strong>es</strong></span> <span class='ocrx_word' id='word_1_283' title='bbox 905 2292 1184 2347; x_wconf 86' lang='lat' dir='ltr'><strong>sententiam,</strong></span> <span class='ocrx_word' id='word_1_284' title='bbox 1215 2306 1316 2335; x_wconf 89' lang='lat' dir='ltr'><strong>cum</strong></span> <span class='ocrx_word' id='word_1_285' title='bbox 1345 2305 1433 2350; x_wconf 89' lang='lat' dir='ltr'><strong>qua</strong></span> 
     </span>
     <span class='ocr_line' id='line_1_42' title="bbox 3 2357 1432 2423; baseline -0.002 -16"><span class='ocrx_word' id='word_1_286' title='bbox 3 2357 6 2363; x_wconf 74' lang='grc'><em>’</em></span> <span class='ocrx_word' id='word_1_287' title='bbox 52 2364 252 2409; x_wconf 88' lang='lat' dir='ltr'><strong>omnibus</strong></span> <span class='ocrx_word' id='word_1_288' title='bbox 267 2365 431 2423; x_wconf 88' lang='lat' dir='ltr'><strong>ingenii</strong></span> <span class='ocrx_word' id='word_1_289' title='bbox 452 2364 517 2409; x_wconf 89' lang='lat' dir='ltr'><strong>tui</strong></span> <span class='ocrx_word' id='word_1_290' title='bbox 533 2365 697 2409; x_wconf 82' lang='lat' dir='ltr'><strong>viribus</strong></span> <span class='ocrx_word' id='word_1_291' title='bbox 718 2363 966 2420; x_wconf 88' lang='lat' dir='ltr'><strong>luctabaris,</strong></span> <span class='ocrx_word' id='word_1_292' title='bbox 996 2363 1206 2421; x_wconf 72' lang='lat' dir='ltr'><strong>inserere,</strong></span> <span class='ocrx_word' id='word_1_293' title='bbox 1228 2377 1326 2407; x_wconf 91' lang='lat' dir='ltr'><strong>cum</strong></span> <span class='ocrx_word' id='word_1_294' title='bbox 1348 2362 1432 2405; x_wconf 90' lang='lat' dir='ltr'><strong>hoc</strong></span> 
     </span>
     <span class='ocr_line' id='line_1_43' title="bbox 3 2432 1430 2495; baseline -0.002 -16"><span class='ocrx_word' id='word_1_295' title='bbox 3 2486 6 2490; x_wconf 17' lang='grc' dir='ltr'><em>Α</em></span> <span class='ocrx_word' id='word_1_296' title='bbox 52 2449 140 2480; x_wconf 92' lang='lat' dir='ltr'><strong>non</strong></span> <span class='ocrx_word' id='word_1_297' title='bbox 159 2436 450 2495; x_wconf 86' lang='lat' dir='ltr'><strong>patrocinium</strong></span> <span class='ocrx_word' id='word_1_298' title='bbox 470 2436 624 2481; x_wconf 79' lang='lat' dir='ltr'><strong>erroris</strong></span> <span class='ocrx_word' id='word_1_299' title='bbox 640 2435 727 2492; x_wconf 87' lang='lat' dir='ltr'><strong>tui,</strong></span> <span class='ocrx_word' id='word_1_300' title='bbox 752 2435 828 2480; x_wconf 93' lang='lat' dir='ltr'><strong>sed</strong></span> <span class='ocrx_word' id='word_1_301' title='bbox 845 2436 1142 2480; x_wconf 88' lang='lat' dir='ltr'><strong>testimonium</strong></span> <span class='ocrx_word' id='word_1_302' title='bbox 1164 2435 1217 2478; x_wconf 86' lang='lat' dir='ltr'><strong>sit</strong></span> <span class='ocrx_word' id='word_1_303' title='bbox 1234 2432 1430 2478; x_wconf 87' lang='lat' dir='ltr'><strong>stultitiae</strong></span> 
     </span>
     <span class='ocr_line' id='line_1_44' title="bbox 6 2504 1489 2567; baseline -0.002 -17"><span class='ocrx_word' id='word_1_304' title='bbox 6 2562 7 2565; x_wconf 7' lang='grc' dir='ltr'><strong>Ἰ</strong></span> <span class='ocrx_word' id='word_1_305' title='bbox 53 2505 294 2566; x_wconf 84' lang='lat' dir='ltr'><strong>singulariS,</strong></span> <span class='ocrx_word' id='word_1_306' title='bbox 319 2507 396 2567; x_wconf 90' lang='lat' dir='ltr'><strong>qui</strong></span> <span class='ocrx_word' id='word_1_307' title='bbox 413 2516 538 2566; x_wconf 89' lang='lat' dir='ltr'><strong>putas</strong></span> <span class='ocrx_word' id='word_1_308' title='bbox 556 2505 843 2566; x_wconf 86' lang='lat' dir='ltr'><strong>Calliphontis</strong></span> <span class='ocrx_word' id='word_1_309' title='bbox 863 2521 983 2551; x_wconf 91' lang='lat' dir='ltr'><strong>more</strong></span> <span class='ocrx_word' id='word_1_310' title='bbox 1002 2506 1207 2551; x_wconf 81' lang='lat' dir='ltr'><strong>virtutem</strong></span> <span class='ocrx_word' id='word_1_311' title='bbox 1233 2513 1275 2549; x_wconf 84' lang='lat' dir='ltr'><strong>et</strong></span> <span class='ocrx_word' id='word_1_312' title='bbox 1305 2504 1430 2557; x_wconf 88' lang='lat' dir='ltr'><strong>vitia,</strong></span> <span class='ocrx_word' id='word_1_313' title='bbox 1482 2559 1489 2564; x_wconf 40' lang='lat'>·</span> 
     </span>
     <span class='ocr_line' id='line_1_45' title="bbox 51 2574 1434 2638; baseline -0.002 -17"><span class='ocrx_word' id='word_1_314' title='bbox 51 2574 260 2636; x_wconf 85' lang='lat' dir='ltr'><strong>justitiam</strong></span> <span class='ocrx_word' id='word_1_315' title='bbox 275 2586 318 2623; x_wconf 87' lang='lat' dir='ltr'><strong>et</strong></span> <span class='ocrx_word' id='word_1_316' title='bbox 333 2576 607 2638; x_wconf 87' lang='lat' dir='ltr'><strong>iniquitatem</strong></span> <span class='ocrx_word' id='word_1_317' title='bbox 623 2577 819 2623; x_wconf 86' lang='lat' dir='ltr'><strong>oratione</strong></span> <span class='ocrx_word' id='word_1_318' title='bbox 837 2585 913 2622; x_wconf 76' lang='lat' dir='ltr'><strong>tua</strong></span> <span class='ocrx_word' id='word_1_319' title='bbox 931 2591 1052 2636; x_wconf 85' lang='lat' dir='ltr'><strong>posse</strong></span> <span class='ocrx_word' id='word_1_320' title='bbox 1073 2576 1118 2621; x_wconf 91' lang='lat' dir='ltr'><strong>in</strong></span> <span class='ocrx_word' id='word_1_321' title='bbox 1144 2575 1312 2622; x_wconf 88' lang='lat' dir='ltr'><strong>foedera</strong></span> <span class='ocrx_word' id='word_1_322' title='bbox 1329 2590 1434 2620; x_wconf 90' lang='lat' dir='ltr'><strong>con-</strong></span> 
     </span>
    </p>
   </div>
  </div>
 </body>
</html>
