1821 3264
246 286 392 314 OPERIS
424 286 600 313 IMPERF.
635 283 798 311 CONTRA
831 285 998 312 JULIAR.
1035 286 1115 311 LIB·
1149 286 1195 311 ll.
1332 271 1410 312 48].

39 353 158 413 quod
175 367 250 397 vos
271 367 386 397 novo
399 365 536 406 more,
561 347 637 394 sed
658 348 1030 409 impudentissimo
1047 364 1142 404 ore,
1157 349 1417 408 interpreta—

41 424 148 469 mini
169 439 222 468 ex
239 426 390 468 Graeco
408 457 419 478 ,
439 431 489 467 ut
509 420 742 481 Apostolus
762 420 916 465 dixisse
937 421 1156 476 videatur,
1180 436 1270 465 non
1292 439 1312 462 «
1338 435 1418 464 na-

41 504 138 540 tura
158 515 169 552 3
186 493 261 539 sed
283 508 472 554 prorsus,
496 493 580 538 hoc
605 500 689 545 est,
716 490 878 535 fuimus
906 505 1079 550 prorsus
1110 491 1187 535 filii
1205 492 1294 535 irae.
1324 510 1342 532 n
1367 494 1423 535 Et

41 566 155 611 forte
182 565 267 610 hoc
292 564 524 609 emendare
553 560 767 608 audebitis
798 562 842 605 in
868 562 1090 606 codicibus
1115 565 1265 608 vestris
1297 583 1305 608 :
1335 579 1423 608 non

42 636 158 680 enim
179 634 310 680 vultis
332 634 602 694 acquiescere
623 667 633 687 ‚
655 632 773 692 quod
801 633 881 677 nisi
914 634 1032 687 haec,
1058 644 1222 693 quanto
1257 636 1422 688 verior,

43 715 164 752 tanto
187 706 404 767 antiquior
426 706 533 750 fides
554 713 663 749 esset
679 739 689 758 ‚
715 705 799 748 hoc
819 719 966 748 omnes
989 704 1113 749 latini
1136 705 1304 750 codices
1340 722 1427 750 non

42 777 269 821 haberent.
300 779 390 823 Nec
412 777 511 821 ideo
536 784 682 819 tamen
704 776 938 834 Apostolus
959 791 1135 820 monere
1152 792 1241 820 non
1258 776 1426 830 debuit,

42 846 339 892 obediendum
371 862 459 891 esse
492 845 700 906 justitiae,
730 860 818 890 non
856 855 1034 904 peccato
1059 881 1069 901 ,
1114 847 1244 906 quia,
1271 851 1431 891 Omnes

43 917 242 963 homines
263 917 345 961 sub
369 926 547 976 peccato
568 916 799 970 nascimur,
817 931 1002 975 quorum
1021 917 1110 974 ipse
1131 926 1251 961 ortus
1272 918 1316 960 in
1332 917 1433 960 vitio

44 997 108 1033 est
133 990 162 1030 ¹.
185 990 299 1033 Cum
320 988 435 1032 enim
464 988 750 1046 generationis
766 997 908 1031 reatus
929 988 1262 1046 regenerationis
1285 987 1433 1031 indul-

46 1058 190 1118 gentia
218 1057 350 1102 fuerit
374 1058 600 1102 absolutus
619 1093 629 1112 ‚
661 1057 958 1102 obediendum
975 1066 1040 1102 est
1055 1059 1232 1118 justitiae
1249 1059 1433 1117 spiritui,

45 1129 118 1173 cui
133 1128 392 1183 consentire,
414 1143 494 1171 nec
511 1127 805 1172 obediendum
822 1137 886 1172 est
902 1129 1264 1186 concupiscentiae
1281 1128 1435 1181 carnis,

46 1207 198 1243 contra
219 1213 350 1258 quam
374 1207 538 1242 certare
561 1197 772 1241 debemus
799 1217 806 1242 :
834 1198 892 1241 ita
915 1213 1015 1242 sane
1036 1208 1086 1242 ut
1104 1199 1238 1257 ipsam
1263 1214 1439 1259 quoquc

47 1269 343 1315 obedientiam
376 1269 491 1327 piam
515 1269 681 1313 donum
712 1269 789 1312 Dei
818 1283 906 1312 esse
938 1269 1286 1322 meminerimus,
1320 1269 1438 1329 quod

46 1341 244 1400 promisit
262 1356 338 1400 per
369 1340 650 1399 Prophetam‚
677 1340 822 1383 dicens
845 1359 852 1383 ;
879 1358 895 1379 «
921 1340 1042 1384 Dabo
1069 1340 1127 1384 eis
1155 1356 1228 1384 cor
1255 1355 1439 1398 cognos—

50 1428 71 1452 »
91 1410 219 1455 cendi
234 1426 304 1455 me
323 1420 366 1455 et
389 1426 512 1455 aures
531 1411 756 1455 audientes
775 1430 784 1456 z
810 1409 931 1471 quod
951 1411 1060 1470 quid
1073 1420 1135 1456 est
1153 1411 1286 1466 aliud,
1309 1426 1440 1470 quam

52 1500 72 1523 »
93 1481 347 1526 obedientes
365 1483 417 1526 ²?
444 1500 462 1523 η

108 1554 349 1598 CCXXIX.
389 1554 413 1596 J
420 1568 616 1597 [mnus.
655 1571 675 1593 «
709 1554 929 1597 Caeterum
952 1551 1184 1610 Apostolus
1220 1550 1409 1595 ostendit
1431 1584 1441 1603 ,

49 1627 66 1682 (
88 1624 122 1667 si
146 1633 292 1667 tamen
322 1623 515 1683 aliquam
538 1624 592 1668 ab
618 1624 871 1668 hominibus
907 1623 989 1666 hac
1023 1631 1278 1681 tempestate
1314 1621 1442 1664 ficiem

51 1694 289 1754 impetrat3
320 1696 503 1752 >servos
531 1709 576 1738 se
605 1709 694 1738 non
725 1693 868 1737 dicere
898 1692 1063 1751 peccati
1084 1726 1095 1746 ‚
1128 1693 1208 1735 nisi
1236 1707 1308 1735 eos
1336 1707 1445 1750 quos

52 1774 221 1808 constat
247 1765 475 1809 voluntate
504 1765 679 1824 propria
707 1762 904 1808 obedisse
925 1771 1104 1822 peccato
1122 1796 1132 1816 ,
1157 1763 1280 1820 cujus
1302 1769 1445 1804 muta-

54 1835 171 1879 tione
189 1869 199 1889 ,
220 1833 266 1877 id
294 1846 381 1889 est,
407 1834 666 1888 voluntatis,
689 1842 920 1892 coeperunt
945 1832 1102 1876 servire
1120 1832 1312 1892 justitiae.
1335 1831 1444 1874 Obe-

55 1905 265 1950 dientiam
293 1919 395 1963 ergo
417 1905 462 1949 in
484 1905 629 1949 medio
648 1904 877 1949 collocavit
899 1924 909 1960 3
936 1913 979 1948 et
1002 1904 1041 1947 ei
1062 1903 1292 1962 imputavit
1326 1902 1445 1962 quod

56 1976 128 2021 vel
148 1975 262 2020 vitiis
279 1976 414 2035 prius,
440 1974 508 2020 vel
533 1984 680 2034 postea
703 1974 969 2018 studuerunt
991 1989 1143 2033 parere
1166 1973 1444 2017 virtutibus.»

119 2049 414 2090 Arcrszrmus,
444 2064 464 2087 «
483 2046 567 2099 Qui
585 2044 816 2090 confidunt
837 2045 883 2088 in
906 2044 1067 2088 virtute
1090 2058 1182 2098 sua,
1207 2043 1307 2088 vani
1329 2050 1446 2096 sunt,

64 2135 83 2158 »
98 2117 210 2161 sicut
226 2131 302 2160 vos
323 2136 334 2173 3
353 2124 397 2160 et
418 2114 714 2169 destruentur,
740 2115 851 2159 sicut
873 2115 990 2158 vos3.
1016 2131 1036 2154 »

121 2188 336 2232 CCXXX.
365 2189 592 2231 JULIANUS.
622 2204 640 2227 «
667 2185 834 2229 Gratias
848 2194 991 2228 autem
1007 2186 1095 2227 Deo
1112 2217 1122 2237 ‚
1150 2183 1271 2242 quod
1294 2182 1449 2232 fuistis,

66 2276 86 2299 »
110 2258 256 2316 inquit
279 2292 290 2312 ‚
321 2258 432 2302 servi
454 2258 650 2318 peccati3
684 2257 760 2301 sed
782 2255 987 2300 obedistis
1016 2269 1067 2298 ex
1099 2254 1230 2299 corde
1251 2288 1261 2307 ,
1287 2253 1330 2296 in
1359 2267 1451 2296 eam

68 2348 87 2371 »
115 2329 301 2374 formam
320 2329 552 2384 doctrinae,
576 2329 622 2372 in
642 2343 771 2387 quarn
796 2326 943 2371 traditi
965 2327 1064 2370 estis
1086 2345 1097 2381 3
1120 2323 1290 2368 liberati
1308 2333 1453 2373 autem

68 2418 88 2440 »
115 2416 135 2442 a
158 2409 352 2459 peccato,
376 2400 487 2444 servi
503 2399 603 2444 estis
617 2398 719 2443 facti
736 2398 916 2457 justitiae
941 2399 972 2441 4.
991 2416 1010 2437 »

126 2474 419 2515 Amuscrmus.
461 2470 599 2516 Surde
618 2505 628 2525 ‚
655 2469 757 2513 audi
779 2467 1036 2527 Apostolum
1070 2466 1220 2523 gratias
1259 2473 1456 2521 agentem

118 2580 124 2595 ¹
148 2573 293 2605 Ambros.
311 2572 366 2604 lib.
385 2585 394 2604 1
413 2573 452 2606 de
466 2573 667 2610 Poenitentia,
683 2582 754 2613 cap.
776 2580 793 2601 '2
813 2569 863 2601 vel
880 2569 908 2600 3.
923 2586 963 2591 -—
979 2575 990 2590 ²
1009 2569 1127 2600 Jercin.
1149 2578 1233 2604 xxiv,
1256 2578 1270 2607 7
1304 2585 1339 2588 —
1354 2565 1364 2587 '³
1382 2564 1458 2597 ῐΛ-ιιΙ.

71 2636 180 2662 xrvm,
201 2637 230 2668 7.
247 2644 285 2651 —
300 2626 314 2655 4
335 2630 425 2660 Rom.
445 2639 488 2666 vi,
512 2637 547 2669 17
565 2631 598 2660 et
621 2629 672 2659 ιδ.

283 2692 434 2722 cxmn.
1225 2676 1267 2713 :31
