<?xml version="1.0" encoding="UTF-8"?>
<!DOCTYPE html PUBLIC "-//W3C//DTD XHTML 1.0 Transitional//EN"
    "http://www.w3.org/TR/xhtml1/DTD/xhtml1-transitional.dtd">
<html xmlns="http://www.w3.org/1999/xhtml" xml:lang="en" lang="en">
 <head>
  <title>
</title>
<meta http-equiv="Content-Type" content="text/html;charset=utf-8" />
  <meta name='ocr-system' content='tesseract 3.04.00' />
  <meta name='ocr-capabilities' content='ocr_page ocr_carea ocr_par ocr_line ocrx_word'/>
</head>
<body>
  <div class='ocr_page' id='page_1' title='image "./operaomniaaccura36auguuoft/operaomniaaccura36auguuoft_0260.png"; bbox 0 0 1884 3285; ppageno 0'>
   <div class='ocr_carea' id='block_1_1' title="bbox 426 277 1355 315">
    <p class='ocr_par' dir='ltr' id='par_1_1' title="bbox 426 277 1355 315">
     <span class='ocr_line' id='line_1_1' title="bbox 426 277 1355 315; baseline -0.005 0"><span class='ocrx_word' id='word_1_1' title='bbox 426 277 505 315; x_wconf 90' lang='lat'>188</span> <span class='ocrx_word' id='word_1_2' title='bbox 845 283 877 311; x_wconf 86' lang='lat' dir='ltr'>s.</span> <span class='ocrx_word' id='word_1_3' title='bbox 915 282 1142 312; x_wconf 71' lang='lat' dir='ltr'>Areo-snm</span> <span class='ocrx_word' id='word_1_4' title='bbox 1175 283 1355 311; x_wconf 70' lang='lat' dir='ltr'>Eptscom</span> 
     </span>
    </p>
   </div>
   <div class='ocr_carea' id='block_1_2' title="bbox 421 346 1847 490">
    <p class='ocr_par' dir='ltr' id='par_1_2' title="bbox 421 346 1847 490">
     <span class='ocr_line' id='line_1_2' title="bbox 422 346 1804 409; baseline -0.001 -14"><span class='ocrx_word' id='word_1_5' title='bbox 422 350 684 395; x_wconf 79' lang='lat' dir='ltr'>Manichaeos</span> <span class='ocrx_word' id='word_1_6' title='bbox 728 348 1064 409; x_wconf 85' lang='lat' dir='ltr'>Catholicosque</span> <span class='ocrx_word' id='word_1_7' title='bbox 1100 347 1353 402; x_wconf 82' lang='lat' dir='ltr'>discrimen,</span> <span class='ocrx_word' id='word_1_8' title='bbox 1386 356 1430 391; x_wconf 90' lang='lat' dir='ltr'>et</span> <span class='ocrx_word' id='word_1_9' title='bbox 1467 346 1588 391; x_wconf 90' lang='lat' dir='ltr'>limes</span> <span class='ocrx_word' id='word_1_10' title='bbox 1627 348 1804 407; x_wconf 92' lang='lat' dir='ltr'>quidam</span> 
     </span>
     <span class='ocr_line' id='line_1_3' title="bbox 421 417 1847 490; baseline 0.001 -26"><span class='ocrx_word' id='word_1_11' title='bbox 421 421 672 475; x_wconf 82' lang='lat' dir='ltr'>latissimus,</span> <span class='ocrx_word' id='word_1_12' title='bbox 698 436 787 480; x_wconf 91' lang='lat' dir='ltr'>quo</span> <span class='ocrx_word' id='word_1_13' title='bbox 805 436 828 464; x_wconf 96' lang='lat' dir='ltr'>a</span> <span class='ocrx_word' id='word_1_14' title='bbox 849 435 893 464; x_wconf 91' lang='lat' dir='ltr'>se</span> <span class='ocrx_word' id='word_1_15' title='bbox 915 429 1070 464; x_wconf 88' lang='lat' dir='ltr'>mutuo</span> <span class='ocrx_word' id='word_1_16' title='bbox 1093 420 1262 478; x_wconf 89' lang='lat' dir='ltr'>piorum</span> <span class='ocrx_word' id='word_1_17' title='bbox 1283 427 1326 462; x_wconf 86' lang='lat' dir='ltr'>et</span> <span class='ocrx_word' id='word_1_18' title='bbox 1346 417 1579 476; x_wconf 87' lang='lat' dir='ltr'>impiorum</span> <span class='ocrx_word' id='word_1_19' title='bbox 1603 418 1805 476; x_wconf 85' lang='lat' dir='ltr'>dogmata</span> <span class='ocrx_word' id='word_1_20' title='bbox 1844 477 1847 490; x_wconf 44' lang='grc' dir='ltr'>Ι</span> 
     </span>
    </p>
   </div>
   <div class='ocr_carea' id='block_1_3' title="bbox 411 560 1868 2599">
    <p class='ocr_par' dir='ltr' id='par_1_3' title="bbox 412 560 1884 1468">
     <span class='ocr_line' id='line_1_4' title="bbox 418 560 1855 622; baseline 0.001 -17"><span class='ocrx_word' id='word_1_21' title='bbox 418 570 531 606; x_wconf 88' lang='lat' dir='ltr'>terra</span> <span class='ocrx_word' id='word_1_22' title='bbox 553 560 851 622; x_wconf 80' lang='lat' dir='ltr'>profunditate</span> <span class='ocrx_word' id='word_1_23' title='bbox 877 561 1152 621; x_wconf 75' lang='lat' dir='ltr'>disjungens,</span> <span class='ocrx_word' id='word_1_24' title='bbox 1181 560 1299 621; x_wconf 89' lang='lat' dir='ltr'>quod</span> <span class='ocrx_word' id='word_1_25' title='bbox 1322 575 1399 604; x_wconf 84' lang='lat' dir='ltr'>nos</span> <span class='ocrx_word' id='word_1_26' title='bbox 1426 575 1555 604; x_wconf 89' lang='lat' dir='ltr'>omne</span> <span class='ocrx_word' id='word_1_27' title='bbox 1576 569 1806 619; x_wconf 89' lang='lat' dir='ltr'>peccatum</span> <span class='ocrx_word' id='word_1_28' title='bbox 1852 573 1855 576; x_wconf 57' lang='lat'><strong>⁴</strong></span> 
     </span>
     <span class='ocr_line' id='line_1_5' title="bbox 418 630 1806 692; baseline -0.002 -15"><span class='ocrx_word' id='word_1_29' title='bbox 418 632 632 678; x_wconf 85' lang='lat' dir='ltr'>voluntati</span> <span class='ocrx_word' id='word_1_30' title='bbox 658 632 798 687; x_wconf 81' lang='lat' dir='ltr'>malae,</span> <span class='ocrx_word' id='word_1_31' title='bbox 829 630 892 675; x_wconf 88' lang='lat' dir='ltr'>illi</span> <span class='ocrx_word' id='word_1_32' title='bbox 919 645 1022 675; x_wconf 84' lang='lat' dir='ltr'>vero</span> <span class='ocrx_word' id='word_1_33' title='bbox 1050 630 1176 674; x_wconf 84' lang='lat' dir='ltr'>malae</span> <span class='ocrx_word' id='word_1_34' title='bbox 1199 631 1478 675; x_wconf 89' lang='lat' dir='ltr'>conscribunt</span> <span class='ocrx_word' id='word_1_35' title='bbox 1505 639 1672 675; x_wconf 77' lang='lat' dir='ltr'>naturee</span> <span class='ocrx_word' id='word_1_36' title='bbox 1699 650 1708 676; x_wconf 90' lang='lat'>:</span> <span class='ocrx_word' id='word_1_37' title='bbox 1730 631 1806 692; x_wconf 93' lang='lat' dir='ltr'>qui</span> 
     </span>
     <span class='ocr_line' id='line_1_6' title="bbox 418 700 1851 762; baseline -0.001 -14"><span class='ocrx_word' id='word_1_38' title='bbox 418 717 520 748; x_wconf 90' lang='lat' dir='ltr'>cum</span> <span class='ocrx_word' id='word_1_39' title='bbox 541 702 730 747; x_wconf 89' lang='lat' dir='ltr'>diversos</span> <span class='ocrx_word' id='word_1_40' title='bbox 749 710 992 762; x_wconf 87' lang='lat' dir='ltr'>sequuntur</span> <span class='ocrx_word' id='word_1_41' title='bbox 1009 717 1188 757; x_wconf 88' lang='lat' dir='ltr'>errores,</span> <span class='ocrx_word' id='word_1_42' title='bbox 1211 702 1283 746; x_wconf 89' lang='lat' dir='ltr'>sed</span> <span class='ocrx_word' id='word_1_43' title='bbox 1304 701 1423 746; x_wconf 89' lang='lat' dir='ltr'>velut</span> <span class='ocrx_word' id='word_1_44' title='bbox 1440 700 1496 746; x_wconf 90' lang='lat' dir='ltr'>de</span> <span class='ocrx_word' id='word_1_45' title='bbox 1518 702 1658 761; x_wconf 88' lang='lat' dir='ltr'>capite</span> <span class='ocrx_word' id='word_1_46' title='bbox 1676 700 1806 746; x_wconf 89' lang='lat' dir='ltr'>fontis</span> <span class='ocrx_word' id='word_1_47' title='bbox 1847 720 1851 747; x_wconf 89' lang='lat'><strong>:</strong></span> 
     </span>
     <span class='ocr_line' id='line_1_7' title="bbox 418 771 1852 840; baseline 0 -23"><span class='ocrx_word' id='word_1_48' title='bbox 418 775 539 818; x_wconf 85' lang='lat' dir='ltr'>istius</span> <span class='ocrx_word' id='word_1_49' title='bbox 571 774 818 827; x_wconf 84' lang='lat' dir='ltr'>effluentes,</span> <span class='ocrx_word' id='word_1_50' title='bbox 858 782 1174 832; x_wconf 81' lang='lat' dir='ltr'>consequenter</span> <span class='ocrx_word' id='word_1_51' title='bbox 1215 772 1270 816; x_wconf 92' lang='lat' dir='ltr'>ad</span> <span class='ocrx_word' id='word_1_52' title='bbox 1303 771 1525 831; x_wconf 88' lang='lat' dir='ltr'>sacrilegia</span> <span class='ocrx_word' id='word_1_53' title='bbox 1558 772 1806 832; x_wconf 84' lang='lat' dir='ltr'>flagitiaque</span> <span class='ocrx_word' id='word_1_54' title='bbox 1848 799 1852 840; x_wconf 71' lang='lat'>3</span> 
     </span>
     <span class='ocr_line' id='line_1_8' title="bbox 418 842 1859 904; baseline 0 -16"><span class='ocrx_word' id='word_1_55' title='bbox 418 845 703 904; x_wconf 72' lang='lat' dir='ltr'>perveniunt,</span> <span class='ocrx_word' id='word_1_56' title='bbox 734 845 845 889; x_wconf 88' lang='lat' dir='ltr'>sicut</span> <span class='ocrx_word' id='word_1_57' title='bbox 873 842 1074 889; x_wconf 82' lang='lat' dir='ltr'>catholici</span> <span class='ocrx_word' id='word_1_58' title='bbox 1097 860 1120 887; x_wconf 89' lang='lat' dir='ltr'>e</span> <span class='ocrx_word' id='word_1_59' title='bbox 1143 845 1341 903; x_wconf 82' lang='lat' dir='ltr'>regione,</span> <span class='ocrx_word' id='word_1_60' title='bbox 1361 860 1384 888; x_wconf 88' lang='lat' dir='ltr'>a</span> <span class='ocrx_word' id='word_1_61' title='bbox 1406 843 1524 888; x_wconf 87' lang='lat' dir='ltr'>bono</span> <span class='ocrx_word' id='word_1_62' title='bbox 1553 844 1806 888; x_wconf 86' lang='lat' dir='ltr'>inchoantes</span> <span class='ocrx_word' id='word_1_63' title='bbox 1849 894 1859 901; x_wconf 16' lang='grc' dir='ltr'>μ</span> 
     </span>
     <span class='ocr_line' id='line_1_9' title="bbox 418 914 1853 974; baseline -0.001 -15"><span class='ocrx_word' id='word_1_64' title='bbox 418 914 616 969; x_wconf 87' lang='lat' dir='ltr'>exordio,</span> <span class='ocrx_word' id='word_1_65' title='bbox 644 915 768 959; x_wconf 87' lang='lat' dir='ltr'>bonis</span> <span class='ocrx_word' id='word_1_66' title='bbox 791 916 907 959; x_wconf 88' lang='lat' dir='ltr'>aucti</span> <span class='ocrx_word' id='word_1_67' title='bbox 931 915 1216 974; x_wconf 83' lang='lat' dir='ltr'>processibuS,</span> <span class='ocrx_word' id='word_1_68' title='bbox 1244 914 1299 958; x_wconf 89' lang='lat' dir='ltr'>ad</span> <span class='ocrx_word' id='word_1_69' title='bbox 1322 915 1540 973; x_wconf 83' lang='lat' dir='ltr'>religionis</span> <span class='ocrx_word' id='word_1_70' title='bbox 1562 929 1777 958; x_wconf 87' lang='lat' dir='ltr'>summam</span> <span class='ocrx_word' id='word_1_71' title='bbox 1792 949 1804 970; x_wconf 92' lang='lat'>,</span> <span class='ocrx_word' id='word_1_72' title='bbox 1849 914 1853 945; x_wconf 59' lang='grc' dir='ltr'><strong>ἕ</strong></span> 
     </span>
     <span class='ocr_line' id='line_1_10' title="bbox 415 985 1854 1046; baseline -0.001 -16"><span class='ocrx_word' id='word_1_73' title='bbox 415 1001 545 1046; x_wconf 87' lang='lat' dir='ltr'>quam</span> <span class='ocrx_word' id='word_1_74' title='bbox 573 986 683 1030; x_wconf 88' lang='lat' dir='ltr'>ratio</span> <span class='ocrx_word' id='word_1_75' title='bbox 712 986 855 1029; x_wconf 89' lang='lat' dir='ltr'>munit</span> <span class='ocrx_word' id='word_1_76' title='bbox 878 995 921 1029; x_wconf 90' lang='lat' dir='ltr'>et</span> <span class='ocrx_word' id='word_1_77' title='bbox 950 987 1104 1044; x_wconf 84' lang='lat' dir='ltr'>pietaS,</span> <span class='ocrx_word' id='word_1_78' title='bbox 1132 985 1446 1044; x_wconf 88' lang='lat' dir='ltr'>pervehuntur.</span> <span class='ocrx_word' id='word_1_79' title='bbox 1477 985 1692 1043; x_wconf 87' lang='lat' dir='ltr'>Tuigitur</span> <span class='ocrx_word' id='word_1_80' title='bbox 1712 1000 1807 1029; x_wconf 90' lang='lat' dir='ltr'>ma-</span> <span class='ocrx_word' id='word_1_81' title='bbox 1850 1000 1854 1037; x_wconf 68' lang='grc' dir='ltr'>ς</span> 
     </span>
     <span class='ocr_line' id='line_1_11' title="bbox 415 1054 1855 1115; baseline 0.001 -16"><span class='ocrx_word' id='word_1_82' title='bbox 415 1055 506 1100; x_wconf 90' lang='lat' dir='ltr'>lum</span> <span class='ocrx_word' id='word_1_83' title='bbox 530 1055 725 1100; x_wconf 82' lang='lat' dir='ltr'>naturale</span> <span class='ocrx_word' id='word_1_84' title='bbox 747 1065 927 1101; x_wconf 86' lang='lat' dir='ltr'>conatus</span> <span class='ocrx_word' id='word_1_85' title='bbox 947 1071 1151 1111; x_wconf 82' lang='lat' dir='ltr'>asserere,</span> <span class='ocrx_word' id='word_1_86' title='bbox 1175 1055 1358 1114; x_wconf 87' lang='lat' dir='ltr'>profano</span> <span class='ocrx_word' id='word_1_87' title='bbox 1381 1056 1558 1115; x_wconf 88' lang='lat' dir='ltr'>quidem</span> <span class='ocrx_word' id='word_1_88' title='bbox 1582 1064 1707 1110; x_wconf 93' lang='lat' dir='ltr'>voto,</span> <span class='ocrx_word' id='word_1_89' title='bbox 1732 1054 1808 1100; x_wconf 90' lang='lat' dir='ltr'>sed</span> <span class='ocrx_word' id='word_1_90' title='bbox 1851 1062 1855 1068; x_wconf 86' lang='grc'><strong>“</strong></span> 
     </span>
     <span class='ocr_line' id='line_1_12' title="bbox 415 1126 1809 1186; baseline -0.001 -15"><span class='ocrx_word' id='word_1_91' title='bbox 415 1128 629 1172; x_wconf 88' lang='lat' dir='ltr'>inefficaci</span> <span class='ocrx_word' id='word_1_92' title='bbox 648 1128 891 1171; x_wconf 85' lang='lat' dir='ltr'>intentione</span> <span class='ocrx_word' id='word_1_93' title='bbox 909 1126 1332 1186; x_wconf 84' lang='lat' dir='ltr'>usurpastiApostoli</span> <span class='ocrx_word' id='word_1_94' title='bbox 1348 1127 1661 1179; x_wconf 88' lang='lat' dir='ltr'>testimonium,</span> <span class='ocrx_word' id='word_1_95' title='bbox 1677 1141 1809 1185; x_wconf 91' lang='lat' dir='ltr'>quem</span> 
     </span>
     <span class='ocr_line' id='line_1_13' title="bbox 416 1195 1856 1260; baseline -0.001 -18"><span class='ocrx_word' id='word_1_96' title='bbox 416 1199 496 1242; x_wconf 86' lang='lat' dir='ltr'>hac</span> <span class='ocrx_word' id='word_1_97' title='bbox 515 1199 665 1242; x_wconf 87' lang='lat' dir='ltr'>eadem</span> <span class='ocrx_word' id='word_1_98' title='bbox 689 1198 1000 1257; x_wconf 87' lang='lat' dir='ltr'>perscriptione</span> <span class='ocrx_word' id='word_1_99' title='bbox 1022 1196 1205 1241; x_wconf 89' lang='lat' dir='ltr'>ostendo</span> <span class='ocrx_word' id='word_1_100' title='bbox 1223 1196 1330 1241; x_wconf 91' lang='lat' dir='ltr'>nihil</span> <span class='ocrx_word' id='word_1_101' title='bbox 1350 1195 1435 1241; x_wconf 88' lang='lat' dir='ltr'>tale</span> <span class='ocrx_word' id='word_1_102' title='bbox 1456 1196 1651 1252; x_wconf 88' lang='lat' dir='ltr'>sensisse,</span> <span class='ocrx_word' id='word_1_103' title='bbox 1677 1196 1807 1256; x_wconf 89' lang='lat' dir='ltr'>quale</span> <span class='ocrx_word' id='word_1_104' title='bbox 1852 1219 1856 1260; x_wconf 66' lang='lat'>3</span> 
     </span>
     <span class='ocr_line' id='line_1_14' title="bbox 413 1267 1808 1327; baseline -0.001 -15"><span class='ocrx_word' id='word_1_105' title='bbox 413 1277 462 1312; x_wconf 85' lang='lat' dir='ltr'>tu</span> <span class='ocrx_word' id='word_1_106' title='bbox 484 1268 744 1327; x_wconf 85' lang='lat' dir='ltr'>persuadere</span> <span class='ocrx_word' id='word_1_107' title='bbox 762 1269 945 1322; x_wconf 85' lang='lat' dir='ltr'>conaris,</span> <span class='ocrx_word' id='word_1_108' title='bbox 965 1268 1084 1327; x_wconf 87' lang='lat' dir='ltr'>quod</span> <span class='ocrx_word' id='word_1_109' title='bbox 1102 1268 1445 1326; x_wconf 82' lang='lat' dir='ltr'>repugnantibus</span> <span class='ocrx_word' id='word_1_110' title='bbox 1461 1268 1600 1312; x_wconf 88' lang='lat' dir='ltr'>modis</span> <span class='ocrx_word' id='word_1_111' title='bbox 1618 1276 1661 1311; x_wconf 89' lang='lat' dir='ltr'>et</span> <span class='ocrx_word' id='word_1_112' title='bbox 1682 1267 1808 1312; x_wconf 91' lang='lat' dir='ltr'>illum</span> 
     </span>
     <span class='ocr_line' id='line_1_15' title="bbox 412 1339 1855 1399; baseline -0.001 -16"><span class='ocrx_word' id='word_1_113' title='bbox 412 1339 677 1384; x_wconf 88' lang='lat' dir='ltr'>catholicum</span> <span class='ocrx_word' id='word_1_114' title='bbox 714 1340 959 1394; x_wconf 89' lang='lat' dir='ltr'>confiteris,</span> <span class='ocrx_word' id='word_1_115' title='bbox 997 1349 1040 1384; x_wconf 89' lang='lat' dir='ltr'>et</span> <span class='ocrx_word' id='word_1_116' title='bbox 1074 1340 1189 1384; x_wconf 89' lang='lat' dir='ltr'>dicta</span> <span class='ocrx_word' id='word_1_117' title='bbox 1230 1341 1321 1399; x_wconf 87' lang='lat' dir='ltr'>ejus</span> <span class='ocrx_word' id='word_1_118' title='bbox 1350 1340 1592 1384; x_wconf 87' lang='lat' dir='ltr'>Manichaeo</span> <span class='ocrx_word' id='word_1_119' title='bbox 1624 1340 1808 1384; x_wconf 82' lang='lat' dir='ltr'>aestimas</span> <span class='ocrx_word' id='word_1_120' title='bbox 1854 1352 1855 1355; x_wconf 70' lang='grc'>’</span> 
     </span>
     <span class='ocr_line' id='line_1_16' title="bbox 422 1410 714 1468; baseline -0.007 -16"><span class='ocrx_word' id='word_1_121' title='bbox 422 1410 664 1468; x_wconf 83' lang='lat' dir='ltr'>suffragari.</span> <span class='ocrx_word' id='word_1_122' title='bbox 695 1428 714 1451; x_wconf 90' lang='lat'>»</span> 
     </span>
    </p>

    <p class='ocr_par' dir='ltr' id='par_1_4' title="bbox 412 1479 1868 1966">
     <span class='ocr_line' id='line_1_17' title="bbox 473 1479 1808 1534; baseline -0.001 -9"><span class='ocrx_word' id='word_1_123' title='bbox 473 1485 532 1525; x_wconf 68' lang='lat' dir='ltr'>At</span> <span class='ocrx_word' id='word_1_124' title='bbox 544 1500 764 1526; x_wconf 63' lang='lat' dir='ltr'>Grsrnws.</span> <span class='ocrx_word' id='word_1_125' title='bbox 792 1483 910 1534; x_wconf 87' lang='lat' dir='ltr'>Quos</span> <span class='ocrx_word' id='word_1_126' title='bbox 939 1480 1138 1525; x_wconf 89' lang='lat' dir='ltr'>doctores</span> <span class='ocrx_word' id='word_1_127' title='bbox 1160 1479 1397 1525; x_wconf 85' lang='lat' dir='ltr'>catholicos</span> <span class='ocrx_word' id='word_1_128' title='bbox 1429 1480 1673 1525; x_wconf 85' lang='lat' dir='ltr'>Manichaeo</span> <span class='ocrx_word' id='word_1_129' title='bbox 1697 1494 1808 1524; x_wconf 88' lang='lat' dir='ltr'>asse-</span> 
     </span>
     <span class='ocr_line' id='line_1_18' title="bbox 414 1552 1868 1612; baseline -0.001 -15"><span class='ocrx_word' id='word_1_130' title='bbox 414 1569 480 1597; x_wconf 87' lang='lat' dir='ltr'>ras</span> <span class='ocrx_word' id='word_1_131' title='bbox 499 1553 749 1612; x_wconf 82' lang='lat' dir='ltr'>suffragari,</span> <span class='ocrx_word' id='word_1_132' title='bbox 772 1553 848 1612; x_wconf 87' lang='lat' dir='ltr'>qui</span> <span class='ocrx_word' id='word_1_133' title='bbox 877 1553 919 1596; x_wconf 90' lang='lat' dir='ltr'>in</span> <span class='ocrx_word' id='word_1_134' title='bbox 950 1552 1091 1597; x_wconf 87' lang='lat' dir='ltr'>verbis</span> <span class='ocrx_word' id='word_1_135' title='bbox 1115 1552 1358 1611; x_wconf 87' lang='lat' dir='ltr'>apostolicis</span> <span class='ocrx_word' id='word_1_136' title='bbox 1385 1552 1697 1596; x_wconf 83' lang='lat' dir='ltr'>intellexerunt</span> <span class='ocrx_word' id='word_1_137' title='bbox 1719 1560 1808 1596; x_wconf 89' lang='lat' dir='ltr'>tra-</span> <span class='ocrx_word' id='word_1_138' title='bbox 1866 1600 1868 1602; x_wconf 13' lang='lat' dir='ltr'>v</span> 
     </span>
     <span class='ocr_line' id='line_1_19' title="bbox 412 1623 1807 1682; baseline -0.001 -15"><span class='ocrx_word' id='word_1_139' title='bbox 412 1624 516 1667; x_wconf 85' lang='lat' dir='ltr'>here</span> <span class='ocrx_word' id='word_1_140' title='bbox 539 1623 741 1682; x_wconf 83' lang='lat' dir='ltr'>parvulos</span> <span class='ocrx_word' id='word_1_141' title='bbox 769 1623 979 1682; x_wconf 81' lang='lat' dir='ltr'>originale</span> <span class='ocrx_word' id='word_1_142' title='bbox 1012 1632 1264 1682; x_wconf 87' lang='lat' dir='ltr'>peccatum,</span> <span class='ocrx_word' id='word_1_143' title='bbox 1301 1638 1381 1667; x_wconf 90' lang='lat' dir='ltr'>nec</span> <span class='ocrx_word' id='word_1_144' title='bbox 1410 1632 1555 1667; x_wconf 88' lang='lat' dir='ltr'>vestro</span> <span class='ocrx_word' id='word_1_145' title='bbox 1586 1637 1709 1667; x_wconf 89' lang='lat' dir='ltr'>more</span> <span class='ocrx_word' id='word_1_146' title='bbox 1735 1623 1807 1666; x_wconf 89' lang='lat' dir='ltr'>in-</span> 
     </span>
     <span class='ocr_line' id='line_1_20' title="bbox 412 1691 1808 1747; baseline -0.001 -9"><span class='ocrx_word' id='word_1_147' title='bbox 412 1709 516 1738; x_wconf 90' lang='lat' dir='ltr'>sano</span> <span class='ocrx_word' id='word_1_148' title='bbox 550 1693 670 1738; x_wconf 87' lang='lat' dir='ltr'>velut</span> <span class='ocrx_word' id='word_1_149' title='bbox 704 1708 850 1737; x_wconf 87' lang='lat' dir='ltr'>sanam</span> <span class='ocrx_word' id='word_1_150' title='bbox 873 1692 1051 1737; x_wconf 89' lang='lat' dir='ltr'>laudare</span> <span class='ocrx_word' id='word_1_151' title='bbox 1086 1702 1309 1747; x_wconf 83' lang='lat' dir='ltr'>naturam,</span> <span class='ocrx_word' id='word_1_152' title='bbox 1348 1693 1423 1737; x_wconf 91' lang='lat' dir='ltr'>sed</span> <span class='ocrx_word' id='word_1_153' title='bbox 1441 1693 1479 1736; x_wconf 90' lang='lat' dir='ltr'>ei</span> <span class='ocrx_word' id='word_1_154' title='bbox 1502 1692 1707 1737; x_wconf 75' lang='lat' dir='ltr'>sanandae</span> <span class='ocrx_word' id='word_1_155' title='bbox 1730 1691 1808 1736; x_wconf 91' lang='lat' dir='ltr'>ad-</span> 
     </span>
     <span class='ocr_line' id='line_1_21' title="bbox 412 1763 1807 1822; baseline 0.001 -15"><span class='ocrx_word' id='word_1_156' title='bbox 412 1764 652 1808; x_wconf 87' lang='lat' dir='ltr'>hibuerunt</span> <span class='ocrx_word' id='word_1_157' title='bbox 684 1763 945 1807; x_wconf 89' lang='lat' dir='ltr'>medicinam</span> <span class='ocrx_word' id='word_1_158' title='bbox 978 1764 1121 1822; x_wconf 88' lang='lat' dir='ltr'>potius</span> <span class='ocrx_word' id='word_1_159' title='bbox 1150 1765 1458 1817; x_wconf 88' lang='lat' dir='ltr'>christianam,</span> <span class='ocrx_word' id='word_1_160' title='bbox 1499 1765 1531 1807; x_wconf 91' lang='lat' dir='ltr'>si</span> <span class='ocrx_word' id='word_1_161' title='bbox 1571 1763 1807 1808; x_wconf 86' lang='lat' dir='ltr'>christiano</span> 
     </span>
     <span class='ocr_line' id='line_1_22' title="bbox 412 1834 1807 1893; baseline -0.001 -14"><span class='ocrx_word' id='word_1_162' title='bbox 412 1834 543 1879; x_wconf 91' lang='lat' dir='ltr'>corde</span> <span class='ocrx_word' id='word_1_163' title='bbox 575 1834 800 1893; x_wconf 85' lang='lat' dir='ltr'>cogitares,</span> <span class='ocrx_word' id='word_1_164' title='bbox 828 1834 1124 1888; x_wconf 82' lang='lat' dir='ltr'>erubesceres,</span> <span class='ocrx_word' id='word_1_165' title='bbox 1155 1834 1508 1878; x_wconf 85' lang='lat' dir='ltr'>contremisceres</span> <span class='ocrx_word' id='word_1_166' title='bbox 1529 1869 1539 1889; x_wconf 97' lang='lat'>,</span> <span class='ocrx_word' id='word_1_167' title='bbox 1583 1834 1807 1878; x_wconf 88' lang='lat' dir='ltr'>obmutes-</span> 
     </span>
     <span class='ocr_line' id='line_1_23' title="bbox 412 1920 1862 1966; baseline -0.001 -17"><span class='ocrx_word' id='word_1_168' title='bbox 412 1920 544 1949; x_wconf 86' lang='lat' dir='ltr'>ceres.</span> <span class='ocrx_word' id='word_1_169' title='bbox 1858 1952 1862 1966; x_wconf 45' lang='grc' dir='ltr'>ι</span> 
     </span>
    </p>

    <p class='ocr_par' dir='ltr' id='par_1_5' title="bbox 411 1968 1871 2599">
     <span class='ocr_line' id='line_1_24' title="bbox 469 1968 1862 2035; baseline 0 -17"><span class='ocrx_word' id='word_1_170' title='bbox 469 1977 608 2018; x_wconf 87' lang='lat' dir='ltr'><strong>XXV.</strong></span> <span class='ocrx_word' id='word_1_171' title='bbox 639 1977 867 2019; x_wconf 64' lang='lat' dir='ltr'><strong>JL‘LIANI‘S.</strong></span> <span class='ocrx_word' id='word_1_172' title='bbox 899 1994 918 2016; x_wconf 91' lang='lat'>«</span> <span class='ocrx_word' id='word_1_173' title='bbox 943 1974 1169 2033; x_wconf 88' lang='lat' dir='ltr'>Numquid</span> <span class='ocrx_word' id='word_1_174' title='bbox 1192 1990 1281 2018; x_wconf 89' lang='lat' dir='ltr'>non</span> <span class='ocrx_word' id='word_1_175' title='bbox 1308 1974 1423 2017; x_wconf 91' lang='lat' dir='ltr'>idem</span> <span class='ocrx_word' id='word_1_176' title='bbox 1440 2008 1450 2028; x_wconf 94' lang='lat'>,</span> <span class='ocrx_word' id='word_1_177' title='bbox 1473 1973 1733 2018; x_wconf 85' lang='lat' dir='ltr'>Adimantus</span> <span class='ocrx_word' id='word_1_178' title='bbox 1764 1983 1807 2018; x_wconf 89' lang='lat' dir='ltr'>et</span> <span class='ocrx_word' id='word_1_179' title='bbox 1858 1968 1862 2035; x_wconf 87' lang='lat'>3</span> 
     </span>
     <span class='ocr_line' id='line_1_25' title="bbox 417 2039 1862 2107; baseline 0 -18"><span class='ocrx_word' id='word_1_180' title='bbox 417 2048 618 2100; x_wconf 87' lang='lat' dir='ltr'>Faustus,</span> <span class='ocrx_word' id='word_1_181' title='bbox 643 2047 808 2105; x_wconf 85' lang='lat' dir='ltr'>(quem</span> <span class='ocrx_word' id='word_1_182' title='bbox 836 2043 1031 2088; x_wconf 87' lang='lat' dir='ltr'>inlibris</span> <span class='ocrx_word' id='word_1_183' title='bbox 1059 2045 1350 2089; x_wconf 88' lang='lat' dir='ltr'>Confessionis</span> <span class='ocrx_word' id='word_1_184' title='bbox 1375 2054 1462 2088; x_wconf 85' lang='lat' dir='ltr'>tuae</span> <span class='ocrx_word' id='word_1_185' title='bbox 1491 2054 1805 2104; x_wconf 79' lang='lat' dir='ltr'>praeceptorem</span> <span class='ocrx_word' id='word_1_186' title='bbox 1859 2039 1862 2107; x_wconf 69' lang='grc' dir='ltr'>ξ</span> 
     </span>
     <span class='ocr_line' id='line_1_26' title="bbox 414 2111 1863 2176; baseline -0.001 -15"><span class='ocrx_word' id='word_1_187' title='bbox 414 2125 538 2162; x_wconf 86' lang='lat' dir='ltr'>tuum</span> <span class='ocrx_word' id='word_1_188' title='bbox 577 2115 843 2176; x_wconf 81' lang='lat' dir='ltr'>loqueris¹,)</span> <span class='ocrx_word' id='word_1_189' title='bbox 877 2116 1175 2161; x_wconf 75' lang='lat' dir='ltr'>haeresiarchae</span> <span class='ocrx_word' id='word_1_190' title='bbox 1207 2117 1273 2160; x_wconf 86' lang='lat' dir='ltr'>sui</span> <span class='ocrx_word' id='word_1_191' title='bbox 1307 2115 1541 2160; x_wconf 86' lang='lat' dir='ltr'>traditione</span> <span class='ocrx_word' id='word_1_192' title='bbox 1579 2115 1802 2171; x_wconf 76' lang='lat' dir='ltr'>fecerunt,</span> <span class='ocrx_word' id='word_1_193' title='bbox 1859 2111 1863 2126; x_wconf 75' lang='lat'><em>‘</em></span> 
     </span>
     <span class='ocr_line' id='line_1_27' title="bbox 412 2180 1864 2247; baseline 0 -15"><span class='ocrx_word' id='word_1_194' title='bbox 412 2187 679 2232; x_wconf 86' lang='lat' dir='ltr'>obscuriores</span> <span class='ocrx_word' id='word_1_195' title='bbox 708 2202 903 2247; x_wconf 86' lang='lat' dir='ltr'>quasque</span> <span class='ocrx_word' id='word_1_196' title='bbox 925 2185 994 2231; x_wconf 92' lang='lat' dir='ltr'>vel</span> <span class='ocrx_word' id='word_1_197' title='bbox 1019 2187 1073 2230; x_wconf 88' lang='lat' dir='ltr'>de</span> <span class='ocrx_word' id='word_1_198' title='bbox 1098 2186 1334 2244; x_wconf 88' lang='lat' dir='ltr'>Evangelio</span> <span class='ocrx_word' id='word_1_199' title='bbox 1351 2221 1362 2240; x_wconf 85' lang='lat'>,</span> <span class='ocrx_word' id='word_1_200' title='bbox 1387 2186 1457 2231; x_wconf 89' lang='lat' dir='ltr'>vel</span> <span class='ocrx_word' id='word_1_201' title='bbox 1486 2186 1540 2230; x_wconf 92' lang='lat' dir='ltr'>de</span> <span class='ocrx_word' id='word_1_202' title='bbox 1571 2186 1804 2246; x_wconf 87' lang='lat' dir='ltr'>Apostolo-</span> <span class='ocrx_word' id='word_1_203' title='bbox 1860 2180 1864 2236; x_wconf 70' lang='grc' dir='ltr'>’ἒ</span> 
     </span>
     <span class='ocr_line' id='line_1_28' title="bbox 411 2258 1802 2317; baseline 0.001 -15"><span class='ocrx_word' id='word_1_204' title='bbox 411 2274 506 2302; x_wconf 90' lang='lat' dir='ltr'>rum</span> <span class='ocrx_word' id='word_1_205' title='bbox 531 2258 720 2317; x_wconf 87' lang='lat' dir='ltr'>epistolis</span> <span class='ocrx_word' id='word_1_206' title='bbox 743 2258 976 2302; x_wconf 85' lang='lat' dir='ltr'>sententias</span> <span class='ocrx_word' id='word_1_207' title='bbox 1001 2259 1215 2317; x_wconf 85' lang='lat' dir='ltr'>rapientes</span> <span class='ocrx_word' id='word_1_208' title='bbox 1238 2267 1280 2302; x_wconf 87' lang='lat' dir='ltr'>et</span> <span class='ocrx_word' id='word_1_209' title='bbox 1302 2260 1603 2313; x_wconf 88' lang='lat' dir='ltr'>corradentes,</span> <span class='ocrx_word' id='word_1_210' title='bbox 1632 2267 1679 2302; x_wconf 90' lang='lat' dir='ltr'>ut</span> <span class='ocrx_word' id='word_1_211' title='bbox 1698 2274 1802 2317; x_wconf 87' lang='lat' dir='ltr'>pro·</span> 
     </span>
     <span class='ocr_line' id='line_1_29' title="bbox 412 2327 1865 2389; baseline 0 -16"><span class='ocrx_word' id='word_1_212' title='bbox 412 2327 563 2373; x_wconf 86' lang='lat' dir='ltr'>fanum</span> <span class='ocrx_word' id='word_1_213' title='bbox 577 2330 736 2387; x_wconf 82' lang='lat' dir='ltr'>dogma</span> <span class='ocrx_word' id='word_1_214' title='bbox 749 2329 979 2373; x_wconf 91' lang='lat' dir='ltr'>nominum</span> <span class='ocrx_word' id='word_1_215' title='bbox 997 2329 1255 2373; x_wconf 87' lang='lat' dir='ltr'>auctoritate</span> <span class='ocrx_word' id='word_1_216' title='bbox 1271 2330 1525 2372; x_wconf 82' lang='lat' dir='ltr'>tuerentur?</span> <span class='ocrx_word' id='word_1_217' title='bbox 1540 2331 1802 2389; x_wconf 86' lang='lat' dir='ltr'>Quanquam</span> <span class='ocrx_word' id='word_1_218' title='bbox 1862 2351 1865 2354; x_wconf 55' lang='lat'><strong>&gt;</strong></span> 
     </span>
     <span class='ocr_line' id='line_1_30' title="bbox 414 2398 1802 2459; baseline 0.001 -17"><span class='ocrx_word' id='word_1_219' title='bbox 414 2398 520 2459; x_wconf 88' lang='lat' dir='ltr'>quid</span> <span class='ocrx_word' id='word_1_220' title='bbox 543 2399 640 2443; x_wconf 89' lang='lat' dir='ltr'>dico</span> <span class='ocrx_word' id='word_1_221' title='bbox 663 2398 718 2442; x_wconf 86' lang='lat' dir='ltr'>de</span> <span class='ocrx_word' id='word_1_222' title='bbox 747 2398 1021 2443; x_wconf 81' lang='lat' dir='ltr'>Manichaeis?</span> <span class='ocrx_word' id='word_1_223' title='bbox 1044 2414 1193 2442; x_wconf 88' lang='lat' dir='ltr'>omnes</span> <span class='ocrx_word' id='word_1_224' title='bbox 1219 2414 1393 2457; x_wconf 90' lang='lat' dir='ltr'>prorsus</span> <span class='ocrx_word' id='word_1_225' title='bbox 1421 2399 1604 2443; x_wconf 73' lang='lat' dir='ltr'>haereses</span> <span class='ocrx_word' id='word_1_226' title='bbox 1626 2400 1802 2444; x_wconf 88' lang='lat' dir='ltr'>inventa</span> 
     </span>
     <span class='ocr_line' id='line_1_31' title="bbox 415 2454 1865 2529; baseline 0.001 -16"><span class='ocrx_word' id='word_1_227' title='bbox 415 2485 512 2523; x_wconf 86' lang='lat' dir='ltr'>sua,</span> <span class='ocrx_word' id='word_1_228' title='bbox 537 2469 694 2528; x_wconf 87' lang='lat' dir='ltr'>quibus</span> <span class='ocrx_word' id='word_1_229' title='bbox 719 2469 877 2528; x_wconf 85' lang='lat' dir='ltr'>pietate</span> <span class='ocrx_word' id='word_1_230' title='bbox 901 2478 943 2513; x_wconf 84' lang='lat' dir='ltr'>et</span> <span class='ocrx_word' id='word_1_231' title='bbox 965 2468 1051 2513; x_wconf 88' lang='lat' dir='ltr'>fide</span> <span class='ocrx_word' id='word_1_232' title='bbox 1076 2469 1449 2524; x_wconf 78' lang='lat' dir='ltr'>exorbitaverunt,</span> <span class='ocrx_word' id='word_1_233' title='bbox 1480 2471 1799 2529; x_wconf 89' lang='lat' dir='ltr'>Scripturarum</span> <span class='ocrx_word' id='word_1_234' title='bbox 1862 2454 1865 2500; x_wconf 50' lang='grc' dir='ltr'>ἶ</span> 
     </span>
     <span class='ocr_line' id='line_1_32' title="bbox 420 2539 1398 2599; baseline 0 -17"><span class='ocrx_word' id='word_1_235' title='bbox 420 2539 740 2583; x_wconf 86' lang='lat' dir='ltr'>elocutionibus</span> <span class='ocrx_word' id='word_1_236' title='bbox 753 2540 1063 2599; x_wconf 86' lang='lat' dir='ltr'>sententiisque</span> <span class='ocrx_word' id='word_1_237' title='bbox 1080 2540 1398 2583; x_wconf 79' lang='lat' dir='ltr'>communiunt.</span> 
     </span>
    </p>
   </div>
   <div class='ocr_carea' id='block_1_4' title="bbox 464 2622 1120 2666">
    <p class='ocr_par' dir='ltr' id='par_1_6' title="bbox 464 2622 1120 2666">
     <span class='ocr_line' id='line_1_33' title="bbox 464 2622 1120 2666; baseline 0 -10"><span class='ocrx_word' id='word_1_238' title='bbox 464 2630 469 2645; x_wconf 89' lang='lat'><em>¹</em></span> <span class='ocrx_word' id='word_1_239' title='bbox 491 2622 608 2656; x_wconf 84' lang='lat' dir='ltr'>Confer</span> <span class='ocrx_word' id='word_1_240' title='bbox 628 2623 684 2655; x_wconf 89' lang='lat' dir='ltr'>lib.</span> <span class='ocrx_word' id='word_1_241' title='bbox 706 2635 726 2655; x_wconf 83' lang='lat' dir='ltr'>v</span> <span class='ocrx_word' id='word_1_242' title='bbox 743 2623 886 2656; x_wconf 82' lang='lat' dir='ltr'>Confess.</span> <span class='ocrx_word' id='word_1_243' title='bbox 907 2634 978 2666; x_wconf 84' lang='lat' dir='ltr'>cap.</span> <span class='ocrx_word' id='word_1_244' title='bbox 999 2624 1020 2655; x_wconf 87' lang='grc'>6</span> <span class='ocrx_word' id='word_1_245' title='bbox 1036 2628 1067 2656; x_wconf 78' lang='lat' dir='ltr'>et</span> <span class='ocrx_word' id='word_1_246' title='bbox 1089 2635 1120 2664; x_wconf 75' lang='lat'>7.</span> 
     </span>
    </p>
   </div>
   <div class='ocr_carea' id='block_1_5' title="bbox 1835 117 1884 3285">
    <p class='ocr_par' dir='ltr' id='par_1_7' title="bbox 1835 117 1884 3285">
     <span class='ocr_line' id='line_1_34' title="bbox 1835 117 1884 3285; baseline 0 0"><span class='ocrx_word' id='word_1_247' title='bbox 1835 117 1884 3285; x_wconf 95' lang='lat' dir='ltr'> </span> 
     </span>
    </p>
   </div>
  </div>
 </body>
</html>
