1884 3285
445 304 527 343 422
881 316 914 341 s.
950 312 1182 342 Aucus‘rnu
1213 315 1395 343 Emscom

443 380 607 423 dixerat
636 395 686 422 ex
713 379 1054 434 circumcisione,
1079 395 1188 439 quos
1210 381 1289 425 sibi
1311 390 1480 425 tantum
1503 389 1683 426 noverat
1704 395 1822 425 arro-

443 465 565 508 gare,
590 459 640 493 ut
662 458 865 509 putarent
887 458 1044 509 praeter
1071 465 1116 493 se
1138 451 1355 495 neminem
1378 451 1535 495 assumi
1557 451 1612 494 ad
1635 450 1823 495 Abrahae

441 521 614 566 seminis
641 519 895 579 dignitatem
931 540 939 565 z
976 529 1107 581 atque
1131 521 1215 565 hoc
1244 522 1534 581 disputatione
1567 520 1820 580 collegerat,

442 600 490 635 ut
513 592 614 651 quia
634 606 722 635 non
745 590 886 635 solum
904 591 949 636 hi
967 592 1042 650 qui
1067 606 1118 636 ex
1134 592 1483 647 circumcisione,
1508 590 1584 636 sed
1604 600 1647 636 et
1667 590 1731 635 illi
1748 591 1824 650 qui

439 679 489 706 ex
506 663 722 722 prseputio
743 663 893 707 sectari
915 661 1152 706 voluissent
1175 664 1350 722 vestigia
1375 663 1476 708 fidei
1497 663 1708 718 Abrahae,
1733 677 1824 707 non

437 734 654 778 immerito
677 734 866 777 Abrahae
887 733 962 777 filii
983 743 1276 778 censerentur.
1302 754 1321 776 »

499 807 789 848 Aucusrmus.
822 801 965 858 Quid,
992 803 1027 847 si
1048 804 1306 859 noluissent,
1333 812 1616 849 evacuaretur
1640 802 1825 861 promis-

438 874 525 918 sio?
542 874 770 918 Admoneo
795 882 844 917 ut
865 872 1140 932 intelligatis,
1167 875 1238 918 cui
1263 875 1410 934 gratiae
1427 875 1513 919 sitis
1535 872 1724 928 inimici,
1744 887 1824 916 ne-

435 945 578 1003 gando
603 945 772 1004 operari
799 948 935 989 Deum
963 945 1208 989 voluntates
1243 946 1287 989 in
1311 946 1531 990 mentibus
1561 944 1789 988 hominum
1812 961 1822 988 ε

435 1030 523 1059 non
545 1024 594 1059 ut
614 1015 809 1060 nolentes
838 1014 1038 1069 credant,
1065 1015 1184 1073 quod
1213 1015 1517 1060 absurdissime
1540 1013 1724 1071 dicitur3
1748 1012 1826 1057 sed

441 1095 489 1128 ut
526 1085 719 1129 volentes
748 1094 790 1128 et
824 1083 1073 1127 nolentibus
1108 1084 1228 1127 fiant.
1266 1088 1363 1129 Non
1397 1085 1506 1128 sicut
1538 1083 1639 1127 facit
1673 1082 1827 1128 doctor

440 1157 589 1209 homo,
615 1154 814 1199 docendo
837 1163 879 1198 et
901 1153 1140 1208 hortando,
1166 1154 1373 1198 minando
1395 1163 1437 1198 et
1458 1152 1755 1213 promittendo
1780 1154 1826 1197 in

437 1239 635 1269 sermone
658 1225 734 1268 Dei
761 1243 770 1269 ε
797 1224 916 1284 quod
945 1223 1102 1269 frustra
1130 1225 1200 1279 fit,
1227 1225 1305 1269 nisi
1336 1228 1449 1269 Deus
1480 1225 1598 1269 intus
1623 1233 1827 1284 operetur

438 1305 480 1340 et
511 1295 623 1340 velle
653 1311 730 1355 per
763 1295 1084 1354 investigabiles
1108 1297 1195 1340 vias
1221 1298 1359 1340 suas¹.
1399 1297 1508 1341 Cum
1538 1296 1652 1340 enim
1684 1295 1827 1340 verbis

436 1366 589 1410 doctor
612 1365 779 1425 plantat
813 1375 853 1409 et
887 1367 1021 1424 rigat,
1051 1381 1278 1425 possumus
1299 1367 1464 1422 dicere,
1502 1369 1633 1411 Forte
1661 1367 1822 1421 credit,

437 1438 549 1482 forte
583 1453 673 1481 non
701 1436 838 1481 credit
875 1436 1048 1481 auditor
1087 1456 1095 1481 :
1134 1453 1233 1481 cum
1264 1453 1367 1482 vero
1400 1437 1476 1482 dat
1507 1438 1827 1483 incrementum

440 1509 596 1562 Deus2‚
631 1507 722 1551 sine
750 1506 886 1551 dubio
917 1508 1054 1551 credit
1083 1517 1126 1551 et
1148 1508 1333 1567 proficit.
1367 1511 1480 1553 Ecce
1501 1507 1620 1568 quod
1648 1508 1830 1554 interest

437 1579 549 1622 inter
573 1578 711 1635 legem
736 1586 778 1621 et
810 1577 1133 1636 promissionem
1151 1613 1162 1632 ,
1193 1578 1306 1622 inter
1330 1578 1520 1622 litteram
1543 1588 1585 1622 et
1607 1579 1823 1638 spiritum.

495 1650 678 1694 CLVIII
700 1650 925 1693 JULIANUS-
958 1666 978 1689 «
1005 1649 1116 1693 Cum
1147 1663 1250 1706 ergo
1282 1649 1476 1707 superius
1497 1647 1552 1692 ad
1574 1648 1753 1707 egisset,
1779 1658 1829 1694 ut

438 1716 778 1776 intelligeremus
811 1734 832 1760 a
856 1718 1072 1761 consortio
1098 1718 1277 1777 justitiae
1316 1733 1405 1762 non
1435 1718 1624 1776 potuisse
1656 1717 1829 1763 excludi

443 1798 606 1847 gentes,
633 1789 708 1833 sed
731 1805 805 1849 per
826 1788 1022 1833 eamdem
1040 1789 1172 1833 fidem
1194 1805 1293 1834 cum
1312 1790 1409 1834 filiis
1426 1789 1761 1835 circumcisionis
1782 1791 1830 1834 in
1882 1825 1884 1844 ὲ

442 1860 629 1904 Abrahae
648 1861 780 1920 stirpe
801 1862 1043 1918 numerari3
1068 1876 1187 1905 nunc
1213 1861 1383 1916 intulit,
1418 1862 1636 1905 neminem
1658 1861 1713 1906 de
1745 1862 1830 1907 cir·
1883 1853 1884 1860 ἵ

439 1931 700 1976 cumcisione
724 1931 778 1976 ad
796 1947 891 1975 eam
913 1931 1263 1991 promissionem,
1285 1948 1384 1992 quae
1414 1933 1602 1977 Abrahae
1621 1933 1723 1977 data
1745 1941 1825 1989 est,

442 2002 658 2061 pertinere
681 2022 689 2047 2
709 2003 791 2047 hoc
807 2011 952 2046 autem
968 2002 1169 2054 omnino,
1187 2002 1269 2046 nisi
1290 2002 1573 2062 intelligatur,
1595 2012 1824 2062 repugnat.

444 2072 572 2125 Quod
594 2073 741 2131 itaque
756 2073 835 2127 ait,
860 2073 899 2117 Si
923 2073 1038 2116 enim
1055 2073 1133 2132 qui
1155 2082 1256 2117 sunt
1275 2089 1325 2117 ex
1348 2074 1466 2131 lege,
1486 2072 1681 2117 haeredes
1699 2083 1826 2129 sunt,

444 2152 651 2188 evacuata
672 2153 734 2187 est
756 2142 864 2187 fides
881 2178 891 2197 ,
924 2152 968 2186 et
989 2143 1208 2188 destructa
1233 2154 1296 2187 est
1320 2143 1598 2202 promissi033
1623 2158 1713 2188 non
1744 2144 1830 2189 hoc

444 2214 765 2271 pronuntiavit,
792 2223 841 2257 ut
865 2212 1065 2258 videlicet
1088 2230 1217 2260 nemo
1239 2216 1294 2259 de
1315 2218 1339 2259 J
1346 2215 1477 2259 udaeis
1489 2230 1566 2274 per
1587 2215 1718 2259 fidem
1738 2215 1831 2259 fieri

444 2281 647 2326 credatur
671 2285 805 2327 haeres
827 2284 1117 2342 promissionis
1146 2286 1339 2345 antiquae
1371 2305 1380 2329 2
1416 2284 1491 2328 sed
1517 2285 1639 2329 deest
1665 2300 1828 2340 sermo,

444 2353 566 2413 cujus
589 2353 729 2397 vicem
750 2353 903 2413 implet
925 2353 1211 2412 intelligentia
1229 2390 1239 2409 ,
1266 2371 1355 2398 non
1383 2354 1495 2398 solos
1529 2353 1708 2399 heredes
1742 2370 1831 2400 esse

448 2423 523 2482 qui
546 2438 596 2466 ex
615 2423 711 2482 lege
739 2433 870 2481 sunt3
895 2433 943 2467 ut
965 2424 999 2467 si
1020 2424 1104 2468 hoc
1134 2424 1264 2468 modo
1293 2425 1458 2469 dictum
1485 2434 1594 2470 esset
1615 2443 1624 2470 ε
1651 2425 1693 2469 Si
1717 2425 1832 2470 enim

448 2493 524 2552 qui
541 2502 642 2538 sunt
668 2509 720 2537 ex
751 2493 868 2552 lege,
893 2492 971 2538 soli
994 2494 1185 2537 haeredes
1214 2503 1341 2548 sunt,
1377 2504 1583 2539 evacuata
1610 2504 1674 2539 est
1706 2494 1829 2540 fides.

450 2565 561 2608 Vere
597 2565 711 2609 enim
744 2565 1006 2624 praeputium
1045 2565 1265 2609 videretur
1298 2563 1492 2619 excludi,
1533 2566 1565 2609 si
1602 2564 1657 2610 ad
1690 2564 1834 2611 nullos

504 2657 510 2670 ¹
529 2650 640 2691 Philip.
660 2662 692 2690 ιι,
716 2651 763 2681 ι3.
781 2667 817 2673 —--
835 2657 848 2672 2
869 2662 880 2682 1
904 2652 976 2683 Cor.
993 2661 1037 2689 lu,
1053 2650 1084 2682 6.
1099 2668 1138 2673 -
1154 2648 1166 2673 3
1181 2651 1271 2682 Rom.
1288 2662 1335 2691 iv,
1360 2649 1409 2691 14.
