1821 3264
396 253 450 281 nn
481 247 773 279 CORREPTIONE
806 250 858 278 ET
888 248 1061 279 onum·
1371 237 1425 277 43

100 322 194 365 XL.
213 315 343 373 Quod
359 325 505 362 autem
523 315 653 359 etiam
671 316 1005 374 perseveraturis
1021 315 1177 359 sanctis
1194 314 1252 359 sic
1268 315 1348 360 ista
1365 315 1428 359 di-

0 383 1 441 l
41 400 218 444 cuntur,
241 387 363 448 quasi
383 400 454 430 eos
477 394 822 445 perseveraturos
842 384 1054 428 habeatur
1075 385 1291 429 incertum
1309 405 1317 430 ;
1338 401 1428 430 non

43 461 165 506 aliter
174 462 266 504 haec
283 458 432 502 audire
446 457 624 510 debent,
643 456 802 515 quibus
818 455 990 514 expedit
1003 471 1091 499 non
1106 456 1242 500 altum
1259 471 1425 516 sapere,

41 530 116 576 sed
127 531 318 574 timere1.
335 528 437 581 Quis
449 527 562 571 enim
579 541 632 570 ex
649 524 932 569 multitudine
947 524 1158 580 fidelium,
1177 526 1372 584 quandiu
1384 526 1430 570 in

40 603 121 647 hac
133 598 395 644 mortalitate
409 598 586 652 vivitur,
605 597 650 640 in
668 612 850 641 numero
864 596 1270 656 praedestinatorum
1285 612 1329 640 se
1342 612 1430 641 esse

40 672 300 733 praesumat?
321 671 432 723 Quia
455 668 500 712 id
522 668 730 713 occultari
751 684 861 728 opus
883 678 946 712 est
970 669 1013 712 in
1035 669 1249 722 hocloco,
1275 668 1351 711 ubi
1373 667 1432 711 sic

44 741 236 787 cavenda
258 750 322 785 est
343 739 493 795 elatio,
518 749 567 783 ut
589 740 716 783 etiam
742 754 816 799 per
841 742 1009 784 Satanae
1033 739 1253 798 angelum,
1275 753 1330 781 ne
1355 753 1429 781 ex·

46 813 272 858 tolleretur
293 816 326 867 2,
352 821 497 855 tantus
517 810 862 870 colaphizaretur
884 809 1131 869 Apostolus.
1160 810 1270 853 Hinc
1292 812 1432 868 Apos-

45 884 144 929 tolis
158 882 407 927 dicebatur:
431 901 451 924 «
479 883 520 927 Si
538 882 780 926 manseritis
802 881 845 924 in
870 882 968 925 me³
990 899 998 925 ε
1024 900 1044 923 »
1067 880 1236 925 dicente
1257 880 1333 924 illo
1355 881 1432 939 qui

43 969 116 999 eos
139 955 290 1013 utique
312 954 475 998 sciebat
496 968 586 997 esse
607 968 847 997 mansuros.
872 955 927 997 Et
950 967 1025 1011 per
1049 952 1332 1011 Prophetam:
1352 952 1431 995 «Si

45 1042 66 1067 »
92 1024 316 1069 volueritis
341 1034 383 1068 et
411 1023 633 1068 audieritis
658 1039 727 1067 me
750 1024 766 1048 4
795 1043 803 1068 :
830 1041 850 1064 »
879 1038 978 1068 cum
1006 1023 1133 1067 sciret
1159 1023 1249 1081 ipse
1270 1023 1315 1064 in
1336 1021 1433 1080 qui-

42 1096 124 1139 bus
139 1087 390 1155 operaretur
412 1104 454 1139 et
476 1094 586 1139 velle
607 1097 636 1138 5.
665 1098 719 1139 Et
741 1094 893 1139 similia
915 1094 1052 1138 multa
1075 1094 1298 1138 dicuntur.
1324 1094 1433 1137 Nam

45 1178 221 1227 propter
241 1169 371 1227 huJ'us
393 1168 625 1211 utilitatem
649 1169 800 1211 secreti
817 1203 828 1222 ,
853 1183 908 1211 ne
932 1167 1041 1211 forte
1063 1167 1159 1227 quis
1182 1165 1429 1219 extollatur,

45 1237 121 1281 sed
133 1252 284 1281 omnes
302 1238 428 1281 etiam
449 1239 525 1297 qui
544 1239 656 1281 bene
677 1248 860 1282 currunt
878 1237 1074 1292 timeant,
1091 1238 1197 1280 dum
1213 1236 1435 1287 occultum

47 1317 110 1352 est
133 1309 208 1368 qui
237 1309 519 1367 perveniant:
541 1319 719 1368 propter
745 1311 876 1369 hujus
902 1325 1003 1367 ergo
1026 1309 1258 1353 utilitatem
1283 1306 1434 1350 secreti

48 1378 314 1423 credendum
339 1388 401 1422 est
423 1379 634 1438 quosdam
660 1380 714 1423 de
737 1380 834 1423 filiis
857 1380 1125 1438 perditionis,
1147 1395 1235 1422 non
1258 1385 1435 1435 accepto

44 1450 161 1494 dono
185 1451 490 1509 perseverandi
511 1466 652 1510 usque
673 1451 716 1494 in
740 1452 871 1494 finem
887 1486 898 1505 ,
920 1451 965 1494 in
988 1450 1074 1493 fide
1091 1465 1191 1510 quae
1214 1464 1290 1508 per
1307 1447 1437 1492 dilec-

44 1521 206 1564 tionem
239 1531 444 1579 operatur
477 1522 669 1581 incipere
698 1522 863 1575 vivcre,
896 1530 938 1564 et
969 1519 1223 1580 aliquandiu
1252 1518 1438 1562 fideliter

45 1607 93 1636 ac
110 1593 225 1651 juste
248 1592 416 1648 vivere,
442 1603 486 1636 et
507 1602 653 1651 postea
677 1592 831 1637 cadere
849 1628 859 1647 ,
878 1607 1021 1652 neque
1039 1591 1191 1636 dehac
1206 1591 1294 1635 vita
1318 1590 1437 1649 prius

45 1677 178 1722 quam
203 1663 287 1707 hoc
309 1665 368 1707 eis
390 1665 615 1723 contingat
637 1663 813 1708 auferri.
841 1668 1037 1718 Quorum
1059 1665 1092 1708 si
1114 1662 1277 1707 nemini
1299 1662 1437 1706 conti-

48 1733 176 1792 gisset
196 1769 207 1787 ,
234 1734 386 1777 tandiu
409 1735 622 1778 haberent
644 1736 840 1779 homines
862 1736 993 1779 istum
1016 1735 1350 1780 saluberrimum
1381 1733 1437 1776 ti-

46 1817 230 1858 morem,
247 1819 336 1863 quo
359 1805 510 1848 vitium
534 1805 730 1849 elationis
752 1807 1030 1864 opprimitur,
1047 1807 1187 1849 donec
1205 1804 1260 1848 ad
1280 1803 1439 1848 Christi

49 1875 228 1932 gratiam
251 1890 338 1934 qua
361 1876 430 1934 pie
451 1876 610 1920 vivitur
632 1877 909 1935 pervenirent
930 1912 940 1931 ,
966 1876 1169 1935 deinceps
1186 1877 1276 1936 jam
1299 1874 1437 1918 securi

49 1960 276 2005 nunquam
292 1961 336 1989 se
358 1947 412 1990 ab
433 1945 509 1990 illo
531 1962 620 1990 esse
642 1962 829 1991 casuros.
853 1952 957 2000 Quae
983 1947 1264 2007 praesumptio
1287 1946 1333 1989 in
1355 1946 1438 1990 isto

51 2016 343 2059 tentationum
361 2015 458 2060 loco
483 2031 571 2060 non
594 2017 788 2076 expedit,
811 2017 887 2060 ubi
906 2026 1022 2061 tanta
1042 2027 1105 2061 est
1122 2017 1370 2071 infirmitas,
1391 2025 1440 2060 ut

53 2087 299 2145 superbiam
331 2088 463 2146 possit
491 2102 694 2145 generare
722 2090 942 2133 securitas.
976 2090 1173 2149 Denique
1201 2089 1329 2132 etiam
1357 2089 1440 2132 hoc

52 2157 134 2201 erit
149 2192 159 2212 ,
182 2158 258 2201 sed
279 2167 401 2213 tunc,
419 2160 539 2218 quod
553 2161 641 2219 jam
666 2169 729 2204 est
751 2161 796 2203 in
819 2161 1010 2220 Angelis,
1037 2162 1166 2205 etiam
1189 2161 1234 2203 in
1257 2160 1440 2204 homini-

50 2228 134 2271 bus
156 2227 251 2282 erit,
269 2229 446 2288 quando
469 2228 556 2272 ulla
580 2230 783 2288 superbia
804 2246 894 2274 esse
916 2246 1004 2274 non
1027 2231 1201 2290 poterit.
1227 2234 1441 2276 Numerus

50 2314 153 2356 ergo
179 2309 427 2344 sanctorum
453 2316 528 2360 per
550 2303 624 2345 Dei
646 2302 825 2359 gratiam
848 2303 923 2345 Dei
942 2317 1073 2360 regno
1091 2300 1437 2361 praedestinatUS,

51 2370 211 2416 donata
234 2373 315 2416 sibi
338 2373 465 2416 etiam
491 2389 630 2433 usque
651 2375 695 2417 in
719 2375 850 2418 finem
876 2375 1192 2433 perseverantia
1210 2409 1221 2429 ,
1249 2374 1352 2417 illuc
1373 2374 1440 2417 in-

50 2449 169 2500 teger
187 2443 455 2502 perducetur
470 2479 480 2499 ,
510 2453 552 2487 et
577 2442 665 2488 illic
686 2445 991 2503 integerrimus
1007 2446 1098 2504 jam
1121 2445 1211 2488 sine
1234 2444 1320 2488 fine
1345 2444 1444 2488 bea-

101 2546 109 2562 ¹
131 2546 222 2576 Rom.
253 2555 296 2585 xi,
325 2554 379 2579 20.
394 2562 436 2569 —
453 2552 465 2568 2
497 2554 515 2578 2
538 2548 610 2578 Cor.
632 2556 689 2583 χιι,
711 2557 742 2587 7.
763 2564 803 2569 -—
822 2545 835 2569 3
854 2549 944 2577 Joan.
965 2557 1019 2583 xv,
1040 2557 1070 2588 7.
1089 2545 1156 2576 -4
1176 2547 1243 2579 lsai.
1275 2559 1300 2588 1,
1333 2558 1380 2589 ¹9·
1401 2564 1441 2571 -—

55 2597 69 2620 5
86 2598 196 2641 Philip.
216 2612 255 2643 11,
282 2601 331 2633 13.
