1884 3285
450 247 533 285 264
879 263 912 287 s.
949 262 1177 292 aucus-nm
1212 268 1389 296 zmscom

447 321 556 365 filios
585 337 682 365 suos
718 322 772 365 ab
804 322 879 367 illo
914 324 1059 385 colligi
1093 329 1302 386 noluisse,
1338 333 1396 377 ita
1426 344 1592 381 certum
1625 348 1688 383 est
1723 356 1824 387 eum

444 392 573 434 etiam
595 393 685 450 ipsa
721 393 897 437 nolente
924 412 1222 460 quoscumque
1245 418 1394 447 eorum
1423 404 1560 451 voluit
1585 408 1820 469 collegisse.

445 463 556 504 Deus
571 462 702 517 enim,
723 463 833 507 sicut
857 464 989 510 horno
1011 469 1100 526 ejus
1121 470 1228 516 dixit
1246 473 1515 530 Ambrosius,
1541 493 1649 536 quos
1669 479 1822 538 digna·

440 539 512 574 tur
524 541 666 586 vocat,
693 542 735 577 et
752 550 882 593 quem
902 536 996 580 vult
1016 538 1263 598 religiosum
1280 543 1420 588 facit¹.
1439 547 1655 593 Convenit
1676 561 1822 597 autem
1865 553 1867 559 ’

441 601 661 661 Scriptura
700 603 957 666 plerumque
990 609 1175 655 hominis
1207 613 1506 671 voluntatem,
1533 627 1582 662 ut
1603 622 1722 679 quod
1744 624 1822 668 ha-
1866 624 1870 660 '÷

438 671 538 726 bet,
573 673 641 716 vel
674 689 762 717 non
787 685 949 733 potest,
985 680 1232 726 admonitus
1255 686 1439 743 sentiat,
1463 696 1506 731 et
1534 688 1589 732 ab
1616 705 1667 734 eo
1689 707 1712 735 a
1733 708 1822 752 quo

434 751 536 786 sunt
560 744 673 788 bona
691 747 851 800 omnia,
879 747 1075 807 indigens
1094 764 1254 811 poscat.
1286 756 1329 800 Si
1353 757 1470 800 enim
1487 759 1713 805 exauditus
1729 761 1822 808 fue·
1867 765 1870 792 ³

434 814 487 856 rit
509 814 552 857 in
575 830 626 858 eo
643 817 764 875 quod
785 817 1042 878 dicerejussi
1062 838 1225 879 sumus,
1257 845 1276 868 «
1304 829 1366 872 Ne
1383 844 1460 872 nos
1478 829 1636 876 inferas
1653 833 1699 876 in
1724 843 1821 879 ten·
1867 826 1871 868 ἶ

435 902 454 925 n
484 885 722 930 tationem²
749 907 758 932 :
793 907 812 929 n
839 891 991 948 procul
1031 892 1166 940 dubio
1198 896 1319 942 nulla
1353 898 1595 960 decipietur
1626 904 1816 962 inscitia,

430 954 551 999 nulla
573 956 810 1015 cupiditate
836 959 1048 1006 vincetur.
1078 967 1312 1025 Propterea
1338 984 1439 1027 ergo
1459 986 1537 1029 per
1556 975 1819 1033 Prophetam
1868 979 1877 1013 Ρ

429 1023 595 1070 dictum
620 1036 709 1082 est,
742 1048 761 1070 «
790 1029 832 1074 Si
853 1031 1096 1089 nolueritis,
1131 1045 1175 1080 et
1190 1053 1279 1082 non
1303 1040 1522 1085 audieritis
1546 1058 1631 1099 me,
1649 1044 1819 1103 gladius

433 1114 452 1135 »
478 1111 552 1141 vos
575 1099 774 1144 comedet
791 1102 829 1158 ³3
860 1123 876 1142 »
901 1112 944 1146 et
965 1114 1119 1149 caetera
1141 1107 1393 1166 hujusmodi
1417 1130 1425 1155 ε
1451 1121 1499 1156 ut
1514 1128 1614 1157 cum
1631 1114 1818 1162 invenis-

430 1168 582 1210 sentin
604 1184 647 1211 se
669 1170 770 1226 ipsis
793 1172 987 1216 victrices
1006 1175 1283 1235 cupiditates,
1302 1179 1354 1223 ad
1376 1182 1708 1241 propellendum
1725 1202 1818 1232 ma-

425 1235 516 1278 lum
539 1238 698 1281 scirent
719 1255 742 1282 a
761 1256 850 1298 quo
872 1240 1084 1288 deberent
1101 1261 1275 1303 poscere
1294 1249 1518 1295 auxilium.
1543 1253 1648 1298 Ideo
1671 1265 1816 1301 autem

422 1303 586 1348 dictum
613 1317 698 1362 est,
743 1328 762 1350 «
792 1313 904 1355 Ecce
938 1312 1208 1374 relinquetur
1239 1319 1356 1363 vobis
1384 1321 1539 1366 domus
1572 1334 1710 1370 vestra
1739 1327 1816 1372 de-

424 1392 442 1415 »
470 1379 642 1433 serta43
673 1397 690 1418 »
717 1380 818 1438 quia
859 1382 1004 1440 plures
1034 1384 1094 1428 ibi
1129 1398 1274 1443 erant,
1306 1406 1414 1449 quos
1453 1392 1744 1440 obduratione
1771 1408 1815 1442 et

418 1444 662 1490 desertione
680 1448 953 1507 judicaverat
982 1453 1158 1512 dignos,
1191 1459 1364 1504 occulto
1385 1461 1568 1520 judicie,
1590 1464 1709 1523 justo
1745 1476 1811 1512 ta-

414 1529 530 1558 men.
572 1519 678 1561 Nam
715 1519 748 1562 si
789 1529 835 1564 ut
884 1522 1005 1578 dicis,
1036 1545 1054 1566 «
1083 1527 1137 1569 ab
1174 1527 1417 1574 intentione
1451 1535 1626 1593 propria
1659 1536 1810 1597 utique

413 1584 551 1640 mala,
577 1602 666 1631 non
695 1588 827 1633 debet
854 1591 987 1636 homo
1018 1594 1103 1638 ulla
1134 1600 1387 1644 necessitate
1422 1606 1614 1648 revocari
1639 1625 1647 1650 z
1685 1625 1705 1647 »
1731 1623 1809 1652 cur

414 1654 633 1712 apostolus
661 1658 818 1702 Paulus
840 1661 984 1707 adhuc
1017 1665 1196 1710 Saulus⁵
1217 1703 1227 1722 ,
1254 1671 1417 1714 caedem
1449 1674 1613 1731 spirans
1643 1685 1686 1720 et
1710 1691 1808 1721 san-

413 1725 588 1781 guinem
611 1728 773 1783 sitiens,
805 1730 995 1776 violenta
1017 1738 1209 1794 corporis
1242 1741 1453 1797 caecitate,
1479 1753 1522 1788 et
1551 1745 1734 1790 terribili
1752 1747 1807 1792 de

410 1809 539 1853 super
554 1812 682 1852 voce,
704 1815 726 1842 a
745 1815 821 1844 sua
845 1803 1025 1860 pessima
1048 1806 1290 1853 intentione
1308 1823 1536 1858 revocatur
1551 1836 1562 1872 3
1578 1824 1621 1860 et
1639 1832 1689 1860 ex
1707 1833 1806 1876 per—

410 1875 608 1910 secutore
633 1878 869 1926 prostrato,
911 1872 1026 1918 illius
1057 1878 1302 1936 Evangelii,
1340 1883 1461 1941 quod
1486 1887 1800 1945 oppugnabat,

409 1932 665 1981 laboriosior
688 1941 854 1984 caeteris
870 1940 1044 1988 futurus
1078 1947 1338 2004 praedieator
1372 1953 1577 2011 erigitur?
1606 1959 1802 2015 Agnosce

410 2006 615 2064 gratiam,
641 2008 775 2053 alium
793 2013 852 2055 sic
870 2047 880 2066 ,
909 2014 1040 2058 alium
1064 2026 1209 2061 autem
1232 2021 1291 2064 sic
1322 2025 1457 2078 Deus,
1490 2041 1619 2085 quem
1643 2026 1799 2087 digna-

408 2083 480 2117 tur
499 2087 646 2135 vocat,
672 2089 714 2122 et
739 2081 921 2138 Spiritus
940 2085 1016 2127 ubi
1037 2086 1132 2131 vult
1151 2090 1326 2147 spiratss.

467 2149 622 2191 XCIV.
652 2152 879 2208 erANt-s.
905 2156 1015 2199 Nam
1045 2157 1088 2200 in
1125 2158 1201 2203 illo
1237 2176 1393 2219 opere,
1439 2165 1561 2223 quod
1593 2175 1638 2210 te
1669 2182 1798 2228 supra

407 2216 494 2259 dixi
520 2234 658 2277 nuper
690 2224 875 2266 Romam
909 2226 1091 2282 misisse,
1129 2230 1335 2276 audacius
1359 2235 1465 2293 quid
1489 2238 1668 2281 sentires
1691 2255 1797 2298 ape-

406 2287 544 2331 ruisti.
574 2292 622 2332 In
647 2290 785 2349 primo
807 2293 923 2336 enim
944 2294 1072 2350 libro,
1099 2314 1198 2342 cum
1231 2302 1307 2345 tibi
1331 2304 1526 2349 similiter
1544 2309 1794 2366 proposuis-

405 2372 469 2400 ses
493 2360 609 2416 quod
636 2376 712 2404 nos
733 2361 979 2421 objicimus,
1006 2368 1231 2413 arbitrium
1257 2388 1330 2416 vos
1352 2373 1539 2419 liberum
1561 2377 1789 2436 denegare,

404 2426 462 2470 ita
485 2427 654 2472 disseris
676 2434 1044 2480 constantissimus
1076 2448 1118 2481 et
1149 2440 1450 2488 subtilissimus
1484 2444 1741 2505 disputator.
1768 2468 1788 2491 n

455 2533 464 2549 ¹
487 2529 632 2561 Ambros.
653 2531 706 2562 lib.
726 2543 748 2563 11
767 2533 796 2564 in
820 2535 896 2566 Luc.
917 2546 986 2578 cap.
1012 2548 1059 2579 ur,
1079 2549 1108 2570 v.
1130 2539 1182 2572 58.
1201 2559 1241 2564 ——
1258 2549 1271 2564 2
1290 2544 1465 2587 Mattl1.x·‚
1494 2539 1543 2579 15.
1564 2566 1604 2572 —-
1622 2547 1634 2572 3
1661 2551 1731 2582 lsai.
1764 2564 1789 2590 1,

410 2591 461 2613 20.
479 2600 518 2606 —
532 2583 548 2614 4
564 2587 663 2618 Matth
697 2598 787 2628 xxiii,
809 2590 859 2622 38.
877 2608 919 2615 ·—
934 2590 948 2614 5
966 2596 1038 2625 Aut.
1059 2605 1104 2626 rx.
1118 2613 1158 2620 ——
1173 2595 1188 2619 6
1204 2599 1292 2631 Joan.
1313 2612 1358 2642 ιιι,
1379 2601 1410 2633 8.

1875 3194 1884 3281 ..ναι-ιι»
1877 3171 1880 3175 -
1875 3106 1879 3134 ⁴*
1876 3077 1878 3084 ·
