1884 3285
452 261 532 299 438
890 271 924 297 s.
960 269 1190 296 Ateusnm
1221 268 1403 298 nplscom

446 336 561 379 enim
591 334 836 393 pertransiit
864 325 924 377 ad⁴
949 348 1020 377 eos
1039 368 1050 388 ,
1086 342 1128 377 et
1158 334 1238 394 ipsi
1274 350 1363 379 non
1394 344 1686 394 peccaverunt
1715 356 1726 393 3
1754 346 1829 382 aut

441 405 523 463 ipsi
550 412 839 462 peccaverunt
868 418 956 462 quo
981 418 1178 447 sermone
1198 406 1423 462 negotium
1459 405 1720 463 operationis
1753 421 1828 450 ex·

442 475 660 533 primitur,
682 483 725 517 et
744 472 799 517 ad
818 488 889 517 eos
908 489 997 517 non
1012 474 1257 532 pertransiit
1277 474 1356 517 nisi
1377 474 1618 519 imitatione
1631 474 1766 520 sola.»

512 548 805 588 Auetsrfflcs.
864 544 905 588 Si
949 543 1046 603 quis
1092 543 1423 603 intemperantia
1471 545 1552 588 sibi
1593 545 1830 604 podagram

438 614 598 669 faciat,
636 628 819 673 eamque
856 612 1118 657 transmittat
1146 613 1192 657 in
1232 614 1343 658 filios
1366 649 1376 669 ,
1409 614 1528 673 quod
1551 630 1664 673 saepe
1686 616 1828 660 conti-

440 685 502 743 git
529 705 540 742 3
566 700 712 728 nonne
739 693 854 728 recte
877 683 1050 738 dicitur,
1085 684 1129 726 in
1153 699 1223 728 eos
1245 683 1355 728 illud
1389 684 1541 728 vitium
1564 684 1619 728 de
1650 695 1829 744 parente

439 755 653 799 transiisse
677 756 694 798 Ρ
736 758 855 813 Ipsos
879 754 1152 814 quoquehoc
1169 755 1213 798 in
1230 765 1409 813 parente
1428 754 1602 810 fecisse,
1620 755 1827 815 quoniam

1872 0 1884 186 Ι

1875 188 1884 285 1

439 825 616 884 quando
655 825 745 883 ipse
775 824 907 879 fecit,
955 825 1000 868 in
1042 824 1118 869 illo
1149 824 1331 870 fuerunt
1359 847 1371 883 3
1419 842 1468 870 ac
1497 826 1556 870 sic
1586 825 1667 885 ipsi
1699 835 1830 886 atque

436 895 510 939 ille
544 895 688 940 adhuc
725 911 839 940 unus
878 896 1059 939 fuerunt
1090 912 1101 940 .·
1139 896 1335 941 fecerunt
1369 913 1505 955 ergo,
1536 913 1627 941 non
1661 898 1830 943 actione

436 966 665 1010 hominum
691 1000 702 1020 ,
741 965 817 1009 sed
859 966 1026 1010 ratione
1056 967 1146 1025 jam
1183 968 1413 1011 seminum.
1457 968 1586 1020 Quod
1622 982 1728 1026 ergo
1751 967 1831 1011 ali-

437 1036 608 1095 quoties
636 1036 858 1080 invenitur
886 1036 931 1079 in
960 1036 1152 1094 corporis
1183 1037 1346 1080 morbis
1366 1071 1377 1091 ,
1415 1037 1499 1080 hoc
1526 1036 1572 1080 in
1604 1036 1679 1081 illo
1701 1038 1830 1091 unius

438 1106 567 1165 primi
596 1107 800 1164 genitoris
829 1106 1010 1164 antiquo
1043 1120 1292 1165 magnoque
1317 1115 1495 1165 peccato
1520 1141 1532 1161 ,
1557 1122 1647 1166 quo
1675 1117 1831 1153 natura

437 1176 629 1218 humana
660 1176 859 1219 universa
886 1176 1034 1218 vitiata
1071 1184 1162 1230 est,
1197 1174 1363 1220 factum
1401 1191 1489 1221 esse
1517 1186 1699 1222 noverat
1718 1211 1729 1232 ,
1753 1178 1830 1237 qui

436 1245 696 1289 lucidissima
735 1244 956 1290 locutione
982 1281 992 1301 ,
1028 1261 1159 1305 quam
1195 1261 1269 1290 vos
1304 1247 1523 1291 conamini
1567 1247 1827 1305 tenebrare,

437 1315 611 1359 dicebat
629 1334 637 1359 :
655 1319 768 1359 «Per
791 1331 929 1359 unum
948 1316 1170 1359 hominem
1189 1326 1417 1375 peccatum
1442 1316 1620 1361 intravit
1634 1318 1680 1362 in
1697 1333 1830 1363 mun—

438 1404 458 1427 »
485 1385 590 1429 dum
612 1420 623 1440 ‚
649 1396 692 1430 et
721 1402 798 1446 per
820 1396 1047 1446 peccatum
1082 1402 1226 1442 mors,
1252 1396 1295 1431 et
1320 1388 1379 1431 ita
1401 1387 1446 1431 in
1469 1402 1618 1432 omnes
1634 1388 1830 1434 homines

437 1456 729 1514 »pertransiit
754 1492 765 1511 ,
805 1458 850 1501 in
883 1473 971 1517 quo
1006 1471 1155 1500 omnes
1190 1466 1478 1515 peccaverunt
1512 1461 1541 1501 ¹.
1586 1477 1604 1499 υ
1636 1460 1829 1503 Gratiam

434 1525 598 1585 quippe
621 1527 781 1570 Christi
817 1525 1123 1571 commendare
1146 1526 1394 1572 intenderat
1415 1562 1424 1582 ,
1452 1544 1474 1572 a
1495 1529 1714 1573 contrario
1736 1530 1828 1574 for-

435 1611 551 1639 mam
589 1597 886 1651 constituens,
925 1606 967 1640 et
1003 1598 1339 1655 regenerationis
1375 1600 1615 1658 principem
1642 1600 1830 1660 principi

436 1667 726 1724 generationis
749 1682 988 1726 opponens.

493 1736 692 1779 CLVIII.
728 1738 956 1780 Jcmfflrs.
999 1755 1017 1777 u
1054 1735 1171 1780 Illud
1211 1746 1356 1781 autem
1391 1738 1512 1797 quod
1544 1746 1587 1782 te
1609 1754 1831 1798 opponere

435 1804 670 1859 credidisti,
696 1805 765 1849 vel
785 1806 831 1849 in
853 1806 935 1850 isto
954 1805 1084 1861 libro,
1106 1806 1177 1851 cui
1195 1822 1313 1851 nunc
1337 1807 1596 1867 respondeo,
1617 1808 1686 1853 vel
1703 1809 1748 1853 in
1764 1810 1830 1855 his

433 1890 543 1935 quos
564 1875 618 1919 ad
635 1875 938 1921 Marcellinum
961 1877 1205 1935 scripseras,
1225 1886 1319 1921 tum
1342 1879 1556 1923 transiisse
1581 1889 1827 1939 peccatum,

437 1963 457 1986 «
483 1945 660 2004 quando
678 1960 828 1990 omnes
844 1946 1058 2001 homines,
1075 1964 1094 1988 »
1114 1956 1163 1990 ut
1185 1947 1269 1991 tuis
1289 1947 1432 1992 verbis
1451 1957 1565 2004 utar,
1584 1968 1604 1991 «
1620 1948 1694 1994 ille
1716 1964 1829 1994 unus

435 2012 616 2058 fuerunt
639 2016 655 2039 2
682 2036 693 2073 3
720 2033 740 2056 »
775 2016 865 2060 sine
890 2015 1150 2060 difficultate
1179 2017 1335 2061 veritas
1363 2018 1548 2073 deterit,
1580 2027 1623 2063 et
1644 2019 1830 2064 irrisioni

435 2086 609 2143 cujusce
634 2086 861 2145 prudentis
894 2088 1085 2145 exponit.
1127 2090 1235 2133 Nam
1274 2087 1349 2131 tali
1384 2098 1639 2146 argumento
1673 2099 1831 2149 praeter

437 2156 705 2214 impietatem
731 2167 851 2202 tuam
875 2158 986 2202 nihil
1007 2158 1126 2202 aliud
1159 2157 1376 2203 indicatur
1402 2179 1411 2204 ι
1438 2160 1703 2219 impietatem
1730 2195 1742 2215 ,
1762 2161 1831 2204 in·

435 2243 585 2287 quam,
611 2244 698 2288 qua
713 2229 852 2272 credis
875 2230 934 2274 ita
956 2245 1045 2274 esse
1067 2231 1312 2275 animarum
1336 2230 1577 2288 traducem,
1593 2233 1637 2276 in
1658 2232 1830 2277 Tertul-

436 2297 540 2341 liani
570 2298 674 2342 olim
702 2309 743 2342 et
766 2301 996 2343 Manichaei
1027 2300 1289 2359 profanitate
1324 2301 1573 2346 damnatam
1591 2338 1602 2358 ‚
1628 2303 1740 2348 sicut
1766 2313 1830 2348 est

438 2369 566 2412 etiam
591 2384 824 2428 corporum
848 2370 1003 2414 tradux
1025 2390 1034 2415 2
1059 2372 1179 2430 quod
1200 2380 1285 2414 tam
1310 2372 1524 2417 nefarium
1548 2382 1612 2424 est
1627 2408 1637 2428 ‚
1657 2383 1706 2417 ut
1727 2389 1829 2418 cum

439 2455 463 2483 a
488 2440 612 2486 nobis
632 2440 678 2484 in
700 2456 749 2485 ea
771 2441 968 2500 epistola,
1000 2457 1130 2500 quam
1154 2441 1209 2486 ad
1229 2442 1451 2486 Orientem
1473 2443 1684 2497 misimus,
1706 2445 1828 2489 vobis

436 2509 586 2555 fuisset
600 2511 837 2570 objectum,
856 2512 959 2556 tuin
981 2513 1046 2557 his
1062 2512 1198 2567 libris,
1215 2528 1324 2572 quos
1336 2529 1476 2573 nuper
1489 2515 1543 2559 ad
1554 2515 1826 2561 Bonifacium

485 2600 490 2615 ¹
511 2597 600 2626 Hom.
620 2606 652 2628 v.
677 2605 726 2628 12.
741 2613 781 2619 -—
799 2603 810 2617 2
835 2597 914 2629 vide
928 2595 982 2628 lib.
1004 2597 1068 2629 ide
1085 2601 1250 2639 peccator.
1268 2598 1371 2631 Merit.
1392 2609 1464 2641 cap.
1488 2611 1534 2632 ιο,
