1884 3285
426 254 510 293 336
851 269 884 292 s.
921 263 1152 293 Auenszrlm
1186 266 1368 294 Emscom
1862 263 1865 296 ἰ

485 333 648 376 XXXI.
683 333 910 376 Junimts.
951 350 972 372 «
1009 332 1051 377 Si
1072 347 1147 391 per
1169 331 1518 377 commixtionem
1549 340 1806 390 parentum:
1862 334 1865 359 ¹

423 401 582 446 damna
614 402 788 461 nuptias
817 401 1109 462 professione,
1147 419 1254 463 quas
1292 401 1670 461 argumentatione
1703 418 1810 448 con·
1863 410 1866 463 ζ

423 473 603 518 demnas
624 493 635 531 3
668 482 712 517 et
737 474 863 518 deme
889 474 1015 518 nobis
1036 474 1247 530 laborem,
1268 490 1357 535 quo
1379 483 1422 518 te
1440 474 1706 519 convicimus
1724 489 1813 519 esse
1863 477 1866 507 '-

424 545 732 588 Manichaeum.
754 544 826 589 Sin
841 554 986 589 autem
1003 554 1052 588 tu
1073 561 1161 590 non
1177 546 1222 589 id
1241 544 1372 589 audes
1384 545 1542 600 dicere,
1559 560 1607 590 ac
1623 545 1812 590 ratione1
1864 547 1867 605 {

424 623 662 658 contumax
684 615 1078 659 concumbentibus
1100 614 1318 660 inclinaris
1336 650 1346 669 ‚
1373 623 1422 659 ut
1441 630 1514 674 per
1536 624 1815 673 argumento-

424 699 523 728 rum
546 685 757 730 hactenus
778 685 976 731 inaudita
1003 695 1228 746 portenta,
1262 686 1377 730 dicas
1401 685 1631 730 libidinem
1660 686 1816 731 diabo-
1865 692 1869 719 ῑ

423 753 553 800 licam
575 771 692 812 esse,
724 771 908 816 eamque
930 757 976 800 in
995 772 1124 801 sensu
1145 757 1399 802 coeuntium
1422 755 1606 815 positam
1623 791 1634 812 ‚
1666 755 1721 801 ad
1745 771 1819 801 vo·
1866 760 1869 766 '

424 822 639 882 luptatem
675 836 906 886 parentum
926 861 937 882 ,
969 827 1026 871 ad
1063 835 1230 872 reatum
1262 827 1477 885 pertinere
1511 826 1782 871 nascentium
1805 862 1817 884 ,
1866 820 1869 876 ,Ᾰ

425 904 547 940 tuam
582 896 765 956 quidem
802 898 1035 943 amentiam
1079 907 1123 943 et
1161 897 1479 958 turpitudinem
1515 896 1662 956 prodis
1700 916 1709 941 ε
1745 897 1822 941 sed

425 981 579 1025 precor
609 983 664 1013 ne
693 969 773 1013 tibi
802 978 974 1014 tantum
1003 985 1203 1029 arroges,
1235 979 1285 1014 ut
1316 979 1441 1028 putes
1470 969 1593 1014 nobis
1629 969 1822 1013 liberum
1866 972 1870 997 '³

425 1053 516 1083 non
540 1054 630 1085 esse
663 1056 763 1085 cum
785 1041 952 1086 honore
986 1041 1064 1086 Dei
1097 1041 1369 1085 nascentium
1399 1040 1693 1084 innocentiam
1715 1055 1821 1084 con-

425 1111 538 1154 tueri
559 1131 570 1169 3
595 1127 696 1156 cum
720 1112 803 1157 tibi
824 1112 954 1157 liceat
978 1121 1021 1156 et
1052 1111 1187 1156 libeat
1208 1146 1218 1166 ‚
1241 1126 1343 1155 cum
1361 1111 1635 1155 accusatione
1658 1111 1763 1166 Dei,
1798 1126 1823 1155 a

424 1190 550 1225 reatu
579 1197 712 1242 quem
749 1182 855 1228 dicis
878 1182 1070 1228 libidinis
1087 1217 1099 1238 ‚
1132 1181 1462 1227 libidinantium
1490 1182 1688 1228 membra
1716 1197 1824 1241 pur-

426 1266 543 1309 gare.

485 1325 781 1369 At-Gcs‘rmes.
814 1323 1020 1377 Quolibet
1053 1324 1222 1382 pruritu
1242 1323 1469 1368 libidinem
1495 1358 1506 1379 ‚
1533 1323 1579 1368 id
1606 1333 1671 1369 est
1687 1359 1698 1379 ‚
1723 1339 1823 1369 con-

427 1393 741 1453 cupiscentiam
763 1395 902 1440 carnis
932 1394 1106 1450 laudes,
1130 1393 1234 1439 dicit
1261 1410 1356 1439 eam
1383 1398 1571 1440 Joannes
1602 1394 1822 1455 apostolus

427 1478 452 1508 a
474 1473 597 1523 patre
623 1480 714 1510 non
736 1481 827 1510 esse
844 1501 855 1521 ‚
881 1466 956 1510 sed
987 1481 1037 1510 ex
1071 1465 1238 1510 mundo
1275 1481 1365 1510 esse
1388 1469 1405 1492 ²
1443 1485 1451 1511 :
1479 1475 1657 1525 propter
1689 1481 1823 1525 quam

428 1544 546 1579 recte
559 1536 719 1581 dicitur
736 1536 936 1582 diabolus
963 1537 1163 1596 princeps
1180 1536 1334 1581 mundi
1362 1551 1452 1581 esse
1468 1539 1500 1581 3.
1517 1539 1627 1583 Nam
1643 1537 1820 1592 scimus,

428 1605 549 1666 quod
566 1608 784 1652 mundum
802 1610 916 1652 Deus
938 1607 1105 1652 fecerit.
1134 1610 1226 1653 Hoc
1247 1623 1349 1667 ergo
1376 1607 1492 1653 malo
1509 1609 1823 1668 concupiscen-

429 1677 501 1720 tiae
528 1678 667 1723 carnis
696 1679 809 1722 bene
829 1680 969 1723 utitur
986 1678 1195 1738 pudicitia
1223 1679 1464 1739 conjugalis
1485 1699 1497 1736 3
1521 1680 1701 1740 ejusque
1720 1677 1823 1739 mali

429 1757 601 1793 reatum
619 1765 643 1794 a
658 1750 937 1794 nascentibus
957 1760 1145 1795 tractum
1168 1750 1295 1795 solvit
1318 1751 1585 1809 regeneratio
1601 1749 1819 1810 spiritalis.

430 1821 527 1864 Hoc
550 1820 748 1880 quandiu
777 1835 866 1865 non
894 1821 1022 1879 sapis,
1059 1836 1146 1866 non
1181 1819 1435 1875 catholicus,
1461 1819 1538 1865 sed
1566 1820 1822 1879 Pelagianus

429 1889 608 1935 futurus
629 1907 673 1937 es
693 1912 705 1951 3
728 1901 771 1937 et
788 1892 1018 1952 Scripturis
1041 1892 1212 1948 sanctis,
1229 1892 1556 1951 quantumlibet
1573 1908 1644 1937 eas
1665 1891 1822 1936 defen-

430 1959 534 2005 dere
563 1962 645 2006 tibi
676 1962 860 2007 videaris
881 1997 891 2016 ,
927 1961 1277 2007 contradicturus
1293 1978 1351 2007 es,
1377 1966 1449 2008 Me
1479 1972 1624 2007 autem
1653 1961 1821 2022 quoties
1871 1978 1875 2008 2

430 2040 611 2091 propter
643 2033 726 2077 hoc
759 2033 1018 2078 contradicis
1037 2067 1048 2087 ,
1073 2033 1367 2077 Manichaeum
1390 2031 1518 2087 dieis,
1551 2032 1749 2092 profecto
1779 2041 1822 2075 et

430 2100 558 2146 illum
577 2102 699 2159 dicis,
720 2104 797 2164 qui
812 2105 1034 2149 hominem
1051 2103 1257 2147 membris
1270 2103 1531 2163 genitalibus
1544 2102 1756 2158 infusum,
1778 2111 1821 2146 et
1871 2114 1875 2159 ξ

427 2174 796 2232 concupiscentiae
825 2175 1050 2234 voluptate
1071 2183 1324 2218 concretum
1342 2209 1352 2229 ,
1382 2184 1483 2218 ante
1503 2173 1609 2219 dicit
1626 2174 1820 2233 excipere

430 2242 696 2289 delictorum
720 2245 992 2304 contagium,
1022 2260 1156 2305 quam
1174 2244 1314 2289 vitalis
1337 2245 1511 2304 spiritus
1532 2260 1693 2289 munus
1715 2245 1818 2288 hau·

430 2313 530 2359 rire.
551 2315 808 2360 Ambrosius
825 2324 888 2360 est
904 2316 998 2370 iste,
1014 2318 1039 2360 J
1044 2315 1187 2359 uliane
1205 2333 1214 2359 ε
1233 2315 1511 2361 Ambrosium
1525 2315 1819 2361 Manichaeum
1871 2323 1876 2373 ,ζ

428 2382 536 2428 dicis
559 2385 592 2439 ⁴¹,
617 2385 782 2430 insane.
1872 2379 1876 2430 .’

489 2457 678 2501 XXXII.
705 2459 933 2503 Junmcs.
973 2475 993 2499 «
1027 2459 1135 2502 Nam
1161 2471 1261 2501 cum
1290 2458 1572 2515 pronuntias,
1593 2456 1820 2515 concupis·
1872 2476 1875 2479 Δ

481 2563 490 2580 ¹
510 2559 617 2592 Forte
635 2561 779 2595 rationis.
797 2577 839 2585 -
852 2567 865 2583 ²
889 2571 900 2593 1
922 2562 1013 2593 Joan.
1033 2570 1068 2598 n,
1091 2559 1140 2592 16.
1159 2577 1198 2584 -
1218 2558 1337 2595 3Joan,
1355 2570 1416 2599 xu,
1437 2560 1490 2592 31.
1505 2557 1573 2589 -4
1591 2558 1739 2593 Ambros.
1758 2556 1816 2590 lib.

428 2615 469 2648 dc
485 2613 696 2658 Philosophia.
