1884 3285
424 263 505 304 154
849 270 882 299 s.
918 270 1148 300 AUGUsTnvr
1180 273 1360 301 Emscom

419 339 554 384 canda
571 347 648 391 est,
670 337 974 396 praedicarunt,
991 337 1037 380 id
1053 346 1130 392 est,
1142 353 1272 397 quam
1296 337 1416 382 nulla
1431 339 1582 383 merita
1603 339 1792 384 humana

421 410 671 468 praecedunt
702 429 713 465 3
749 417 792 452 et
826 408 881 452 ad
918 408 1114 454 facienda
1151 411 1295 455 divina
1331 417 1549 467 praecepta
1584 409 1793 453 instanter

418 480 575 523 hortati
597 487 719 533 sunt,
742 488 791 523 ut
811 480 885 538 qui
906 479 1115 523 haberent
1138 479 1303 524 donum
1327 478 1608 534 obedientiae,
1632 479 1793 539 quibus
1831 517 1844 529 ,

412 551 538 608 jussis
551 548 846 593 obediendum
868 559 992 603 esset,
1012 550 1229 595 audirent.
1243 551 1285 596 Si
1307 551 1422 594 enim
1442 549 1621 607 gratiam
1641 551 1795 596 merita

419 619 506 663 ulla
540 629 686 664 nostra
721 619 972 678 praecedunt
995 654 1006 674 ‚
1031 619 1227 679 profecto
1255 629 1330 664 aut
1362 619 1464 664 facti
1483 619 1663 680 alicujus
1682 654 1694 675 ‚
1719 629 1796 665 aut

416 689 541 744 dicti,
567 699 641 733 aut
663 691 933 748 cogitationis
954 699 1018 734 est
1033 691 1250 745 meritum,
1271 691 1348 734 ubi
1371 700 1414 734 et
1429 692 1521 750 ipsa
1537 690 1796 750 intelligitur

416 759 616 803 voluntas
656 760 769 803 bona
805 778 814 804 ε
853 759 927 803 sed
949 760 1198 804 brevissime
1226 761 1475 819 complexus
1501 770 1565 805 est
1596 761 1795 805 omnium

417 843 573 887 genera
612 829 864 872 meritorum
881 864 892 884 ,
923 831 1000 889 qui
1032 830 1138 875 dicit
1162 850 1180 886 ,;
1220 849 1240 872 «
1268 835 1318 875 In
1344 830 1467 875 nullo
1495 829 1792 889 gloriandum,

417 900 596 958 quando
627 908 823 943 nostrum
856 900 965 944 nihil
989 901 1057 944 sit.
1096 920 1115 942 »ι
1141 902 1226 954 Qui
1254 916 1357 945 vero
1379 902 1438 945 ait
1467 920 1476 946 :
1506 921 1520 942 ‹
1548 904 1645 946 Non
1667 901 1798 945 estin

416 977 561 1013 nostra
583 978 792 1027 potestate
806 985 885 1013 cor
906 979 1100 1014 nostrum
1120 980 1163 1014 et
1179 980 1336 1015 nostrae
1356 972 1654 1030 cogitationes,
1672 989 1692 1012 »
1717 984 1798 1015 nec

417 1040 507 1097 ipsa
540 1039 654 1083 iacta
672 1049 716 1083 et
740 1040 857 1083 dicta
881 1040 1087 1097 praeteriit
1113 1059 1121 1084 :
1142 1055 1232 1084 non
1254 1041 1370 1084 enim
1391 1050 1453 1085 est
1471 1040 1612 1084 ullum
1632 1038 1799 1084 factum
1843 1084 1846 1088 .

416 1108 639 1152 dictumve
656 1109 858 1163 hominis,
885 1109 1006 1169 quod
1027 1125 1117 1154 non
1134 1124 1183 1153 ex
1197 1110 1328 1154 corde
1349 1120 1392 1154 et
1415 1112 1677 1168 cogitatione
1695 1125 1798 1168 pro-

416 1179 555 1221 cedat,
588 1178 704 1231 Quid
735 1188 879 1223 autem
915 1179 1098 1237 amplius
1130 1179 1185 1222 de
1213 1180 1294 1223 hac
1321 1195 1366 1223 re
1398 1195 1524 1238 agere
1554 1180 1799 1239 Cyprianus

416 1258 582 1305 martyr
599 1249 924 1306 gloriosissimus
941 1259 985 1292 et
1005 1250 1157 1293 doctor
1179 1250 1468 1295 lucidissimus
1487 1251 1647 1309 potuit,
1665 1265 1798 1311 quam

416 1318 492 1361 ubi
525 1333 602 1362 nos
639 1319 682 1361 in
718 1319 910 1363 oratione
952 1319 1172 1363 Dominica
1206 1321 1335 1364 etiam
1370 1336 1450 1379 pro
1482 1321 1666 1365 inimicis
1697 1319 1800 1364 fidei

415 1388 661 1431 christianae
686 1404 808 1432 orare
830 1398 1029 1447 oportere
1051 1390 1353 1433 commonuit?
1371 1390 1448 1433 ubi
1469 1390 1658 1434 deinitio
1680 1391 1796 1445 fidei,

419 1459 540 1517 quod
566 1458 693 1501 etiam
724 1459 806 1502 hoc
833 1458 998 1503 donum
1028 1461 1104 1503 Dei
1136 1460 1215 1512 sit,
1242 1459 1348 1518 quid
1369 1460 1546 1504 sentiret
1573 1460 1762 1504 ostendit
1787 1479 1797 1505 ς

418 1537 461 1571 et
484 1543 562 1586 pro
585 1530 902 1586 perseverantia
933 1544 1069 1588 usque
1097 1530 1142 1572 in
1170 1530 1299 1573 finem
1320 1564 1331 1583 ,
1356 1531 1457 1589 quia
1480 1539 1524 1573 et
1544 1531 1680 1588 ipsam
1710 1545 1802 1575 non

416 1598 495 1641 nisi
519 1601 632 1641 Deus
653 1599 712 1642 eis
731 1600 807 1657 qui
827 1599 1191 1658 perseveraverint
1214 1600 1365 1655 donat,
1390 1599 1626 1644 Ecclesiam
1642 1600 1802 1644 Christi

416 1668 611 1726 quotidie
628 1684 749 1712 orare
770 1669 1039 1713 monstravit.
1063 1672 1220 1713 Beatus
1239 1685 1415 1729 quoque
1435 1671 1688 1714 Ambrosius
1701 1684 1801 1714 cum

417 1748 650 1795 exponeret
681 1739 801 1798 quod
835 1740 893 1782 ait
925 1743 1062 1783 Lucas
1090 1739 1353 1797 evangelista
1381 1759 1390 1784 z
1432 1758 1451 1781 «
1477 1741 1629 1784 Visum
1660 1749 1724 1784 est
1758 1749 1802 1784 et
1851 1790 1857 1798 ι

420 1826 440 1847 »
467 1807 571 1851 mihi
598 1811 610 1833 1
631 1828 640 1852 ε
660 1827 679 1849 »
707 1813 869 1863 Potest,
898 1810 1056 1868 inquit,
1083 1824 1171 1853 non
1188 1809 1267 1853 soli
1287 1810 1428 1853 visum
1450 1824 1558 1865 esse,
1583 1809 1703 1870 quod
1720 1810 1802 1855 sibi

416 1879 553 1922 visum
577 1893 666 1922 esse
683 1878 890 1922 declarat.
913 1881 1009 1923 Non
1031 1880 1145 1923 enim
1170 1878 1394 1923 voluntate
1415 1889 1587 1924 tantum
1608 1881 1800 1925 humana

418 1949 554 1991 visum
575 1957 653 2001 est,
666 1948 741 1992 sed
756 1949 868 1992 sicut
884 1948 1048 2007 placuit
1070 1950 1108 1992 ei
1128 1946 1204 2008 qui
1224 1950 1268 1992 in
1288 1964 1356 1993 me
1374 1949 1568 2008 loquitur
1585 1951 1799 2006 Christus,

416 2017 491 2076 qui
509 2027 558 2060 ut
585 2016 630 2060 id
652 2018 771 2076 quod
800 2019 967 2062 bonum
989 2028 1052 2062 est
1073 2053 1083 2072 ,
1118 2019 1243 2062 nobis
1268 2034 1445 2078 quoque
1476 2019 1615 2063 videri
1637 2020 1803 2065 bonum

416 2086 564 2145 possit,
581 2097 786 2146 operatur
807 2107 814 2132 :
841 2103 972 2146 quem
993 2089 1110 2131 enim
1133 2090 1375 2143 miseratur,
1401 2099 1444 2133 et
1466 2099 1606 2135 vocat.
1627 2093 1684 2135 Et
1703 2090 1803 2136 ideo

417 2158 491 2217 qui
514 2158 737 2202 Christum
758 2159 954 2217 sequitur
971 2193 982 2212 ‚
1008 2168 1150 2217 potest
1174 2159 1462 2217 interrogatus
1491 2175 1570 2204 cur
1601 2175 1692 2205 esse
1723 2177 1801 2207 vo-

416 2228 547 2271 luerit
580 2228 850 2272 Christianus
874 2262 884 2281 ‚
909 2228 1170 2287 respondere
1194 2245 1205 2272 .·
1235 2248 1256 2270 «
1290 2229 1440 2273 Visum
1472 2240 1536 2274 est
1562 2239 1606 2274 et
1627 2232 1749 2275 mihi.
1777 2249 1799 2273 i)

418 2299 550 2350 Quod
582 2314 681 2342 cum
715 2299 849 2352 dicit,
876 2315 964 2342 non
998 2309 1126 2357 negat
1156 2302 1246 2344 Deo
1273 2301 1415 2343 visum
1443 2303 1459 2326 ²
1484 2321 1496 2358 3
1520 2316 1545 2344 a
1567 2303 1656 2345 Deo
1687 2303 1803 2346 enim

418 2378 683 2426 praeparatur
699 2367 900 2413 voluntas
920 2370 1144 2413 hominum
1170 2370 1201 2412 ³.
1223 2372 1275 2414 Ut
1292 2372 1407 2415 enim
1422 2374 1536 2415 Deus
1549 2371 1803 2416 honorifice-

422 2447 490 2481 tur
506 2454 529 2481 a
546 2448 712 2493 sancto,
739 2440 814 2482 Dei
835 2439 968 2497 gratia
992 2449 1099 2483 est‚»
1115 2443 1314 2500 Itemque
1330 2442 1374 2485 in
1388 2440 1540 2486 eodem
1560 2456 1705 2501 opere,
1720 2442 1803 2487 hoc

469 2544 474 2558 ¹
496 2541 573 2570 Luc.
593 2551 616 2578 1,
637 2541 717 2571 3.—
728 2547 740 2563 ²
758 2540 903 2572 Ambros.
917 2551 1018 2581 vsuper
1030 2542 1106 2572 Luc.
1122 2541 1152 2571 in
1168 2540 1366 2581 expositione
1379 2541 1585 2582 prooemii.-
1599 2540 1613 2564 3
1627 2543 1718 2575 Prov.
1733 2552 1803 2580 vni,

415 2595 509 2635 juxta
527 2596 623 2627 LXX.
