1884 3285
421 259 502 297 166
837 267 870 293 s.
906 265 1136 293 Aversa-nn
1168 265 1350 292 EPISCOPI

415 334 640 393 quisquam
676 331 878 384 amicum,
912 330 1178 388 proximum,
1203 330 1429 389 conjugem
1458 327 1615 372 habuit
1638 328 1796 373 infide-

414 403 515 455 lem,
543 409 585 444 et
603 415 690 443 non
722 400 759 442 ei
782 399 932 458 petivit
955 415 976 442 a
1016 399 1196 443 Domino
1227 408 1416 442 mentem
1448 397 1721 441 obedientem
1750 398 1796 444 in

414 471 689 516 christianam
711 469 872 514 fidem?
899 470 1003 523 Quis
1023 479 1168 513 autem
1191 469 1270 514 sibi
1298 483 1490 528 unquam
1520 483 1610 512 non
1639 469 1793 524 oravit,

415 551 462 585 ut
481 542 524 584 in
548 541 730 585 Domino
751 542 1053 600 permaneret?
1073 543 1161 584 Aut
1183 541 1279 600 quis
1306 539 1573 583 sacerdotem
1592 554 1721 598 super
1741 539 1796 584 fi-

415 611 531 655 deles
554 612 787 656 Dominum
804 612 1096 666 invocantem,
1117 612 1150 655 si
1166 610 1343 670 quando
1363 609 1490 664 dixit,
1515 612 1572 652 Da
1596 607 1679 653 illis
1711 612 1798 654 Do-

414 682 546 736 mine,
571 681 615 724 in
639 692 679 725 te
704 696 974 740 perseverare
1006 696 1143 740 usque
1171 681 1216 724 in
1244 680 1399 737 finem,
1424 695 1511 723 non
1533 679 1671 723 solum
1693 694 1799 725 voce

415 768 541 796 ausus
565 761 642 806 est,
661 751 735 795 sed
754 750 902 796 saltem
921 751 1179 809 cogitatione
1194 751 1535 810 reprehendere3
1552 765 1600 794 ac
1616 766 1704 795 non
1721 766 1799 810 po-
1846 774 1849 790 ,1

415 823 497 866 tius
514 837 644 880 super
666 822 758 881 ejus
784 820 913 865 talem
937 822 1302 876 benedictionem,
1323 830 1364 864 et
1386 822 1518 866 corde
1533 821 1736 865 credente
1757 829 1801 865 et

414 907 487 936 ore
511 892 745 936 confitente
769 891 1005 950 respondit,
1038 895 1177 936 Amen
1204 911 1211 936 :
1238 907 1336 935 cum
1365 891 1484 935 aliud
1512 892 1558 934 in
1588 892 1678 950 ipsa
1700 906 1800 935 ora-

415 962 531 1005 tione
554 961 777 1004 Dominica
796 976 885 1004 non
910 971 1034 1005 orent
1055 961 1226 1016 fideles,
1246 960 1436 1005 dicentes
1465 962 1647 1006 maxime
1664 960 1797 1016 illud,

420 1050 439 1073 «
460 1034 522 1076 Ne
548 1046 625 1075 nos
647 1030 805 1074 inferas
827 1030 871 1073 in
895 1031 1207 1089 tentationem,
1227 1051 1244 1072 »
1270 1032 1352 1075 nisi
1378 1032 1490 1075 utin
1524 1040 1667 1075 sancta
1697 1030 1803 1074 obe-

417 1101 577 1145 dientia
601 1102 904 1160 perseverent?
929 1101 1049 1145 Sicut
1072 1116 1174 1159 ergo
1205 1101 1249 1144 in
1270 1101 1335 1144 his
1362 1101 1652 1155 orationibus,
1678 1100 1738 1145 ita
1759 1109 1802 1146 et

416 1173 462 1215 in
486 1173 565 1215 hac
599 1171 684 1214 fide
713 1180 812 1214 nata
841 1181 929 1224 est,
965 1181 1008 1215 et
1037 1172 1212 1225 crescit,
1239 1181 1282 1214 et
1304 1172 1438 1215 crevit
1465 1170 1678 1226 Ecclesia,
1715 1186 1802 1232 qua

415 1242 500 1285 fide
522 1241 728 1294 creditur,
756 1241 935 1299 gratiam
961 1241 1037 1284 Dei
1056 1257 1143 1285 non
1161 1241 1402 1285 secundum
1419 1241 1570 1285 merita
1593 1242 1805 1300 accipien-

417 1312 526 1355 tium
550 1310 657 1354 dari.
690 1309 1024 1370 Qandoquidem
1062 1327 1151 1355 non
1177 1321 1319 1355 oraret
1345 1311 1532 1356 Ecclesia
1558 1320 1606 1355 ut
1627 1310 1804 1356 daretur

416 1381 667 1425 infidelibus
690 1380 814 1435 fides,
841 1381 920 1424 nisi
937 1384 1071 1425 Deum
1093 1382 1288 1425 crederet
1307 1391 1351 1425 et
1372 1396 1538 1425 aversas
1553 1391 1597 1426 et
1610 1380 1806 1425 adversas

416 1452 645 1495 hominum
671 1450 724 1494 ad
747 1466 790 1494 se
813 1461 1065 1495 convertere
1088 1451 1333 1495 voluntates
1361 1470 1370 1495 :
1392 1466 1471 1495 nec
1492 1460 1634 1495 oraret
1654 1450 1807 1496 Eccle-

419 1522 495 1577 sia,
523 1531 572 1565 ut
588 1533 880 1581 perseveraret
903 1523 946 1565 in
971 1522 1056 1566 fide
1079 1523 1237 1567 Christi
1256 1558 1265 1577 ,
1294 1538 1382 1566 non
1405 1522 1586 1582 decepta
1608 1521 1676 1566 vel
1694 1517 1809 1567 victa

418 1592 737 1637 tentationibus
765 1592 935 1647 mundi,
957 1593 1034 1636 nisi
1054 1591 1249 1637 crederet
1272 1592 1507 1637 Dominum
1524 1593 1642 1637 sicin
1661 1601 1808 1652 potes-

420 1672 508 1707 tate
534 1662 693 1705 habere
720 1677 794 1706 cor
817 1671 1036 1718 nostrum,
1070 1672 1118 1706 ut
1150 1663 1315 1707 bonum
1352 1662 1473 1723 quod
1494 1678 1582 1707 non
1610 1671 1810 1707 tenemus

421 1732 503 1776 nisi
525 1732 697 1791 propria
720 1731 971 1787 voluntate,
1006 1748 1095 1777 non
1122 1742 1267 1777 tamen
1296 1742 1520 1777 teneamus
1552 1734 1633 1777 nisi
1655 1734 1745 1792 ipse
1765 1733 1811 1777 in

421 1803 547 1846 nobis
570 1811 774 1862 operetur
796 1811 838 1846 et
867 1802 994 1847 velle.
1018 1805 1126 1848 Nam
1145 1803 1177 1847 si
1200 1803 1295 1847 haec
1318 1803 1484 1862 abipso
1506 1802 1686 1863 quidem
1708 1818 1811 1863 pos-

420 1874 476 1917 cit
500 1871 712 1927 Ecclesia,
731 1873 807 1917 sed
825 1889 847 1917 a
869 1889 912 1916 se
933 1873 1023 1932 ipsa
1045 1873 1127 1917 sibi
1149 1874 1241 1917 dari
1265 1882 1391 1933 putat
1426 1893 1434 1918 :
1459 1889 1546 1918 non
1575 1889 1710 1930 veras,
1737 1873 1812 1923 sed

422 1943 738 2003 perfunctorias
761 1943 974 1987 orationes
996 1943 1152 1995 habet·‚
1193 1944 1310 2004 quod
1346 1944 1456 1988 absit
1492 1960 1515 1988 a
1538 1944 1681 1988 nobis.
1707 1943 1812 1998 Quis

423 2015 537 2057 enim
565 2014 773 2057 veraciter
803 2023 971 2072 gemat,
1012 2013 1260 2058 desiderans
1297 2014 1489 2074 accipere
1514 2015 1635 2074 quod
1673 2023 1769 2061 orat
1789 2030 1813 2060 a

423 2085 638 2140 Domino,
674 2084 706 2129 si
740 2085 823 2129 hoc
851 2100 873 2128 a
904 2100 947 2128 se
978 2085 1070 2143 ipso
1098 2101 1142 2129 se
1174 2100 1344 2129 sumere
1376 2086 1613 2141 existimet,
1647 2101 1736 2130 non
1757 2086 1813 2130 ab

425 2154 531 2198 illo?
1608 2207 1610 2210 y

486 2226 641 2269 LXIV.
670 2225 928 2279 Praesertim,
948 2225 1151 2285 quoniam
1176 2244 1194 2267 «
1221 2225 1329 2286 quid
1351 2241 1526 2269 oremus
1548 2225 1660 2270 sicut
1685 2240 1816 2286 opor-

433 2315 451 2337 »
475 2307 533 2339 tet
576 2296 812 2351 nescimus,
842 2297 917 2340 sed
939 2297 1029 2355 ipse
1055 2297 1258 2356 Spiritus,
1299 2296 1358 2341 ait
1380 2296 1638 2356 Apostolus,
1677 2297 1815 2342 inter-

435 2385 454 2407 »
482 2364 612 2425 pellat
646 2381 725 2426 pro
762 2366 887 2411 nobis
915 2368 1145 2426 gemitibus
1182 2367 1556 2412 inenarrabilibus.
1591 2368 1677 2422 Qui
1698 2367 1814 2412 enim

437 2456 456 2479 n
479 2445 696 2481 scrutatur
718 2436 871 2492 corda,
902 2437 980 2482 scit
1006 2438 1113 2498 quid
1141 2439 1276 2498 sapiat
1307 2437 1489 2498 Spiritus
1507 2474 1518 2491 ‚
1544 2439 1646 2499 quia
1662 2454 1815 2483 secun-

440 2528 456 2547 »
481 2507 584 2550 dum
604 2509 742 2550 Deum
764 2507 1010 2567 interpellat
1039 2523 1117 2567 pro
1147 2509 1343 2553 sanctis¹.
1378 2527 1397 2550 n
1431 2508 1548 2562 Quid
1570 2518 1648 2564 est,
1679 2528 1696 2550 «
1728 2509 1818 2568 ipse

494 2600 498 2611 ¹
520 2595 609 2624 Rom.
631 2603 700 2628 vui,
721 2592 774 2624 26.
