1884 3285
438 268 522 306 490
964 278 1048 307 anu
1055 277 1301 307 ora-nonas.

434 340 567 400 pellat
599 340 833 385 zlffemorz's
865 350 1032 397 natos,
1062 351 1137 386 aut
1169 341 1403 386 Memoris
1434 339 1627 386 domum
1657 361 1666 387 ι
1699 347 1816 389 unde

435 409 552 455 haud
585 410 732 469 inepte
760 409 962 469 colligas,
998 411 1247 466 AEmilium,
1278 411 1312 454 si
1345 410 1525 471 quidem
1558 411 1815 458 alterutrum

433 482 693 541 cognatione
718 483 927 540 attigerit,
953 497 1043 527 non
1070 482 1149 526 nisi
1176 483 1223 526 in
1244 490 1412 526 remoto
1441 481 1579 540 gradu
1608 483 1812 542 attigisse.

435 554 648 597 Observat
676 552 882 597 Paulinus
901 588 913 607 ‚
942 556 1182 598 Memorem
1213 552 1414 597 functum
1443 567 1535 597 esse
1567 553 1712 598 officio
1738 569 1819 600 suo

432 639 535 683 erga
555 622 772 667 AEmilium
795 658 807 679 ,
831 623 940 667 dum
962 622 1058 668 illos
1089 622 1230 667 eidem
1254 624 1301 668 in
1323 638 1478 668 manus
1510 622 1689 667 tradidit
1705 658 1716 680 ,
1741 623 1819 684 qui

427 696 581 755 jugans
602 694 744 754 capita
767 697 997 739 amborum
1019 695 1100 739 sub
1122 709 1227 754 pace
1243 693 1382 755 jugali
1398 709 1531 738 manu
1552 709 1628 738 sua
1649 694 1816 755 obnup-

432 767 485 810 sit
511 775 554 810 et
573 767 768 811 oratione
790 766 1072 810 consecravit.
1095 768 1182 811 Nos
1207 766 1386 826 quidem
1407 763 1520 824 sugit
1535 799 1547 820 ,
1574 763 1818 810 idcirco-ne

432 837 515 880 hoc
537 836 796 896 obsequium
815 834 919 880 velit
936 852 960 880 a
981 839 1173 881 Memore
1186 836 1345 880 deferri
1366 834 1606 895 oportuisse
1621 835 1814 892 AEmilio,

433 906 554 965 quod
583 906 701 966 apud
727 907 846 951 hunc
878 907 1043 966 nuptiae
1065 906 1412 961 celebrarentur,
1439 922 1494 950 an
1519 921 1621 951 vero
1642 915 1818 966 propter

432 978 513 1022 viri
547 992 762 1022 summam
798 978 1136 1022 venerationem.
1172 980 1300 1022 Hunc
1328 977 1446 1021 enim
1479 975 1706 1021 AEmilium
1738 977 1819 1021 de-

431 1052 570 1111 pingit
604 1060 812 1111 tanquam
848 1053 871 1094 J
878 1050 1009 1094 uliani
1039 1059 1082 1094 et
1103 1052 1167 1093 Jae
1196 1059 1326 1109 atque
1353 1049 1484 1108 ipsius
1513 1049 1714 1093 Memoris
1736 1064 1815 1108 pa-

429 1132 539 1166 trem
557 1157 567 1177 ,
593 1138 641 1166 ac
655 1122 797 1165 virum
814 1122 885 1164 cui
907 1121 1079 1180 propria
1104 1121 1236 1165 virtus
1254 1121 1459 1165 eximium
1476 1119 1645 1164 cultum
1667 1120 1816 1165 obser—

429 1194 709 1252 vantiamque
745 1202 986 1252 pepererat.
1026 1192 1134 1237 Inde
1165 1203 1255 1248 est,
1293 1192 1413 1254 quod
1445 1191 1649 1238 eumdem
1690 1191 1814 1237 illum

427 1263 654 1307 AEmilium
671 1279 761 1307 esse
779 1273 1009 1307 autument
1027 1299 1037 1318 ,
1063 1264 1140 1324 qui
1160 1279 1258 1308 cum
1284 1264 1374 1308 aliis
1396 1263 1571 1308 duobus
1590 1265 1646 1307 ab
1669 1266 1816 1309 Hono-

426 1335 491 1379 rio
513 1346 553 1378 et
573 1334 818 1378 Occidentis
836 1336 1046 1394 episcopis
1071 1335 1124 1378 ad
1150 1335 1382 1379 Arcadium
1401 1335 1446 1378 in
1468 1335 1647 1379 Joannis
1669 1336 1814 1392 Chry-

425 1405 602 1450 sostomi
632 1421 757 1449 causa
782 1404 1022 1450 destinatus
1041 1441 1052 1460 ,
1085 1405 1341 1450 confessoris
1372 1404 1548 1449 titulum
1572 1421 1686 1450 anno
1711 1410 1809 1450 406.

427 1476 692 1534 promeruit,
733 1476 810 1535 qui
843 1485 885 1519 et
923 1491 946 1520 a
974 1476 1266 1535 Metaphraste
1297 1475 1457 1520 dicitur
1481 1477 1813 1521 Beneventanus

423 1546 667 1605 episcopus.
705 1547 796 1590 Cur
823 1554 969 1590 autem
1000 1546 1206 1590 Paulinus
1234 1547 1279 1589 in
1310 1545 1590 1606 epithalamio
1611 1546 1671 1590 ita
1698 1546 1812 1590 ceci-

423 1616 534 1661 nerit
559 1635 568 1661 ε

620 1762 734 1802 Surge,
753 1762 890 1799 Memor,
911 1771 1067 1793 venerare
1087 1767 1225 1805 patrem,
1243 1762 1460 1804 complectere
1474 1763 1630 1797 fratrem:

621 1819 689 1848 Uno
709 1821 878 1858 utrumque
897 1816 956 1848 tibi
974 1827 1089 1849 nomen
1109 1816 1139 1848 in
1163 1816 1288 1849 AEmilio
1307 1822 1366 1849 est.

619 1872 729 1903 Junior
747 1876 779 1904 et
796 1873 898 1904 senior
915 1874 1036 1904 Memor
1052 1877 1119 1914 est3
1143 1876 1206 1905 etc.

618 1928 710 1959 Filius
729 1933 790 1965 est,
810 1928 975 1971 fraterque
992 1931 1112 1961 Memor
1132 1942 1138 1960 :
1159 1929 1283 1962 laetatur
1300 1930 1409 1963 adesse

621 1986 828 2018 Communem
845 1985 974 2018 sibimet
996 1985 1240 2028 pignoribusque
1259 1991 1384 2028 patrem
1401 1998 1408 2018 ι

421 2107 548 2151 Haud
565 2108 666 2152 satis
678 2109 950 2168 assequimur
965 2130 976 2166 3
991 2109 1070 2152 nisi
1088 2107 1200 2153 forte
1213 2109 1455 2155 credendus
1468 2111 1520 2155 sit
1537 2114 1706 2156 Memor
1716 2111 1805 2171 dig-

417 2178 553 2222 nitate
585 2179 762 2238 quidem
794 2179 935 2223 senior
963 2189 1006 2223 et
1034 2179 1194 2234 frater,
1227 2181 1328 2240 quia
1358 2182 1614 2240 episcopus3
1652 2197 1805 2240 genere

415 2257 560 2292 autem
579 2258 654 2292 aut
675 2259 800 2293 aetate
822 2249 936 2295 filius
953 2251 1162 2310 acjunior
1176 2286 1186 2305 ,
1216 2252 1316 2311 quia
1335 2252 1388 2295 ab
1405 2250 1582 2296 AEmilio
1605 2254 1774 2311 genitus
1790 2288 1800 2308 ‚

414 2317 483 2363 vel
506 2334 557 2363 eo
580 2318 730 2363 saltem
751 2320 964 2378 posterius
995 2330 1137 2364 natus.
1169 2324 1278 2367 Nam
1300 2321 1420 2382 quod
1439 2323 1589 2367 scribit
1616 2326 1804 2368 Joannes

417 2390 673 2444 Garnerius,
697 2389 925 2434 AEmilium
947 2399 1155 2449 tanquam
1187 2394 1541 2437 Beneventanum
1565 2392 1802 2438 antistitem

415 2462 619 2505 Memoris
633 2460 764 2505 fuisse
780 2461 1166 2520 Metropolitanum
1181 2482 1192 2520 3
1212 2471 1362 2506 contra
1377 2462 1548 2521 Ughelli
1561 2473 1604 2508 et
1617 2465 1802 2523 Geogra-

414 2532 528 2588 phiae
557 2546 688 2575 sacrae
722 2531 969 2576 testimonio
1003 2540 1199 2587 constat,
1226 2532 1516 2592 metropoleos
1545 2533 1798 2593 dignitatem

417 2611 519 2645 tunc
544 2602 750 2661 temporis
782 2617 912 2660 penes
942 2605 1240 2646 Beneventum
1264 2619 1353 2648 non
1383 2603 1525 2648 fuisse.
1553 2607 1640 2650 Nec
1671 2605 1796 2650 etiam
