<?xml version="1.0" encoding="UTF-8"?>
<!DOCTYPE html PUBLIC "-//W3C//DTD XHTML 1.0 Transitional//EN"
    "http://www.w3.org/TR/xhtml1/DTD/xhtml1-transitional.dtd">
<html xmlns="http://www.w3.org/1999/xhtml" xml:lang="en" lang="en">
 <head>
  <title>
</title>
<meta http-equiv="Content-Type" content="text/html;charset=utf-8" />
  <meta name='ocr-system' content='tesseract 3.04.00' />
  <meta name='ocr-capabilities' content='ocr_page ocr_carea ocr_par ocr_line ocrx_word'/>
</head>
<body>
  <div class='ocr_page' id='page_1' title='image "./operaomniaaccura36auguuoft/operaomniaaccura36auguuoft_0046.png"; bbox 0 0 1884 3285; ppageno 0'>
   <div class='ocr_carea' id='block_1_1' title="bbox 446 232 1380 282">
    <p class='ocr_par' dir='ltr' id='par_1_1' title="bbox 446 232 1380 282">
     <span class='ocr_line' id='line_1_1' title="bbox 446 232 1380 282; baseline 0.013 -12"><span class='ocrx_word' id='word_1_1' title='bbox 446 232 498 270; x_wconf 75' lang='lat'>24</span> <span class='ocrx_word' id='word_1_2' title='bbox 873 244 906 274; x_wconf 86' lang='lat' dir='ltr'>s.</span> <span class='ocrx_word' id='word_1_3' title='bbox 943 244 1171 277; x_wconf 74' lang='lat' dir='ltr'>Arors’rml</span> <span class='ocrx_word' id='word_1_4' title='bbox 1205 252 1380 282; x_wconf 71' lang='lat' dir='ltr'>Brtscort</span> 
     </span>
    </p>
   </div>
   <div class='ocr_carea' id='block_1_2' title="bbox 389 309 1878 2490">
    <p class='ocr_par' dir='ltr' id='par_1_2' title="bbox 397 309 1878 1694">
     <span class='ocr_line' id='line_1_2' title="bbox 500 309 1814 393; baseline 0.02 -43"><span class='ocrx_word' id='word_1_5' title='bbox 500 309 619 351; x_wconf 84' lang='lat' dir='ltr'>XXI.</span> <span class='ocrx_word' id='word_1_6' title='bbox 646 314 834 353; x_wconf 79' lang='lat' dir='ltr'>Fuerunt</span> <span class='ocrx_word' id='word_1_7' title='bbox 857 323 958 368; x_wconf 85' lang='lat' dir='ltr'>ergo</span> <span class='ocrx_word' id='word_1_8' title='bbox 982 311 1050 356; x_wconf 93' lang='lat' dir='ltr'>isti</span> <span class='ocrx_word' id='word_1_9' title='bbox 1078 328 1128 356; x_wconf 81' lang='lat' dir='ltr'>ex</span> <span class='ocrx_word' id='word_1_10' title='bbox 1154 316 1436 365; x_wconf 87' lang='lat' dir='ltr'>multitudine</span> <span class='ocrx_word' id='word_1_11' title='bbox 1450 334 1702 373; x_wconf 89' lang='lat' dir='ltr'>vocatorum</span> <span class='ocrx_word' id='word_1_12' title='bbox 1730 348 1738 375; x_wconf 93' lang='lat'>:</span> <span class='ocrx_word' id='word_1_13' title='bbox 1763 347 1814 393; x_wconf 60' lang='lat' dir='ltr'>eii</span> 
     </span>
     <span class='ocr_line' id='line_1_3' title="bbox 438 378 1812 456; baseline 0.021 -37"><span class='ocrx_word' id='word_1_14' title='bbox 438 378 672 422; x_wconf 79' lang='lat' dir='ltr'>electorum</span> <span class='ocrx_word' id='word_1_15' title='bbox 697 387 840 422; x_wconf 89' lang='lat' dir='ltr'>autem</span> <span class='ocrx_word' id='word_1_16' title='bbox 857 382 1075 439; x_wconf 82' lang='lat' dir='ltr'>paucitate</span> <span class='ocrx_word' id='word_1_17' title='bbox 1097 399 1186 429; x_wconf 91' lang='lat' dir='ltr'>non</span> <span class='ocrx_word' id='word_1_18' title='bbox 1208 385 1387 435; x_wconf 86' lang='lat' dir='ltr'>fuerunt</span> <span class='ocrx_word' id='word_1_19' title='bbox 1401 395 1430 436; x_wconf 85' lang='lat'>².</span> <span class='ocrx_word' id='word_1_20' title='bbox 1453 396 1549 440; x_wconf 88' lang='lat' dir='ltr'>Non</span> <span class='ocrx_word' id='word_1_21' title='bbox 1562 397 1696 456; x_wconf 84' lang='lat' dir='ltr'>igitur</span> <span class='ocrx_word' id='word_1_22' title='bbox 1715 401 1812 447; x_wconf 86' lang='lat' dir='ltr'>filiis</span> 
     </span>
     <span class='ocr_line' id='line_1_4' title="bbox 435 446 1810 527; baseline 0.02 -37"><span class='ocrx_word' id='word_1_23' title='bbox 435 449 519 491; x_wconf 83' lang='lat' dir='ltr'>suis</span> <span class='ocrx_word' id='word_1_24' title='bbox 539 446 852 506; x_wconf 79' lang='lat' dir='ltr'>praedestinatis</span> <span class='ocrx_word' id='word_1_25' title='bbox 869 453 981 495; x_wconf 93' lang='lat' dir='ltr'>Deus</span> <span class='ocrx_word' id='word_1_26' title='bbox 998 458 1358 512; x_wconf 88' lang='lat' dir='ltr'>perseverantiam</span> <span class='ocrx_word' id='word_1_27' title='bbox 1390 477 1478 507; x_wconf 89' lang='lat' dir='ltr'>non</span> <span class='ocrx_word' id='word_1_28' title='bbox 1505 465 1647 527; x_wconf 77' lang='lat' dir='ltr'>dedit3</span> <span class='ocrx_word' id='word_1_29' title='bbox 1673 472 1810 516; x_wconf 86' lang='lat' dir='ltr'>habe—</span> 
     </span>
     <span class='ocr_line' id='line_1_5' title="bbox 434 517 1878 599; baseline 0.023 -42"><span class='ocrx_word' id='word_1_30' title='bbox 434 525 527 559; x_wconf 84' lang='lat' dir='ltr'>rent</span> <span class='ocrx_word' id='word_1_31' title='bbox 549 517 663 561; x_wconf 84' lang='lat' dir='ltr'>enirn</span> <span class='ocrx_word' id='word_1_32' title='bbox 680 533 773 562; x_wconf 90' lang='lat' dir='ltr'>eam</span> <span class='ocrx_word' id='word_1_33' title='bbox 787 521 821 564; x_wconf 92' lang='lat' dir='ltr'>si</span> <span class='ocrx_word' id='word_1_34' title='bbox 839 521 945 566; x_wconf 87' lang='lat' dir='ltr'>ineo</span> <span class='ocrx_word' id='word_1_35' title='bbox 963 522 1149 568; x_wconf 87' lang='lat' dir='ltr'>filiorum</span> <span class='ocrx_word' id='word_1_36' title='bbox 1166 541 1348 573; x_wconf 90' lang='lat' dir='ltr'>numero</span> <span class='ocrx_word' id='word_1_37' title='bbox 1365 543 1506 578; x_wconf 83' lang='lat' dir='ltr'><strong>essent</strong></span> <span class='ocrx_word' id='word_1_38' title='bbox 1527 555 1535 580; x_wconf 76' lang='grc' dir='ltr'>ε</span> <span class='ocrx_word' id='word_1_39' title='bbox 1557 548 1600 582; x_wconf 89' lang='lat' dir='ltr'>et</span> <span class='ocrx_word' id='word_1_40' title='bbox 1613 542 1720 599; x_wconf 92' lang='lat' dir='ltr'>quid</span> <span class='ocrx_word' id='word_1_41' title='bbox 1737 543 1811 588; x_wconf 87' lang='lat' dir='ltr'>ha·</span> <span class='ocrx_word' id='word_1_42' title='bbox 1874 543 1878 557; x_wconf 94' lang='grc'><strong>’</strong></span> 
     </span>
     <span class='ocr_line' id='line_1_6' title="bbox 435 587 1807 666; baseline 0.023 -38"><span class='ocrx_word' id='word_1_43' title='bbox 435 587 583 631; x_wconf 79' lang='lat' dir='ltr'>bercnt</span> <span class='ocrx_word' id='word_1_44' title='bbox 597 622 607 641; x_wconf 87' lang='lat'>,</span> <span class='ocrx_word' id='word_1_45' title='bbox 644 589 764 648; x_wconf 89' lang='lat' dir='ltr'>quod</span> <span class='ocrx_word' id='word_1_46' title='bbox 798 606 885 635; x_wconf 91' lang='lat' dir='ltr'>non</span> <span class='ocrx_word' id='word_1_47' title='bbox 924 595 1210 653; x_wconf 79' lang='lat' dir='ltr'>accepissent,</span> <span class='ocrx_word' id='word_1_48' title='bbox 1253 603 1492 648; x_wconf 88' lang='lat' dir='ltr'>secundum</span> <span class='ocrx_word' id='word_1_49' title='bbox 1528 611 1807 666; x_wconf 82' lang='lat' dir='ltr'>apostolicam</span> 
     </span>
     <span class='ocr_line' id='line_1_7' title="bbox 429 662 1808 729; baseline 0.022 -32"><span class='ocrx_word' id='word_1_50' title='bbox 429 670 662 716; x_wconf 85' lang='lat' dir='ltr'>veramque</span> <span class='ocrx_word' id='word_1_51' title='bbox 684 662 969 707; x_wconf 77' lang='lat' dir='ltr'>sententiam?</span> <span class='ocrx_word' id='word_1_52' title='bbox 990 667 1052 708; x_wconf 86' lang='lat' dir='ltr'>Ac</span> <span class='ocrx_word' id='word_1_53' title='bbox 1071 680 1145 724; x_wconf 90' lang='lat' dir='ltr'>per</span> <span class='ocrx_word' id='word_1_54' title='bbox 1165 668 1246 711; x_wconf 88' lang='lat' dir='ltr'>hoc</span> <span class='ocrx_word' id='word_1_55' title='bbox 1276 669 1380 717; x_wconf 88' lang='lat' dir='ltr'>tales</span> <span class='ocrx_word' id='word_1_56' title='bbox 1403 671 1477 717; x_wconf 83' lang='lat' dir='ltr'>filii</span> <span class='ocrx_word' id='word_1_57' title='bbox 1502 676 1614 722; x_wconf 92' lang='lat' dir='ltr'>Filio</span> <span class='ocrx_word' id='word_1_58' title='bbox 1636 681 1808 729; x_wconf 88' lang='lat' dir='ltr'>Christo</span> 
     </span>
     <span class='ocr_line' id='line_1_8' title="bbox 425 725 1807 806; baseline 0.021 -37"><span class='ocrx_word' id='word_1_59' title='bbox 425 725 513 770; x_wconf 88' lang='lat' dir='ltr'>dati</span> <span class='ocrx_word' id='word_1_60' title='bbox 536 734 719 784; x_wconf 71' lang='lat' dir='ltr'>essent2,</span> <span class='ocrx_word' id='word_1_61' title='bbox 745 733 1115 790; x_wconf 84' lang='lat' dir='ltr'>quemadmodum</span> <span class='ocrx_word' id='word_1_62' title='bbox 1143 739 1232 797; x_wconf 90' lang='lat' dir='ltr'>ipse</span> <span class='ocrx_word' id='word_1_63' title='bbox 1262 740 1366 784; x_wconf 85' lang='lat' dir='ltr'>dicit</span> <span class='ocrx_word' id='word_1_64' title='bbox 1394 743 1449 787; x_wconf 92' lang='lat' dir='ltr'>ad</span> <span class='ocrx_word' id='word_1_65' title='bbox 1482 748 1675 806; x_wconf 87' lang='lat' dir='ltr'>Patrem,</span> <span class='ocrx_word' id='word_1_66' title='bbox 1705 770 1725 795; x_wconf 93' lang='lat'>«</span> <span class='ocrx_word' id='word_1_67' title='bbox 1753 755 1807 799; x_wconf 89' lang='lat' dir='ltr'>Ut</span> 
     </span>
     <span class='ocr_line' id='line_1_9' title="bbox 426 801 1804 870; baseline 0.022 -32"><span class='ocrx_word' id='word_1_68' title='bbox 426 815 445 837; x_wconf 87' lang='lat'>»</span> <span class='ocrx_word' id='word_1_69' title='bbox 470 812 599 841; x_wconf 92' lang='lat' dir='ltr'>omne</span> <span class='ocrx_word' id='word_1_70' title='bbox 639 801 760 859; x_wconf 89' lang='lat' dir='ltr'>quod</span> <span class='ocrx_word' id='word_1_71' title='bbox 787 801 942 848; x_wconf 88' lang='lat' dir='ltr'>dedisti</span> <span class='ocrx_word' id='word_1_72' title='bbox 968 806 1098 863; x_wconf 87' lang='lat' dir='ltr'>mihi,</span> <span class='ocrx_word' id='word_1_73' title='bbox 1124 824 1213 853; x_wconf 89' lang='lat' dir='ltr'>non</span> <span class='ocrx_word' id='word_1_74' title='bbox 1244 822 1412 870; x_wconf 85' lang='lat' dir='ltr'>pereat,</span> <span class='ocrx_word' id='word_1_75' title='bbox 1443 815 1517 860; x_wconf 90' lang='lat' dir='ltr'>sed</span> <span class='ocrx_word' id='word_1_76' title='bbox 1547 818 1705 867; x_wconf 89' lang='lat' dir='ltr'>habeat</span> <span class='ocrx_word' id='word_1_77' title='bbox 1737 825 1804 868; x_wconf 90' lang='lat' dir='ltr'>vi-</span> 
     </span>
     <span class='ocr_line' id='line_1_10' title="bbox 424 875 1804 955; baseline 0.023 -47"><span class='ocrx_word' id='word_1_78' title='bbox 424 887 444 908; x_wconf 89' lang='lat'>»</span> <span class='ocrx_word' id='word_1_79' title='bbox 471 877 556 912; x_wconf 90' lang='lat' dir='ltr'>tam</span> <span class='ocrx_word' id='word_1_80' title='bbox 575 875 823 918; x_wconf 65' lang='lat' dir='ltr'>aeternamss.</span> <span class='ocrx_word' id='word_1_81' title='bbox 849 893 870 916; x_wconf 90' lang='lat'>»</span> <span class='ocrx_word' id='word_1_82' title='bbox 892 876 946 920; x_wconf 93' lang='lat' dir='ltr'>Hi</span> <span class='ocrx_word' id='word_1_83' title='bbox 961 892 1062 936; x_wconf 84' lang='lat' dir='ltr'>ergo</span> <span class='ocrx_word' id='word_1_84' title='bbox 1079 880 1252 926; x_wconf 83' lang='lat' dir='ltr'>Christo</span> <span class='ocrx_word' id='word_1_85' title='bbox 1273 883 1579 946; x_wconf 84' lang='lat' dir='ltr'>intelliguntur</span> <span class='ocrx_word' id='word_1_86' title='bbox 1599 890 1709 949; x_wconf 88' lang='lat' dir='ltr'>dari,</span> <span class='ocrx_word' id='word_1_87' title='bbox 1728 897 1804 955; x_wconf 90' lang='lat' dir='ltr'>qui</span> 
     </span>
     <span class='ocr_line' id='line_1_11' title="bbox 419 938 1803 1019; baseline 0.022 -39"><span class='ocrx_word' id='word_1_88' title='bbox 419 938 607 983; x_wconf 89' lang='lat' dir='ltr'>ordinati</span> <span class='ocrx_word' id='word_1_89' title='bbox 629 951 728 986; x_wconf 89' lang='lat' dir='ltr'>sunt</span> <span class='ocrx_word' id='word_1_90' title='bbox 745 944 790 988; x_wconf 89' lang='lat' dir='ltr'>in</span> <span class='ocrx_word' id='word_1_91' title='bbox 807 945 939 990; x_wconf 86' lang='lat' dir='ltr'>vitam</span> <span class='ocrx_word' id='word_1_92' title='bbox 959 957 1181 995; x_wconf 87' lang='lat' dir='ltr'>aeternam.</span> <span class='ocrx_word' id='word_1_93' title='bbox 1205 955 1289 1012; x_wconf 90' lang='lat' dir='ltr'>Ipsi</span> <span class='ocrx_word' id='word_1_94' title='bbox 1307 965 1406 1000; x_wconf 90' lang='lat' dir='ltr'>sunt</span> <span class='ocrx_word' id='word_1_95' title='bbox 1429 957 1491 1002; x_wconf 87' lang='lat' dir='ltr'>illi</span> <span class='ocrx_word' id='word_1_96' title='bbox 1510 963 1803 1019; x_wconf 83' lang='lat' dir='ltr'>praedestinati</span> 
     </span>
     <span class='ocr_line' id='line_1_12' title="bbox 417 1011 1796 1093; baseline 0.021 -42"><span class='ocrx_word' id='word_1_97' title='bbox 417 1017 460 1053; x_wconf 87' lang='lat' dir='ltr'>et</span> <span class='ocrx_word' id='word_1_98' title='bbox 495 1011 734 1056; x_wconf 84' lang='lat' dir='ltr'>secundum</span> <span class='ocrx_word' id='word_1_99' title='bbox 766 1018 1034 1075; x_wconf 85' lang='lat' dir='ltr'>propositum</span> <span class='ocrx_word' id='word_1_100' title='bbox 1070 1023 1208 1067; x_wconf 87' lang='lat' dir='ltr'>vocati</span> <span class='ocrx_word' id='word_1_101' title='bbox 1226 1058 1237 1077; x_wconf 83' lang='lat'>,</span> <span class='ocrx_word' id='word_1_102' title='bbox 1274 1041 1461 1084; x_wconf 89' lang='lat' dir='ltr'>quorum</span> <span class='ocrx_word' id='word_1_103' title='bbox 1497 1030 1644 1076; x_wconf 86' lang='lat' dir='ltr'>nullus</span> <span class='ocrx_word' id='word_1_104' title='bbox 1671 1036 1796 1093; x_wconf 90' lang='lat' dir='ltr'>perit.</span> 
     </span>
     <span class='ocr_line' id='line_1_13' title="bbox 414 1081 1801 1151; baseline 0.022 -31"><span class='ocrx_word' id='word_1_105' title='bbox 414 1081 477 1121; x_wconf 84' lang='lat' dir='ltr'>Ac</span> <span class='ocrx_word' id='word_1_106' title='bbox 498 1095 575 1138; x_wconf 89' lang='lat' dir='ltr'>per</span> <span class='ocrx_word' id='word_1_107' title='bbox 591 1082 673 1126; x_wconf 89' lang='lat' dir='ltr'>hoc</span> <span class='ocrx_word' id='word_1_108' title='bbox 692 1084 837 1128; x_wconf 86' lang='lat' dir='ltr'>nullus</span> <span class='ocrx_word' id='word_1_109' title='bbox 855 1101 1005 1133; x_wconf 90' lang='lat' dir='ltr'>eorum</span> <span class='ocrx_word' id='word_1_110' title='bbox 1028 1106 1078 1134; x_wconf 83' lang='lat' dir='ltr'>ex</span> <span class='ocrx_word' id='word_1_111' title='bbox 1101 1091 1218 1138; x_wconf 91' lang='lat' dir='ltr'>bono</span> <span class='ocrx_word' id='word_1_112' title='bbox 1240 1094 1285 1138; x_wconf 91' lang='lat' dir='ltr'>in</span> <span class='ocrx_word' id='word_1_113' title='bbox 1309 1097 1470 1142; x_wconf 88' lang='lat' dir='ltr'>malum</span> <span class='ocrx_word' id='word_1_114' title='bbox 1490 1112 1682 1148; x_wconf 86' lang='lat' dir='ltr'>mutatus</span> <span class='ocrx_word' id='word_1_115' title='bbox 1703 1107 1801 1151; x_wconf 87' lang='lat' dir='ltr'>finit</span> 
     </span>
     <span class='ocr_line' id='line_1_14' title="bbox 415 1148 1799 1222; baseline 0.022 -32"><span class='ocrx_word' id='word_1_116' title='bbox 415 1148 527 1193; x_wconf 82' lang='lat' dir='ltr'>hanc</span> <span class='ocrx_word' id='word_1_117' title='bbox 549 1151 705 1209; x_wconf 67' lang='lat' dir='ltr'>vitam,</span> <span class='ocrx_word' id='word_1_118' title='bbox 726 1157 933 1214; x_wconf 88' lang='lat' dir='ltr'>quoniam</span> <span class='ocrx_word' id='word_1_119' title='bbox 964 1160 1023 1203; x_wconf 91' lang='lat' dir='ltr'>sic</span> <span class='ocrx_word' id='word_1_120' title='bbox 1049 1170 1113 1205; x_wconf 87' lang='lat' dir='ltr'>est</span> <span class='ocrx_word' id='word_1_121' title='bbox 1140 1164 1364 1210; x_wconf 84' lang='lat' dir='ltr'>ordinatus</span> <span class='ocrx_word' id='word_1_122' title='bbox 1381 1202 1391 1221; x_wconf 88' lang='lat'>‚</span> <span class='ocrx_word' id='word_1_123' title='bbox 1429 1177 1471 1212; x_wconf 84' lang='lat' dir='ltr'>et</span> <span class='ocrx_word' id='word_1_124' title='bbox 1498 1170 1596 1215; x_wconf 90' lang='lat' dir='ltr'>ideo</span> <span class='ocrx_word' id='word_1_125' title='bbox 1627 1175 1799 1222; x_wconf 89' lang='lat' dir='ltr'>Christo</span> 
     </span>
     <span class='ocr_line' id='line_1_15' title="bbox 411 1218 1798 1291; baseline 0.023 -31"><span class='ocrx_word' id='word_1_126' title='bbox 411 1218 560 1275; x_wconf 82' lang='lat' dir='ltr'>datus,</span> <span class='ocrx_word' id='word_1_127' title='bbox 588 1231 637 1266; x_wconf 85' lang='lat' dir='ltr'>ut</span> <span class='ocrx_word' id='word_1_128' title='bbox 661 1238 748 1267; x_wconf 87' lang='lat' dir='ltr'>non</span> <span class='ocrx_word' id='word_1_129' title='bbox 766 1236 933 1283; x_wconf 86' lang='lat' dir='ltr'>pereat,</span> <span class='ocrx_word' id='word_1_130' title='bbox 955 1229 1029 1273; x_wconf 87' lang='lat' dir='ltr'>sed</span> <span class='ocrx_word' id='word_1_131' title='bbox 1053 1232 1212 1277; x_wconf 84' lang='lat' dir='ltr'>habeat</span> <span class='ocrx_word' id='word_1_132' title='bbox 1233 1235 1366 1279; x_wconf 84' lang='lat' dir='ltr'>vitam</span> <span class='ocrx_word' id='word_1_133' title='bbox 1381 1247 1603 1286; x_wconf 83' lang='lat' dir='ltr'>aeternam.</span> <span class='ocrx_word' id='word_1_134' title='bbox 1625 1246 1680 1289; x_wconf 91' lang='lat' dir='ltr'>Et</span> <span class='ocrx_word' id='word_1_135' title='bbox 1703 1262 1798 1291; x_wconf 90' lang='lat' dir='ltr'>rur-</span> 
     </span>
     <span class='ocr_line' id='line_1_16' title="bbox 409 1291 1796 1363; baseline 0.024 -34"><span class='ocrx_word' id='word_1_136' title='bbox 409 1302 478 1331; x_wconf 86' lang='lat' dir='ltr'>sus</span> <span class='ocrx_word' id='word_1_137' title='bbox 495 1304 603 1348; x_wconf 87' lang='lat' dir='ltr'>quos</span> <span class='ocrx_word' id='word_1_138' title='bbox 621 1291 804 1338; x_wconf 86' lang='lat' dir='ltr'>dicimus</span> <span class='ocrx_word' id='word_1_139' title='bbox 821 1296 1017 1343; x_wconf 88' lang='lat' dir='ltr'>inimicos</span> <span class='ocrx_word' id='word_1_140' title='bbox 1036 1302 1141 1359; x_wconf 82' lang='lat' dir='ltr'>ejus,</span> <span class='ocrx_word' id='word_1_141' title='bbox 1160 1303 1227 1347; x_wconf 90' lang='lat' dir='ltr'>vel</span> <span class='ocrx_word' id='word_1_142' title='bbox 1245 1306 1445 1363; x_wconf 88' lang='lat' dir='ltr'>parvulos</span> <span class='ocrx_word' id='word_1_143' title='bbox 1464 1309 1572 1356; x_wconf 85' lang='lat' dir='ltr'>filios</span> <span class='ocrx_word' id='word_1_144' title='bbox 1593 1313 1796 1362; x_wconf 89' lang='lat' dir='ltr'>inimico—</span> 
     </span>
     <span class='ocr_line' id='line_1_17' title="bbox 408 1360 1794 1439; baseline 0.025 -41"><span class='ocrx_word' id='word_1_145' title='bbox 408 1372 503 1400; x_wconf 88' lang='lat' dir='ltr'>rum</span> <span class='ocrx_word' id='word_1_146' title='bbox 528 1360 635 1418; x_wconf 88' lang='lat' dir='ltr'>ejus,</span> <span class='ocrx_word' id='word_1_147' title='bbox 659 1378 960 1425; x_wconf 87' lang='lat' dir='ltr'>quoscumque</span> <span class='ocrx_word' id='word_1_148' title='bbox 982 1385 1132 1414; x_wconf 90' lang='lat' dir='ltr'>eorum</span> <span class='ocrx_word' id='word_1_149' title='bbox 1153 1373 1211 1416; x_wconf 92' lang='lat' dir='ltr'>sic</span> <span class='ocrx_word' id='word_1_150' title='bbox 1232 1389 1562 1433; x_wconf 82' lang='lat' dir='ltr'>regeneraturus</span> <span class='ocrx_word' id='word_1_151' title='bbox 1578 1393 1655 1439; x_wconf 85' lang='lat' dir='ltr'>est,</span> <span class='ocrx_word' id='word_1_152' title='bbox 1684 1397 1732 1431; x_wconf 87' lang='lat' dir='ltr'>ut</span> <span class='ocrx_word' id='word_1_153' title='bbox 1749 1389 1794 1433; x_wconf 90' lang='lat' dir='ltr'>in</span> 
     </span>
     <span class='ocr_line' id='line_1_18' title="bbox 407 1428 1791 1516; baseline 0.025 -47"><span class='ocrx_word' id='word_1_154' title='bbox 407 1441 453 1470; x_wconf 89' lang='lat' dir='ltr'>ea</span> <span class='ocrx_word' id='word_1_155' title='bbox 477 1428 564 1472; x_wconf 84' lang='lat' dir='ltr'>fide</span> <span class='ocrx_word' id='word_1_156' title='bbox 576 1446 675 1490; x_wconf 84' lang='lat' dir='ltr'>quae</span> <span class='ocrx_word' id='word_1_157' title='bbox 692 1448 769 1492; x_wconf 92' lang='lat' dir='ltr'>per</span> <span class='ocrx_word' id='word_1_158' title='bbox 788 1435 1065 1484; x_wconf 83' lang='lat' dir='ltr'>dilectionem</span> <span class='ocrx_word' id='word_1_159' title='bbox 1085 1454 1304 1501; x_wconf 78' lang='lat' dir='ltr'>operatur,</span> <span class='ocrx_word' id='word_1_160' title='bbox 1329 1448 1442 1494; x_wconf 89' lang='lat' dir='ltr'>hanc</span> <span class='ocrx_word' id='word_1_161' title='bbox 1460 1452 1591 1497; x_wconf 86' lang='lat' dir='ltr'>vitam</span> <span class='ocrx_word' id='word_1_162' title='bbox 1614 1455 1791 1516; x_wconf 78' lang='lat' dir='ltr'>finiant3</span> 
     </span>
     <span class='ocr_line' id='line_1_19' title="bbox 397 1498 1793 1574; baseline 0.025 -35"><span class='ocrx_word' id='word_1_163' title='bbox 397 1498 486 1554; x_wconf 85' lang='lat' dir='ltr'>jam</span> <span class='ocrx_word' id='word_1_164' title='bbox 512 1508 555 1543; x_wconf 88' lang='lat' dir='ltr'>et</span> <span class='ocrx_word' id='word_1_165' title='bbox 581 1511 680 1545; x_wconf 84' lang='lat' dir='ltr'>ante</span> <span class='ocrx_word' id='word_1_166' title='bbox 703 1520 834 1562; x_wconf 88' lang='lat' dir='ltr'>quam</span> <span class='ocrx_word' id='word_1_167' title='bbox 857 1507 939 1552; x_wconf 90' lang='lat' dir='ltr'>hoc</span> <span class='ocrx_word' id='word_1_168' title='bbox 967 1510 1063 1565; x_wconf 85' lang='lat' dir='ltr'>fiat,</span> <span class='ocrx_word' id='word_1_169' title='bbox 1100 1513 1143 1555; x_wconf 92' lang='lat' dir='ltr'>in</span> <span class='ocrx_word' id='word_1_170' title='bbox 1173 1514 1244 1558; x_wconf 85' lang='lat' dir='ltr'>illa</span> <span class='ocrx_word' id='word_1_171' title='bbox 1279 1519 1659 1574; x_wconf 84' lang='lat' dir='ltr'>praedestinatione</span> <span class='ocrx_word' id='word_1_172' title='bbox 1691 1540 1793 1574; x_wconf 90' lang='lat' dir='ltr'>sunt</span> 
     </span>
     <span class='ocr_line' id='line_1_20' title="bbox 403 1565 1787 1655; baseline 0.027 -48"><span class='ocrx_word' id='word_1_173' title='bbox 403 1565 478 1609; x_wconf 90' lang='lat' dir='ltr'>filii</span> <span class='ocrx_word' id='word_1_174' title='bbox 503 1569 610 1627; x_wconf 80' lang='lat' dir='ltr'>ejus,</span> <span class='ocrx_word' id='word_1_175' title='bbox 637 1581 679 1614; x_wconf 90' lang='lat' dir='ltr'>et</span> <span class='ocrx_word' id='word_1_176' title='bbox 696 1571 786 1616; x_wconf 86' lang='lat' dir='ltr'>dati</span> <span class='ocrx_word' id='word_1_177' title='bbox 808 1585 907 1621; x_wconf 87' lang='lat' dir='ltr'>sunt</span> <span class='ocrx_word' id='word_1_178' title='bbox 929 1579 1102 1625; x_wconf 90' lang='lat' dir='ltr'>Christo</span> <span class='ocrx_word' id='word_1_179' title='bbox 1131 1583 1241 1629; x_wconf 87' lang='lat' dir='ltr'>Filio</span> <span class='ocrx_word' id='word_1_180' title='bbox 1256 1587 1367 1644; x_wconf 84' lang='lat' dir='ltr'>ejus,</span> <span class='ocrx_word' id='word_1_181' title='bbox 1396 1599 1443 1634; x_wconf 87' lang='lat' dir='ltr'>ut</span> <span class='ocrx_word' id='word_1_182' title='bbox 1467 1606 1554 1637; x_wconf 90' lang='lat' dir='ltr'>non</span> <span class='ocrx_word' id='word_1_183' title='bbox 1581 1608 1760 1653; x_wconf 85' lang='lat' dir='ltr'>pereant</span> <span class='ocrx_word' id='word_1_184' title='bbox 1777 1635 1787 1655; x_wconf 90' lang='lat'>‚</span> 
     </span>
     <span class='ocr_line' id='line_1_21' title="bbox 400 1635 1077 1694; baseline 0.027 -17"><span class='ocrx_word' id='word_1_185' title='bbox 400 1635 475 1679; x_wconf 92' lang='lat' dir='ltr'>sed</span> <span class='ocrx_word' id='word_1_186' title='bbox 491 1637 677 1684; x_wconf 83' lang='lat' dir='ltr'>habeant</span> <span class='ocrx_word' id='word_1_187' title='bbox 698 1643 832 1688; x_wconf 88' lang='lat' dir='ltr'>vitam</span> <span class='ocrx_word' id='word_1_188' title='bbox 854 1655 1077 1694; x_wconf 82' lang='lat' dir='ltr'>aeternam.</span> 
     </span>
    </p>

    <p class='ocr_par' dir='ltr' id='par_1_3' title="bbox 389 1709 1786 2490">
     <span class='ocr_line' id='line_1_22' title="bbox 460 1709 1784 1799; baseline 0.028 -50"><span class='ocrx_word' id='word_1_189' title='bbox 460 1709 602 1753; x_wconf 83' lang='lat' dir='ltr'><strong>XXII.</strong></span> <span class='ocrx_word' id='word_1_190' title='bbox 631 1713 823 1773; x_wconf 89' lang='lat' dir='ltr'>Denique</span> <span class='ocrx_word' id='word_1_191' title='bbox 850 1717 939 1776; x_wconf 88' lang='lat' dir='ltr'>ipse</span> <span class='ocrx_word' id='word_1_192' title='bbox 968 1720 1179 1781; x_wconf 84' lang='lat' dir='ltr'>Salvator,</span> <span class='ocrx_word' id='word_1_193' title='bbox 1209 1744 1228 1766; x_wconf 91' lang='lat'>«</span> <span class='ocrx_word' id='word_1_194' title='bbox 1259 1728 1300 1771; x_wconf 92' lang='lat' dir='ltr'>Si</span> <span class='ocrx_word' id='word_1_195' title='bbox 1330 1734 1591 1791; x_wconf 84' lang='lat' dir='ltr'>manseritis,</span> <span class='ocrx_word' id='word_1_196' title='bbox 1617 1738 1784 1799; x_wconf 88' lang='lat' dir='ltr'>inquit,</span> 
     </span>
     <span class='ocr_line' id='line_1_23' title="bbox 402 1778 1786 1866; baseline 0.027 -49"><span class='ocrx_word' id='word_1_197' title='bbox 402 1794 420 1816; x_wconf 89' lang='lat'>»</span> <span class='ocrx_word' id='word_1_198' title='bbox 448 1778 492 1820; x_wconf 90' lang='lat' dir='ltr'>in</span> <span class='ocrx_word' id='word_1_199' title='bbox 511 1780 644 1825; x_wconf 81' lang='lat' dir='ltr'>verbo</span> <span class='ocrx_word' id='word_1_200' title='bbox 668 1797 786 1839; x_wconf 89' lang='lat' dir='ltr'>meo,</span> <span class='ocrx_word' id='word_1_201' title='bbox 812 1801 912 1831; x_wconf 91' lang='lat' dir='ltr'>vere</span> <span class='ocrx_word' id='word_1_202' title='bbox 941 1791 1140 1850; x_wconf 90' lang='lat' dir='ltr'>discipuli</span> <span class='ocrx_word' id='word_1_203' title='bbox 1167 1797 1249 1839; x_wconf 88' lang='lat' dir='ltr'>mei</span> <span class='ocrx_word' id='word_1_204' title='bbox 1274 1800 1411 1843; x_wconf 71' lang='lat' dir='ltr'>estis4.</span> <span class='ocrx_word' id='word_1_205' title='bbox 1454 1823 1469 1843; x_wconf 88' lang='lat'>»</span> <span class='ocrx_word' id='word_1_206' title='bbox 1496 1807 1719 1866; x_wconf 89' lang='lat' dir='ltr'>Numquid</span> <span class='ocrx_word' id='word_1_207' title='bbox 1741 1812 1786 1856; x_wconf 91' lang='lat' dir='ltr'>in</span> 
     </span>
     <span class='ocr_line' id='line_1_24' title="bbox 397 1846 1786 1940; baseline 0.027 -52"><span class='ocrx_word' id='word_1_208' title='bbox 397 1846 460 1890; x_wconf 90' lang='lat' dir='ltr'>his</span> <span class='ocrx_word' id='word_1_209' title='bbox 483 1854 804 1909; x_wconf 86' lang='lat' dir='ltr'>computandus</span> <span class='ocrx_word' id='word_1_210' title='bbox 817 1866 880 1900; x_wconf 89' lang='lat' dir='ltr'>est</span> <span class='ocrx_word' id='word_1_211' title='bbox 897 1859 1048 1915; x_wconf 89' lang='lat' dir='ltr'>Judas,</span> <span class='ocrx_word' id='word_1_212' title='bbox 1067 1864 1144 1922; x_wconf 91' lang='lat' dir='ltr'>qui</span> <span class='ocrx_word' id='word_1_213' title='bbox 1166 1880 1255 1910; x_wconf 89' lang='lat' dir='ltr'>non</span> <span class='ocrx_word' id='word_1_214' title='bbox 1275 1871 1432 1915; x_wconf 86' lang='lat' dir='ltr'>mansit</span> <span class='ocrx_word' id='word_1_215' title='bbox 1453 1873 1498 1916; x_wconf 90' lang='lat' dir='ltr'>in</span> <span class='ocrx_word' id='word_1_216' title='bbox 1520 1877 1653 1922; x_wconf 87' lang='lat' dir='ltr'>verbo</span> <span class='ocrx_word' id='word_1_217' title='bbox 1670 1881 1786 1940; x_wconf 68' lang='lat' dir='ltr'>ejus?</span> 
     </span>
     <span class='ocr_line' id='line_1_25' title="bbox 394 1917 1783 2008; baseline 0.025 -48"><span class='ocrx_word' id='word_1_218' title='bbox 394 1917 618 1976; x_wconf 88' lang='lat' dir='ltr'>Numquid</span> <span class='ocrx_word' id='word_1_219' title='bbox 640 1921 686 1964; x_wconf 93' lang='lat' dir='ltr'>in</span> <span class='ocrx_word' id='word_1_220' title='bbox 709 1923 774 1966; x_wconf 86' lang='lat' dir='ltr'>his</span> <span class='ocrx_word' id='word_1_221' title='bbox 789 1930 1073 1985; x_wconf 84' lang='lat' dir='ltr'>computandi</span> <span class='ocrx_word' id='word_1_222' title='bbox 1095 1935 1299 1991; x_wconf 74' lang='lat' dir='ltr'>sumini,</span> <span class='ocrx_word' id='word_1_223' title='bbox 1325 1939 1380 1982; x_wconf 87' lang='lat' dir='ltr'>de</span> <span class='ocrx_word' id='word_1_224' title='bbox 1401 1942 1561 2001; x_wconf 91' lang='lat' dir='ltr'>quibus</span> <span class='ocrx_word' id='word_1_225' title='bbox 1584 1949 1783 2008; x_wconf 85' lang='lat' dir='ltr'>Evange-</span> 
     </span>
     <span class='ocr_line' id='line_1_26' title="bbox 392 1984 1780 2066; baseline 0.03 -40"><span class='ocrx_word' id='word_1_226' title='bbox 392 1984 500 2028; x_wconf 88' lang='lat' dir='ltr'>lium</span> <span class='ocrx_word' id='word_1_227' title='bbox 524 1989 582 2031; x_wconf 92' lang='lat' dir='ltr'>sic</span> <span class='ocrx_word' id='word_1_228' title='bbox 605 1989 825 2048; x_wconf 80' lang='lat' dir='ltr'>loquitur,</span> <span class='ocrx_word' id='word_1_229' title='bbox 846 1996 921 2039; x_wconf 91' lang='lat' dir='ltr'>ubi</span> <span class='ocrx_word' id='word_1_230' title='bbox 941 2000 1149 2046; x_wconf 90' lang='lat' dir='ltr'>Dominus</span> <span class='ocrx_word' id='word_1_231' title='bbox 1167 2020 1267 2050; x_wconf 87' lang='lat' dir='ltr'>cum</span> <span class='ocrx_word' id='word_1_232' title='bbox 1290 2014 1632 2062; x_wconf 86' lang='lat' dir='ltr'>commendasset</span> <span class='ocrx_word' id='word_1_233' title='bbox 1656 2035 1780 2066; x_wconf 87' lang='lat' dir='ltr'>man—</span> 
     </span>
     <span class='ocr_line' id='line_1_27' title="bbox 390 2053 1775 2147; baseline 0.03 -52"><span class='ocrx_word' id='word_1_234' title='bbox 390 2053 635 2101; x_wconf 89' lang='lat' dir='ltr'>ducandam</span> <span class='ocrx_word' id='word_1_235' title='bbox 654 2074 826 2106; x_wconf 85' lang='lat' dir='ltr'>carnem</span> <span class='ocrx_word' id='word_1_236' title='bbox 845 2079 982 2123; x_wconf 86' lang='lat' dir='ltr'>suam,</span> <span class='ocrx_word' id='word_1_237' title='bbox 1007 2079 1050 2113; x_wconf 89' lang='lat' dir='ltr'>et</span> <span class='ocrx_word' id='word_1_238' title='bbox 1068 2072 1309 2120; x_wconf 86' lang='lat' dir='ltr'>bibendum</span> <span class='ocrx_word' id='word_1_239' title='bbox 1329 2084 1583 2141; x_wconf 85' lang='lat' dir='ltr'>sanguinem</span> <span class='ocrx_word' id='word_1_240' title='bbox 1601 2104 1729 2135; x_wconf 91' lang='lat' dir='ltr'>suum</span> <span class='ocrx_word' id='word_1_241' title='bbox 1743 2096 1775 2147; x_wconf 88' lang='lat'>⁵,</span> 
     </span>
     <span class='ocr_line' id='line_1_28' title="bbox 390 2124 1775 2210; baseline 0.031 -45"><span class='ocrx_word' id='word_1_242' title='bbox 390 2124 448 2168; x_wconf 83' lang='lat' dir='ltr'>ait</span> <span class='ocrx_word' id='word_1_243' title='bbox 472 2127 768 2187; x_wconf 85' lang='lat' dir='ltr'>Evangelista‚</span> <span class='ocrx_word' id='word_1_244' title='bbox 799 2152 818 2175; x_wconf 94' lang='lat'>«</span> <span class='ocrx_word' id='word_1_245' title='bbox 849 2138 952 2182; x_wconf 87' lang='lat' dir='ltr'>Haec</span> <span class='ocrx_word' id='word_1_246' title='bbox 979 2139 1086 2186; x_wconf 80' lang='lat' dir='ltr'>dixit</span> <span class='ocrx_word' id='word_1_247' title='bbox 1113 2144 1157 2187; x_wconf 90' lang='lat' dir='ltr'>in</span> <span class='ocrx_word' id='word_1_248' title='bbox 1187 2162 1405 2210; x_wconf 79' lang='lat' dir='ltr'>synagoga</span> <span class='ocrx_word' id='word_1_249' title='bbox 1433 2153 1593 2202; x_wconf 90' lang='lat' dir='ltr'>docens</span> <span class='ocrx_word' id='word_1_250' title='bbox 1619 2160 1664 2204; x_wconf 90' lang='lat' dir='ltr'>in</span> <span class='ocrx_word' id='word_1_251' title='bbox 1692 2164 1775 2207; x_wconf 91' lang='lat' dir='ltr'>Ca—</span> 
     </span>
     <span class='ocr_line' id='line_1_29' title="bbox 393 2197 1783 2288; baseline 0.032 -53"><span class='ocrx_word' id='word_1_252' title='bbox 393 2212 412 2233; x_wconf 86' lang='lat'>»</span> <span class='ocrx_word' id='word_1_253' title='bbox 439 2197 697 2253; x_wconf 86' lang='lat' dir='ltr'>pharnaum.</span> <span class='ocrx_word' id='word_1_254' title='bbox 725 2204 853 2248; x_wconf 81' lang='lat' dir='ltr'>Multi</span> <span class='ocrx_word' id='word_1_255' title='bbox 871 2222 974 2267; x_wconf 81' lang='lat' dir='ltr'>ergo</span> <span class='ocrx_word' id='word_1_256' title='bbox 991 2211 1215 2259; x_wconf 80' lang='lat' dir='ltr'>audientes</span> <span class='ocrx_word' id='word_1_257' title='bbox 1237 2234 1286 2262; x_wconf 85' lang='lat' dir='ltr'>ex</span> <span class='ocrx_word' id='word_1_258' title='bbox 1307 2220 1528 2282; x_wconf 89' lang='lat' dir='ltr'>discipulis</span> <span class='ocrx_word' id='word_1_259' title='bbox 1550 2230 1642 2288; x_wconf 85' lang='lat' dir='ltr'>ejus</span> <span class='ocrx_word' id='word_1_260' title='bbox 1663 2232 1783 2278; x_wconf 81' lang='lat' dir='ltr'>dixe-</span> 
     </span>
     <span class='ocr_line' id='line_1_30' title="bbox 395 2272 1783 2348; baseline 0.031 -43"><span class='ocrx_word' id='word_1_261' title='bbox 395 2285 411 2304; x_wconf 87' lang='lat'>»</span> <span class='ocrx_word' id='word_1_262' title='bbox 443 2276 545 2310; x_wconf 86' lang='lat' dir='ltr'>runt</span> <span class='ocrx_word' id='word_1_263' title='bbox 569 2287 577 2312; x_wconf 77' lang='grc' dir='ltr'>ε</span> <span class='ocrx_word' id='word_1_264' title='bbox 604 2272 746 2316; x_wconf 84' lang='lat' dir='ltr'>Durus</span> <span class='ocrx_word' id='word_1_265' title='bbox 764 2284 827 2319; x_wconf 87' lang='lat' dir='ltr'>est</span> <span class='ocrx_word' id='word_1_266' title='bbox 855 2277 924 2321; x_wconf 91' lang='lat' dir='ltr'>hic</span> <span class='ocrx_word' id='word_1_267' title='bbox 956 2295 1119 2339; x_wconf 90' lang='lat' dir='ltr'>sermo,</span> <span class='ocrx_word' id='word_1_268' title='bbox 1145 2287 1239 2345; x_wconf 86' lang='lat' dir='ltr'>quis</span> <span class='ocrx_word' id='word_1_269' title='bbox 1273 2300 1413 2348; x_wconf 86' lang='lat' dir='ltr'>potest</span> <span class='ocrx_word' id='word_1_270' title='bbox 1441 2309 1536 2339; x_wconf 89' lang='lat' dir='ltr'>eum</span> <span class='ocrx_word' id='word_1_271' title='bbox 1571 2303 1783 2347; x_wconf 67' lang='lat' dir='ltr'>audiress?</span> 
     </span>
     <span class='ocr_line' id='line_1_31' title="bbox 394 2337 1781 2422; baseline 0.031 -46"><span class='ocrx_word' id='word_1_272' title='bbox 394 2352 412 2374; x_wconf 90' lang='lat'>»</span> <span class='ocrx_word' id='word_1_273' title='bbox 435 2337 581 2382; x_wconf 89' lang='lat' dir='ltr'>Sciens</span> <span class='ocrx_word' id='word_1_274' title='bbox 595 2350 738 2385; x_wconf 90' lang='lat' dir='ltr'>autem</span> <span class='ocrx_word' id='word_1_275' title='bbox 755 2347 879 2390; x_wconf 89' lang='lat' dir='ltr'>Jesus</span> <span class='ocrx_word' id='word_1_276' title='bbox 892 2351 1010 2408; x_wconf 87' lang='lat' dir='ltr'>apud</span> <span class='ocrx_word' id='word_1_277' title='bbox 1029 2357 1324 2416; x_wconf 82' lang='lat' dir='ltr'>semetipsum,</span> <span class='ocrx_word' id='word_1_278' title='bbox 1347 2365 1446 2422; x_wconf 83' lang='lat' dir='ltr'>quia</span> <span class='ocrx_word' id='word_1_279' title='bbox 1459 2381 1781 2419; x_wconf 82' lang='lat' dir='ltr'>murmurarent</span> 
     </span>
     <span class='ocr_line' id='line_1_32' title="bbox 389 2405 1777 2490; baseline 0.032 -45"><span class='ocrx_word' id='word_1_280' title='bbox 389 2423 407 2445; x_wconf 89' lang='lat'>»</span> <span class='ocrx_word' id='word_1_281' title='bbox 429 2405 483 2449; x_wconf 91' lang='lat' dir='ltr'>de</span> <span class='ocrx_word' id='word_1_282' title='bbox 508 2408 590 2453; x_wconf 93' lang='lat' dir='ltr'>hoc</span> <span class='ocrx_word' id='word_1_283' title='bbox 615 2410 819 2472; x_wconf 87' lang='lat' dir='ltr'>discipuli</span> <span class='ocrx_word' id='word_1_284' title='bbox 841 2418 932 2477; x_wconf 87' lang='lat' dir='ltr'>ejus</span> <span class='ocrx_word' id='word_1_285' title='bbox 947 2454 958 2474; x_wconf 92' lang='lat'>,</span> <span class='ocrx_word' id='word_1_286' title='bbox 984 2420 1093 2468; x_wconf 81' lang='lat' dir='ltr'>dixit</span> <span class='ocrx_word' id='word_1_287' title='bbox 1116 2427 1198 2472; x_wconf 89' lang='lat' dir='ltr'>eis:</span> <span class='ocrx_word' id='word_1_288' title='bbox 1222 2432 1314 2474; x_wconf 85' lang='lat' dir='ltr'>Hoc</span> <span class='ocrx_word' id='word_1_289' title='bbox 1338 2448 1413 2476; x_wconf 89' lang='lat' dir='ltr'>vos</span> <span class='ocrx_word' id='word_1_290' title='bbox 1429 2438 1713 2485; x_wconf 87' lang='lat' dir='ltr'>scandalizat?</span> <span class='ocrx_word' id='word_1_291' title='bbox 1736 2447 1777 2490; x_wconf 77' lang='lat' dir='ltr'>Si</span> 
     </span>
    </p>
   </div>
   <div class='ocr_carea' id='block_1_3' title="bbox 384 2509 1769 2631">
    <p class='ocr_par' dir='ltr' id='par_1_4' title="bbox 384 2509 1769 2631">
     <span class='ocr_line' id='line_1_33' title="bbox 431 2509 1769 2582; baseline 0.031 -45"><span class='ocrx_word' id='word_1_292' title='bbox 431 2514 438 2527; x_wconf 83' lang='lat'>¹</span> <span class='ocrx_word' id='word_1_293' title='bbox 460 2509 569 2540; x_wconf 80' lang='lat' dir='ltr'>Mauh.</span> <span class='ocrx_word' id='word_1_294' title='bbox 595 2522 650 2553; x_wconf 76' lang='lat' dir='ltr'>xx,</span> <span class='ocrx_word' id='word_1_295' title='bbox 676 2513 725 2547; x_wconf 84' lang='lat'>16.</span> <span class='ocrx_word' id='word_1_296' title='bbox 747 2532 787 2538; x_wconf 88' lang='lat'>-—</span> <span class='ocrx_word' id='word_1_297' title='bbox 809 2524 821 2539; x_wconf 79' lang='lat'>²</span> <span class='ocrx_word' id='word_1_298' title='bbox 842 2530 853 2550; x_wconf 84' lang='grc' dir='ltr'><em>ι</em></span> <span class='ocrx_word' id='word_1_299' title='bbox 875 2521 947 2553; x_wconf 90' lang='lat' dir='ltr'>Cor.</span> <span class='ocrx_word' id='word_1_300' title='bbox 972 2534 1020 2565; x_wconf 74' lang='grc' dir='ltr'>ιν,</span> <span class='ocrx_word' id='word_1_301' title='bbox 1055 2536 1085 2567; x_wconf 76' lang='lat'>7.</span> <span class='ocrx_word' id='word_1_302' title='bbox 1102 2545 1142 2550; x_wconf 89' lang='lat'>—</span> <span class='ocrx_word' id='word_1_303' title='bbox 1160 2528 1173 2551; x_wconf 82' lang='lat'>3</span> <span class='ocrx_word' id='word_1_304' title='bbox 1191 2532 1283 2562; x_wconf 76' lang='lat' dir='ltr'>Joan.</span> <span class='ocrx_word' id='word_1_305' title='bbox 1304 2544 1351 2573; x_wconf 84' lang='lat'>111,</span> <span class='ocrx_word' id='word_1_306' title='bbox 1376 2536 1426 2575; x_wconf 82' lang='lat'>¹5,</span> <span class='ocrx_word' id='word_1_307' title='bbox 1447 2542 1479 2568; x_wconf 80' lang='lat' dir='ltr'>et</span> <span class='ocrx_word' id='word_1_308' title='bbox 1499 2550 1542 2579; x_wconf 75' lang='lat' dir='ltr'>vi,</span> <span class='ocrx_word' id='word_1_309' title='bbox 1563 2542 1615 2582; x_wconf 83' lang='lat'>39.</span> <span class='ocrx_word' id='word_1_310' title='bbox 1633 2560 1673 2566; x_wconf 86' lang='lat'>--</span> <span class='ocrx_word' id='word_1_311' title='bbox 1689 2544 1703 2568; x_wconf 71' lang='lat'><strong>⁶</strong></span> <span class='ocrx_word' id='word_1_312' title='bbox 1723 2546 1769 2580; x_wconf 80' lang='lat' dir='ltr'>ld.</span> 
     </span>
     <span class='ocr_line' id='line_1_34' title="bbox 384 2562 1367 2631; baseline 0.032 -41"><span class='ocrx_word' id='word_1_313' title='bbox 384 2571 452 2600; x_wconf 72' lang='lat' dir='ltr'>vin,</span> <span class='ocrx_word' id='word_1_314' title='bbox 477 2562 526 2595; x_wconf 69' lang='lat'>31.</span> <span class='ocrx_word' id='word_1_315' title='bbox 544 2582 583 2590; x_wconf 50' lang='lat'>--2</span> <span class='ocrx_word' id='word_1_316' title='bbox 598 2565 611 2589; x_wconf 83' lang='lat'><em>5</em></span> <span class='ocrx_word' id='word_1_317' title='bbox 634 2569 679 2600; x_wconf 83' lang='lat' dir='ltr'>Id.</span> <span class='ocrx_word' id='word_1_318' title='bbox 707 2581 752 2613; x_wconf 71' lang='lat' dir='ltr'>vn,</span> <span class='ocrx_word' id='word_1_319' title='bbox 772 2571 810 2613; x_wconf 73' lang='grc'>54</span> <span class='ocrx_word' id='word_1_320' title='bbox 831 2579 859 2605; x_wconf 82' lang='lat' dir='ltr'>et</span> <span class='ocrx_word' id='word_1_321' title='bbox 880 2585 966 2620; x_wconf 77' lang='lat' dir='ltr'>seqq.</span> <span class='ocrx_word' id='word_1_322' title='bbox 982 2577 1047 2601; x_wconf 71' lang='lat'>--0</span> <span class='ocrx_word' id='word_1_323' title='bbox 1069 2581 1148 2614; x_wconf 78' lang='lat' dir='ltr'>thid.</span> <span class='ocrx_word' id='word_1_324' title='bbox 1170 2583 1213 2617; x_wconf 82' lang='lat'>60</span> <span class='ocrx_word' id='word_1_325' title='bbox 1232 2592 1263 2617; x_wconf 86' lang='lat' dir='ltr'>et</span> <span class='ocrx_word' id='word_1_326' title='bbox 1280 2598 1367 2631; x_wconf 76' lang='lat' dir='ltr'>seqq.</span> 
     </span>
    </p>
   </div>
   <div class='ocr_carea' id='block_1_4' title="bbox 1834 0 1884 2926">
    <p class='ocr_par' dir='ltr' id='par_1_5' title="bbox 1834 0 1884 2926">
     <span class='ocr_line' id='line_1_35' title="bbox 1834 0 1884 2926; baseline 0 0"><span class='ocrx_word' id='word_1_327' title='bbox 1834 0 1884 2926; x_wconf 95' lang='lat' dir='ltr'> </span> 
     </span>
    </p>
   </div>
  </div>
 </body>
</html>
