1821 3264
5 225 9 245 l

4 259 8 275 ³
220 285 362 313 ommis
394 286 570 314 ῙΜΡΕιιΡ.
605 289 766 317 comm
799 292 968 322 summ.
1004 297 1086 323 Lm.
1124 299 1171 323 ιι.
1303 287 1382 327 371

16 350 154 409 ipsum
175 358 319 394 autem
343 351 564 397 Christum
586 354 679 398 sine
697 356 783 400 fine
806 359 960 403 victuri
990 363 1122 406 sunt?
1150 381 1168 404 «
1190 366 1391 410 Pronun—

17 419 134 465 tiavit
160 430 276 465 certe
306 423 566 481 Apostolus,
593 425 647 468 de
669 429 790 486 cujus
812 430 936 474 nobis
963 442 1026 476 est
1057 434 1261 492 opinione
1295 433 1392 481 cer-2

17 500 174 544 tamen,
191 491 407 536 efficacius
418 495 585 552 operari
598 495 651 539 ad
669 496 943 544 collationem
961 502 1109 546 salutis
1124 514 1166 548 et
1180 507 1395 565 copiosius

5 561 191 623 ¹gratiam
217 561 473 617 Salvatoris,
500 579 630 624 quam
657 578 881 624 peccatum
912 571 1018 616 Adae
1040 594 1051 631 3
1078 583 1127 618 ut
1150 577 1396 622 ostenderet

5 628 155 676 lmulto
182 633 479 678 vehementius
501 635 712 694 profuisse
742 640 985 697 Christum,
1012 653 1054 687 ct
1076 644 1272 703 pluribus
1298 663 1397 706 pro-

18 701 146 747 fuisse
165 738 176 757 ,
202 704 324 764 cujus
343 706 476 763 gratia
497 708 515 764 (
535 715 584 750 ut
603 707 696 766 ipso
723 711 814 769 ejus
841 714 977 758 verbo
1009 724 1106 759 utar
1125 718 1141 774 )
1161 716 1399 763 abundavit

18 773 62 817 in
82 772 242 832 plures,
268 790 399 834 quam
417 777 816 835 praevaricationem
831 783 958 841 primi
973 784 1160 830 hominis
1183 789 1395 843 nocuisse,

12 858 148 904 ,quem
170 854 220 888 tu
239 843 345 889 dicis
364 847 598 892 seminibus
621 848 808 907 illigasse
827 864 1068 910 peccatum.
1091 874 1111 897 n
1216 855 1221 857 ’

76 919 366 961 Acaunum.
401 917 544 963 Multo
575 921 710 979 magis
745 923 985 968 abundavit
1004 960 1014 979 ,
1046 925 1152 970 dixit
1189 948 1199 985 3
1229 943 1318 973 non
1356 929 1400 974 in

20 987 150 1044 magis
173 987 350 1043 multos,
369 987 415 1031 id
435 998 514 1044 est,
538 1006 627 1034 non
646 991 690 1034 in
714 993 872 1051 plures.
891 996 996 1048 Quis
1019 997 1132 1040 enim
1150 1013 1239 1041 non
1257 998 1402 1043 videat

19 1055 159 1117 pluses
183 1073 273 1103 esse
302 1059 347 1102 in
380 1072 536 1117 genere
570 1062 787 1118 humano,
815 1065 859 1109 in
881 1081 989 1125 quos
1014 1083 1101 1112 non
1126 1068 1364 1114 abundavit
1386 1072 1404 1111 ‘3

0 1137 70 1172 «ut
96 1143 145 1172 ex
182 1127 379 1187 pluribus
411 1131 712 1177 ostenderetur
733 1135 839 1194 quid
870 1137 1082 1181 universae
1118 1153 1265 1183 massae
1282 1140 1401 1199 justo

0 1197 180 1259 rjudicio
202 1199 457 1256 deberetur,
478 1202 557 1245 nisi
580 1203 653 1246 ubi
676 1204 807 1249 vellet
827 1207 1010 1266 Spiritus
1033 1209 1208 1268 spirare,
1235 1219 1278 1253 et
1293 1211 1404 1254 Deus

0 1282 130 1330 iquos
162 1270 414 1329 dignaretur
441 1281 640 1328 vocaret,
673 1284 715 1318 et
742 1291 873 1335 quem
902 1278 1034 1324 vellet
1065 1279 1313 1339 religiosum
1341 1281 1406 1325 fa-

0 1352 136 1386 =ceret
155 1343 202 1386 1?

80 1415 322 1457 LXXXVI·
342 1416 568 1458 Jt‘LlANts.
588 1434 606 1456 «
630 1416 766 1459 Proba
787 1417 936 1475 igitur,
957 1419 1039 1463 hoc
1057 1420 1176 1478 quod
1195 1420 1407 1466 intellexit

0 1483 257 1545 'ihpostolus
279 1484 430 1529 vestris
451 1485 670 1529 cohaerere
691 1485 1020 1545 dogmatibus.»

3 1571 5 1573 ·
84 1558 136 1598 Αι
153 1573 374 1599 Gusnmxs.
418 1559 640 1615 Legantur
675 1557 806 1602 verba
851 1559 942 1617 ejus
997 1559 1087 1602 sine
1131 1561 1410 1618 perversitate

0 1632 7 1687 ῃ
25 1624 261 1684 legentium
283 1661 294 1682 ,
326 1626 466 1686 qualis
486 1636 550 1671 est
570 1628 615 1671 in
632 1628 753 1673 vobis
780 1649 791 1687 3
816 1637 858 1672 et
881 1629 1000 1674 nulla
1020 1630 1102 1675 alia
1127 1631 1325 1690 probatio
1343 1648 1410 1676 re-

0 1749 2 1754 *
27 1706 237 1756 quiretur.

85 1771 350 1814 LXXXVII.
376 1772 600 1815 Jrumrs.
630 1789 648 1812 «
673 1771 715 1815 Si
737 1771 852 1814 enim
876 1772 1032 1827 Adam,
1061 1780 1107 1816 ut
1125 1771 1282 1828 dicitis,
1309 1789 1412 1833 pec-

29 1848 127 1885 cato
145 1841 332 1885 naturali
363 1843 584 1899 generavit
611 1858 759 1886 omnes
784 1844 829 1887 in
850 1843 1259 1889 condemnationem
1277 1881 1287 1900 ,
1315 1855 1412 1890 tan-

30 1918 211 1972 tumque
233 1913 288 1955 de
310 1913 395 1956 suis
415 1912 649 1956 visceribus
672 1914 717 1956 in
738 1912 933 1957 sobolem
953 1914 1069 1958 virus
1088 1913 1267 1969 effudit,
1295 1925 1346 1960 ut
1368 1917 1414 1960 in

31 1991 184 2028 natura
206 1984 393 2028 hominis
415 1993 575 2028 cuncta
596 1985 670 2028 Dei
692 1985 890 2029 instituta
912 1984 1110 2029 turbaret
1130 2005 1141 2042 3
1166 2003 1185 2026 »

89 2058 380 2100 Avansvrmns.
411 2054 599 2108 Quando
621 2054 854 2114 parvulum
879 2055 1052 2114 spiritus
1075 2064 1200 2099 vexat
1221 2056 1416 2100 immun-

34 2125 130 2181 dus,
152 2127 426 2186 animamque
443 2127 534 2186 ejus
556 2135 599 2170 et
620 2142 776 2185 corpus
800 2126 951 2184 affligit
966 2161 976 2179 ,
1003 2141 1152 2170 sensus
1169 2127 1418 2171 sanitatem-

31 2202 119 2255 que
133 2197 362 2256 pervertit3
387 2211 534 2240 nonne
557 2196 755 2240 universa
778 2197 891 2255 ejus,
912 2211 1044 2256 quam
1063 2199 1178 2240 Deus
1205 2196 1419 2251 instituit,

10 2267 15 2288 ¹³
36 2276 190 2310 natura
225 2267 427 2310 turbatur
449 2268 467 2309 Ξ)
502 2281 583 2310 nec
610 2266 814 2310 invenitis
837 2267 1016 2311 omnino
1037 2267 1146 2311 tanti
1168 2267 1297 2326 hujus
1321 2267 1422 2310 mali

37 2336 257 2392 meritum,
272 2346 479 2396 negantes
501 2335 711 2395 originale
733 2347 976 2396 peccatum.
998 2340 1088 2383 Cur
1105 2338 1220 2382 enim
1242 2353 1331 2382 non
1354 2338 1425 2381 hic

10 2404 15 2430 ⁷
40 2406 242 2463 attendis,
265 2408 310 2451 in
347 2416 501 2451 natura
521 2407 708 2450 hominis
732 2423 808 2466 per
830 2408 993 2467 diaboli
1017 2410 1132 2453 virus
1156 2417 1313 2452 cuncta
1349 2407 1426 2452 Dei

10 2499 18 2562 i
41 2476 234 2522 instituta
269 2477 437 2521 turbari
467 2479 485 2520 Ρ
508 2476 586 2521 Dic
614 2492 788 2521 causam
817 2477 1014 2537 parvuli,
1037 2478 1107 2522 dic
1136 2487 1301 2522 reatum
1336 2479 1430 2537 ejus

93 2637 104 2655 ¹
125 2632 270 2666 ambros.
292 2632 327 2666 in·
341 2634 418 2666 Luc.
439 2642 511 2675 cap.
534 2642 577 2665 ix.

1178 2687 1245 2727 24.

13 2600 15 2605 A
42 2548 112 2592 cui
134 2562 283 2592 recens
307 2556 411 2592 nato
439 2547 520 2592 ista
541 2546 821 2607 contingunt,
837 2548 914 2608 qui
938 2563 1025 2593 non
1052 2548 1115 2595 vis
1133 2548 1265 2593 verba
1288 2552 1429 2608 Apos-
1497 2541 1504 2548 ”
