1884 3285
416 277 501 319 466
851 288 885 313 s.
921 284 1150 314 Acatsnm
1183 286 1364 314 El’lscom

415 353 603 400 fortassis
620 350 781 397 oblitus
803 352 882 395 es?
909 350 1232 396 Gratulandum
1257 360 1320 396 est
1342 350 1550 396 oblivioni
1572 359 1660 395 tuae
1678 384 1688 406 ‚
1713 367 1800 411 qua

414 439 566 470 verum
579 421 848 483 compelleris
863 421 1020 466 dicere.
1035 424 1144 467 Nam
1160 421 1280 483 quod
1301 422 1382 466 tibi
1402 419 1591 477 videtur,
1605 421 1652 466 in
1668 421 1801 466 colla·

418 497 536 541 tione
557 494 873 541 contrariarum
895 494 1084 553 partium
1102 509 1191 539 non
1213 494 1374 539 debere
1392 509 1443 538 ex
1455 508 1543 537 una
1565 502 1686 552 parte
1699 493 1802 553 poni

414 567 710 611 necessitatem
743 564 916 609 seminis
940 598 951 619 ,
991 572 1035 608 et
1068 579 1117 608 ex
1148 564 1281 609 altera
1315 563 1507 609 studium
1538 562 1802 619 voluntatis,

415 637 623 683 stolidum
647 651 736 681 esse
753 635 961 695 reperires
982 670 994 693 ,
1013 634 1047 679 si
1067 634 1235 680 videres
1249 670 1260 691 ,
1285 635 1345 680 sic
1362 635 1408 679 in
1437 634 1552 679 mala
1567 643 1687 694 parte
1708 633 1805 679 illos

417 709 493 768 qui
520 708 738 767 pertinent
771 706 826 750 ad
861 705 1085 750 hominem
1117 706 1306 765 primum
1331 741 1342 762 ,
1383 706 1651 751 connexione
1678 720 1807 765 gene·

416 778 591 824 rationis
609 812 620 832 ,
648 777 738 821 sine
763 773 908 820 studio
934 791 1024 820 suae
1046 775 1299 832 voluntatis,
1329 776 1494 836 peccati
1516 775 1692 820 traxisse
1707 791 1806 820 con·

417 849 580 907 tagium
607 882 617 902 ,
653 844 1028 907 quemadmodum
1061 845 1124 891 illi
1161 846 1360 907 parvuli,
1393 847 1469 907 qui
1508 846 1726 906 pertinent
1752 844 1807 890 ad

415 918 635 963 hominem
660 916 902 961 secundum
923 951 936 971 ,
960 917 1051 961 sine
1068 916 1215 962 studio
1236 917 1422 978 propriae
1442 916 1679 961 voluntatis
1693 951 1704 972 ,
1733 931 1809 976 per

419 1003 569 1047 pacem
596 987 932 1047 regenerationis
959 987 1139 1047 justitiae
1172 988 1403 1048 participes
1424 989 1550 1032 fiunt.
1589 987 1632 1032 Si
1664 995 1809 1031 autem
1860 1010 1870 1031 η

419 1075 567 1104 semen
591 1075 641 1103 ex
659 1068 844 1119 utraque
862 1068 984 1118 parte
1009 1059 1206 1118 deposcis
1229 1077 1239 1104 ε
1265 1059 1377 1104 sicut
1398 1074 1474 1118 per
1497 1058 1633 1102 Adam
1665 1072 1812 1102 semen
1861 1060 1865 1089 ³

417 1129 589 1175 carnale
601 1130 800 1174 vitiatum
814 1138 895 1184 est,
912 1131 972 1173 sic
986 1129 1105 1188 viget
1122 1129 1314 1189 spiritale
1336 1144 1413 1189 per
1432 1129 1666 1174 Christum.
1681 1127 1811 1182 Quod
1861 1139 1865 1160 t

416 1215 564 1244 semen
597 1199 834 1244 insinuavit
855 1199 983 1244 nobis
1018 1201 1209 1245 Joannes
1237 1199 1477 1260 apostolus,
1495 1199 1642 1243 dicens
1672 1218 1681 1243 :
1710 1217 1729 1240 «
1758 1201 1812 1243 Et
1868 1211 1884 1243 :⁴

418 1289 438 1312 »
464 1285 553 1314 non
577 1277 720 1329 potest
741 1283 937 1328 peccare,
962 1269 1065 1328 quia
1096 1284 1244 1314 semen
1267 1271 1359 1330 ejus
1381 1270 1426 1313 in
1449 1269 1542 1328 ipso
1561 1277 1709 1313 manet
1728 1270 1759 1312 ¹.
1789 1286 1809 1310 n
1861 1261 1884 1336 ξ

417 1340 546 1394 Quod
582 1340 629 1383 iu
661 1338 814 1384 futuro
835 1338 996 1384 saeculo
1016 1339 1137 1384 bono
1170 1339 1316 1399 potius
1340 1339 1568 1400 apparebit
1588 1375 1599 1394 ,
1631 1339 1709 1383 ubi
1737 1339 1812 1398 qui
1870 1339 1884 1371 '³

414 1420 558 1466 erunt,
579 1425 759 1472 peccare
775 1425 866 1455 non
882 1419 1091 1471 poterunt
1107 1431 1118 1470 3
1143 1426 1233 1456 non
1253 1412 1298 1455 in
1314 1411 1399 1456 hoc
1418 1411 1579 1457 saeculo
1601 1410 1810 1470 maligno,
1870 1433 1871 1441 κ

415 1482 493 1525 ubi
528 1491 570 1526 et
601 1482 646 1525 hi
669 1482 745 1542 qui
771 1481 991 1540 pertinent
1009 1481 1064 1526 ad
1089 1480 1301 1526 saeculum
1322 1491 1500 1542 peccata
1523 1497 1613 1527 non
1636 1481 1813 1526 habitu·
1882 1509 1884 1511 ·

416 1567 531 1608 rurn,
550 1552 716 1598 habent
736 1551 856 1597 unde
877 1553 1074 1612 quotidie
1097 1562 1249 1612 petant
1268 1569 1292 1598 a
1315 1556 1441 1598 Patre
1464 1554 1636 1598 veniam
1660 1567 1813 1613 pecca·
1870 1551 1884 1589 15:

419 1631 582 1668 torum.

477 1694 694 1739 CCXVII.
730 1694 957 1738 Jcnrnus.
998 1711 1018 1735 «
1042 1696 1104 1738 Ac
1126 1708 1204 1753 per
1225 1694 1338 1750 hoc,
1362 1695 1549 1739 destruit
1566 1695 1815 1755 opinionem

422 1762 590 1823 peccati
617 1761 850 1818 naturalis,
887 1771 931 1806 et
963 1762 1093 1808 docet
1119 1763 1222 1808 alias
1245 1779 1334 1809 esse
1362 1781 1510 1810 causas
1538 1766 1816 1822 substantiae,
1870 1751 1872 1795 ἶ

423 1834 528 1880 alias
553 1832 807 1878 voluntatis.
832 1835 897 1878 Ac
916 1849 973 1878 ne
993 1833 1281 1893 intelligentia
1302 1835 1396 1881 haec
1414 1845 1564 1881 nostro
1589 1838 1725 1896 magis
1741 1837 1818 1880 im·
1870 1830 1873 1846 ²

422 1913 602 1966 putetur
625 1904 822 1962 ingenio,
854 1920 987 1965 quam
1011 1904 1250 1965 apostolico
1278 1906 1496 1965 dogmati,
1528 1922 1577 1951 ea
1597 1923 1696 1967 quae
1715 1907 1818 1953 huic
1867 1915 1873 1966 j

423 1976 521 2022 loco
536 1975 731 2030 addidit,
758 1975 999 2021 audiamus.
1028 1994 1048 2018 «
1070 1980 1158 2021 Lex
1176 1986 1322 2022 autem
1335 1978 1600 2022 subintravit
1617 2013 1627 2033 ,
1652 1978 1815 2038 inquit,
1872 1999 1873 2019 ;

427 2066 448 2091 »
475 2056 526 2091 ut
543 2046 787 2091 abundaret
803 2047 1010 2092 delictum
1031 2066 1039 2093 :
1058 2047 1136 2092 ubi
1152 2057 1299 2093 aute-m
1317 2050 1555 2094 abundavit
1572 2059 1816 2110 peccatum,

430 2136 451 2160 »
477 2116 852 2177 superabundavit
880 2118 1038 2177 gratia;
1072 2127 1122 2162 ut
1157 2119 1268 2164 sicut
1297 2120 1494 2178 regnavit
1520 2130 1746 2180 peccatum
1775 2121 1819 2164 in
1872 2121 1874 2162 ζ

430 2205 452 2230 »
476 2197 688 2243 mortem,
718 2188 778 2232 ita
806 2197 850 2233 et
878 2189 1013 2248 gratia
1040 2199 1191 2248 regnet
1223 2205 1300 2250 per
1328 2191 1563 2251 justitiam,
1604 2192 1650 2235 in
1687 2191 1818 2236 vitam
1872 2227 1873 2231 ¹

430 2278 451 2302 »
477 2267 706 2314 aeternam,
732 2274 809 2318 per
836 2262 985 2305 Jesum
1015 2261 1235 2306 Christum
1261 2263 1496 2307 Dominum
1530 2267 1771 2308 nostrum2.
1797 2281 1815 2304 »

428 2333 581 2374 Assere
599 2329 733 2388 igitur
755 2331 1127 2389 quemadmodum
1145 2342 1372 2391 peccatum
1392 2342 1540 2389 tuum,
1565 2333 1610 2378 id
1628 2343 1717 2388 est,
1737 2342 1822 2378 tra·
1871 2360 1874 2374 .·

430 2401 552 2447 ducis
568 2435 579 2457 ,
611 2402 793 2460 coeperit
819 2400 1042 2446 abundare
1068 2411 1165 2461 post
1187 2402 1354 2462 legem,
1380 2420 1478 2464 quae
1500 2413 1598 2464 post
1626 2405 1821 2450 ministe-
1871 2431 1874 2437 ,

429 2474 542 2517 rium
563 2472 702 2530 Moysi
718 2472 985 2517 incrementa
1004 2474 1254 2533 susceperit.
1283 2493 1303 2515 »

490 2545 783 2589 Anousrmus.
818 2546 913 2589 Imo
944 2552 992 2588 tu
1016 2557 1181 2598 assere,
1214 2543 1460 2605 quomodo,
1485 2545 1598 2591 sicut
1624 2547 1821 2607 superius

478 2633 488 2652 ¹
508 2637 522 2661 1
542 2628 635 2663 Joan·
654 2638 702 2667 ιιι,
723 2639 755 2672 9.
771 2645 810 2653 -
825 2634 838 2652 ²
859 2629 950 2663 Rom.
971 2637 1003 2667 v,
1025 2638 1068 2664 ἰο
1085 2632 1120 2663 et
1136 2638 1192 2663 21.
