1821 3264
411 267 464 293 DE
494 266 785 293 CORREPTIONE
817 268 868 294 ET
900 267 1072 295 onum.
1416 262 1439 296 ἵ)

113 336 148 377 Ι.
184 336 332 377 anns
351 331 502 376 litteris
518 331 667 375 vestris
681 335 713 381 1,
730 329 960 377 Valentine
976 334 1112 378 frater
1128 333 1432 391 delectissime,

55 413 99 448 et
117 403 192 464 qui
214 402 340 446 simul
358 402 524 447 servitis
539 405 643 457 Deo,
661 417 768 462 quas
786 417 862 462 per
881 402 1059 448 fratrem
1083 405 1262 451 Florum
1276 441 1287 462 ,
1306 416 1350 451 et
1366 423 1438 453 eos

51 475 128 535 qui
149 488 249 518 cum
269 473 344 518 illo
372 472 427 518 ad
448 488 526 517 nos
556 483 795 527 venerunt,
830 474 945 518 misit
964 475 1148 520 charitas
1173 488 1313 522 vestra
1329 513 1341 532 ,
1366 479 1437 538 egi

56 548 144 590 Deo
161 545 330 603 gratias,
351 543 471 604 quod
488 553 674 588 vestram
691 544 735 588 in
754 545 937 589 Domino
953 560 1120 603 pacem,
1141 555 1184 591 et
1201 548 1245 591 in
1263 549 1442 594 veritate

55 615 397 671 consensionem,
419 625 462 660 et
475 616 521 659 in
534 616 743 660 charitate
758 616 1029 674 flagrantiam
1045 627 1189 662 vestro
1201 618 1327 663 nobis
1341 620 1441 664 red-

54 685 147 731 dito
163 702 361 731 sermone
382 686 583 745 cognovi.
605 686 734 739 Quod
756 696 903 731 autem
921 686 974 731 ad
992 687 1317 733 subversionem
1337 706 1445 750 quo-

55 756 253 802 rumdam
277 756 393 817 apud
410 772 484 802 vos
506 756 682 801 molitus
700 766 764 801 est
786 757 1003 812 inimicus,
1031 761 1120 803 Deo
1144 758 1375 805 miserante
1403 771 1447 806 et

54 830 144 890 ejus
165 827 339 873 insidias
355 828 405 877 ,in
422 843 601 873 suorum
623 843 847 873 servorum
870 839 1126 888 provectum
1156 829 1342 874 mirabili
1361 831 1444 876 bo-

54 901 186 945 nitate
204 909 417 956 vertente,
437 899 491 944 ad
514 901 597 944 hoc
613 900 758 960 potius
777 899 932 956 valuit,
951 909 998 944 ut
1016 900 1126 945 nulli
1140 911 1331 946 vestrum
1350 900 1448 947 des-

54 981 301 1016 truerentur
323 972 368 1015 in
390 973 528 1031 pejus,
553 971 628 1015 sed
649 970 849 1016 nonnulli
871 972 1192 1017 instruerentur
1210 973 1255 1016 in
1273 972 1444 1019 melius.

52 1043 149 1087 Non
168 1042 316 1102 itaque
336 1057 445 1101 opus
467 1050 530 1086 est
552 1041 695 1086 omnia
718 1041 957 1086 identidem
976 1052 1223 1097 retractare,
1243 1058 1343 1104 quae
1360 1042 1450 1087 suf-

58 1112 256 1158 ficienter
271 1114 394 1158 vobis
408 1113 538 1173 pleno
555 1113 669 1158 libro
684 1113 903 1174 disputata
922 1115 1233 1160 transmisimus
1245 1117 1261 1140 ²
1282 1135 1292 1161 ι
1314 1130 1447 1177 quem

54 1184 278 1244 quomodo
306 1185 599 1244 susceperitis,
632 1186 835 1245 rescripta
857 1185 1053 1231 indicant
1076 1195 1231 1231 vestra.
1256 1188 1447 1231 Verum—

55 1252 201 1298 tamen
228 1255 361 1299 semel
387 1255 552 1299 lectum
583 1254 706 1300 nullo
734 1256 866 1300 modo
902 1257 1171 1301 arbitremini
1201 1258 1299 1301 satis
1329 1258 1451 1302 vobis

54 1326 322 1370 innotescere
345 1326 550 1384 potuisse.
581 1327 623 1370 Si
640 1341 741 1384 ergo
760 1342 857 1370 eum
882 1326 1273 1372 fructuosissimum
1287 1328 1447 1372 habere

56 1396 199 1451 vultis,
227 1412 330 1450 non,
353 1413 441 1440 non
461 1412 535 1441 vos
556 1397 699 1457 pigeat
717 1396 950 1456 relegendo
970 1398 1132 1441 habere
1154 1398 1445 1455 notissimum,

58 1476 105 1511 ut
127 1466 454 1526 diligentissime
490 1467 630 1512 sciatis
660 1467 820 1527 quibus
844 1476 887 1510 et
914 1466 1118 1527 qualibus
1141 1468 1456 1527 quaestionibus

56 1538 271 1582 solvendis
294 1548 425 1598 atque
447 1538 667 1593 sanandis,
691 1553 781 1582 non
798 1538 859 1581 ibi
882 1539 1088 1593 humana,
1114 1539 1189 1582 sed
1213 1538 1359 1583 divina
1382 1554 1450 1584 oc-

56 1619 200 1654 currat
219 1610 468 1664 auctoritas,
489 1626 511 1653 a
531 1625 617 1670 qua
632 1609 834 1654 recedere
850 1625 939 1654 non
957 1609 1185 1665 debemus,
1200 1610 1233 1654 si
1249 1608 1451 1655 volumus

56 1682 283 1741 pervenire
305 1697 395 1741 quo
413 1681 647 1725 tendimus.

116 1755 175 1797 ΙΙ.
214 1754 425 1798 Dominus
455 1762 599 1797 autem
629 1753 720 1812 ipse
748 1768 836 1797 non
865 1752 1005 1796 solum
1039 1752 1230 1797 ostendit
1257 1752 1407 1807 nobis,
1431 1767 1455 1796 a

56 1839 145 1884 quo
165 1823 278 1868 malo
297 1823 581 1878 declinemus,
605 1832 646 1866 et
667 1822 788 1882 quod
812 1824 976 1867 bonum
995 1822 1220 1878 faciamus,
1243 1825 1363 1883 quod
1383 1838 1453 1868 so-

56 1896 147 1939 lum
171 1904 312 1954 potest
344 1895 450 1953 legis
471 1895 614 1938 littera
636 1913 644 1938 :
664 1910 815 1938 verum
834 1894 963 1938 etiam
982 1896 1160 1954 adjuvat
1184 1910 1277 1948 nOS,
1303 1903 1352 1937 ut
1369 1894 1448 1938 de-

57 1966 268 2010 clinemus
282 1981 305 2009 a
324 1965 452 2020 malo,
473 1974 516 2009 et
537 1964 748 2009 faciamus
772 1966 983 2018 honum³‚
1003 1963 1288 2024 quod‘nullus
1307 1974 1447 2024 potest

57 2037 148 2081 sine
169 2037 321 2097 spiritu
345 2036 493 2095 gratiae
521 2055 530 2080 ε
555 2051 654 2096 quae
672 2035 705 2079 si
723 2035 852 2089 desit,
874 2035 927 2079 ad
944 2035 1028 2080 hoc
1047 2033 1117 2079 lex
1134 2034 1269 2089 adest,
1287 2044 1338 2079 ut
1356 2050 1449 2081 reos

57 2107 187 2153 faciat
208 2117 248 2151 et
265 2107 449 2153 occidat.
473 2110 654 2166 Propter
675 2105 796 2167 quod
818 2106 923 2151 dicit
943 2106 1175 2166 Apostolus
1202 2126 1211 2151 :
1241 2126 1260 2149 «
1287 2107 1449 2152 Littera

62 2197 81 2219 »
103 2179 279 2232 occidit,
298 2179 472 2237 spiritus
494 2187 639 2221 autem
651 2177 879 2222 vivifican*
896 2196 915 2218 »
934 2177 1019 2231 Qui
1033 2193 1134 2235 ergo
1152 2177 1340 2236 legitime
1356 2177 1452 2237 lege

59 2249 211 2304 utitur,
237 2247 362 2292 discit
383 2249 428 2292 in
451 2263 499 2292 ea
518 2246 683 2291 malum
704 2257 747 2292 et
769 2248 953 2303 bonum,
977 2257 1020 2292 et
1044 2263 1133 2292 non
1154 2247 1380 2292 confidens
1403 2248 1449 2292 in

58 2321 218 2366 virtute
239 2336 316 2364 sua
338 2318 538 2377 confugit
560 2319 614 2363 ad
640 2319 835 2376 gratiam,
859 2335 945 2379 qua
968 2328 1201 2379 praestante
1220 2318 1409 2363 declinet
1425 2334 1449 2363 a

62 2390 201 2443 malo,
228 2399 272 2434 et
295 2389 424 2434 faciat
443 2390 625 2433 bonum.
652 2389 758 2442 Quis
781 2399 924 2433 autem
949 2389 1148 2447 confugit
1169 2388 1223 2433 ad
1248 2389 1450 2447 gratiam,

60 2461 140 2504 nisi
161 2476 261 2504 cum
283 2476 306 2504 a
336 2460 520 2505 Domino
554 2475 720 2518 gressus
748 2459 936 2505 hominis
965 2459 1235 2518 diriguntur,
1264 2468 1307 2503 et
1333 2459 1448 2503 viam

109 2563 222 2595 ¹Vide
246 2566 281 2595 D.
303 2563 440 2604 Guillon,
463 2569 539 2595 tom
560 2573 644 2604 xxii,
675 2564 986 2604 pag.17o-189.—
1005 2568 1016 2583 2
1049 2561 1125 2593 Vide
1151 2561 1206 2593 lib
1226 2562 1266 2593 de
1292 2561 1397 2594 Gratia
1418 2564 1449 2591 et

63 2620 163 2652 libero
182 2620 332 2653 Arbitrio.
350 2638 387 2643 ——
408 2618 420 2642 3
444 2619 521 2651 psal
543 2630 650 2654 saiwi,
673 2628 712 2650 2
744 2618 811 2647 -4
831 2627 849 2650 2
869 2620 940 2650 Comi
964 2618 1064 2658 111,ss
