1884 3285
450 315 503 352 92
883 325 916 349 s.
953 321 1181 351 Aneus'nm
1213 323 1392 351 EPISCOPI

446 407 546 435 mox
559 390 727 435 addidit
742 390 862 450 quod
883 389 1110 450 diligenter
1133 390 1462 449 intelligendum
1475 400 1539 435 est
1563 410 1572 436 :
1602 410 1622 433 «
1646 393 1813 437 Secun-
1879 381 1884 411 ἶ

450 480 469 501 »
494 461 599 504 dum
615 460 894 518 Evangelium
910 461 1086 521 quidem
1103 462 1263 506 inimici
1278 470 1454 521 propter
1466 476 1556 515 vos,
1577 464 1816 509 secundum

451 549 469 571 υ
494 530 749 575 electionem
770 540 915 574 autem
936 530 1081 575 dilecti
1111 541 1285 591 propter
1309 540 1448 590 patres
1478 533 1508 574 ¹.
1537 550 1556 572 »
1585 533 1700 586 Quid
1720 543 1784 579 est
1804 570 1815 590 ‚

447 620 467 643 »
497 601 743 646 Secundum
767 601 1051 660 Evangelium
1073 601 1246 661 quidem
1270 602 1431 646 inimici
1459 612 1635 663 propter
1656 606 1738 649 vos'
1760 624 1769 650 ε
1795 624 1815 647 »

444 674 557 728 nisi,
592 673 698 733 quid
730 688 878 717 eorum
917 673 1139 717 inimicitia
1177 689 1260 733 qua
1285 674 1538 718 occiderunt
1571 675 1816 731 Christum,

444 743 677 801 Evangelio
697 778 708 797 ,
734 743 844 787 sicut
865 743 1062 787 videmus
1079 778 1089 798 ‚
1111 744 1199 787 sine
1221 744 1492 788 dubitatione
1517 744 1701 803 profecit
1723 747 1742 789 Ξ)
1764 749 1820 791 Et

444 815 526 858 hoc
559 814 746 858 ostendit
768 829 818 857 ex
850 814 925 858 Dei
957 815 1234 873 dispositione
1263 815 1456 870 venisse,
1494 815 1571 875 qui
1607 816 1716 859 bene
1755 817 1818 861 uti

444 885 564 929 novit
582 885 710 929 etiam
729 885 852 928 malis
874 905 882 929 :
909 900 997 928 non
1017 894 1066 930 ut
1082 885 1120 929 ei
1135 886 1298 945 prosint
1315 901 1412 929 vasa
1436 886 1509 928 irae
1530 921 1540 941 ‚
1561 886 1636 930 sed
1658 895 1708 931 ut
1727 888 1819 946 ipso

443 954 524 999 illis
543 956 653 999 bene
680 965 856 1010 utente,
883 956 1049 1015 prosint
1081 956 1189 1000 vasis
1210 954 1530 1000 misericordiae.
1565 956 1683 1010 Quid
1704 958 1819 1001 enim

445 1029 634 1086 apertius
657 1027 741 1072 dici
762 1028 917 1087 potuit,
940 1043 1068 1087 quam
1095 1027 1140 1071 id
1160 1026 1279 1087 quod
1302 1027 1465 1072 dictum
1488 1037 1551 1071 est
1570 1047 1579 1072 :
1609 1047 1629 1070 «
1657 1030 1822 1073 Secun-

447 1117 466 1139 »
494 1098 599 1142 dum
628 1098 912 1157 Evangelium
943 1098 1118 1158 quidem
1140 1099 1303 1143 inimici
1332 1108 1509 1159 propter
1541 1114 1616 1143 vos
1645 1101 1663 1142 Ξ)
1694 1118 1712 1139 n
1746 1102 1822 1144 Est

444 1185 547 1229 ergo
581 1170 625 1213 in
648 1169 859 1214 malorum
882 1178 1093 1229 potestate
1121 1185 1300 1228 peccare
1321 1189 1330 1214 :
1356 1180 1405 1213 ut
1427 1179 1571 1214 autem
1600 1172 1821 1229 peccando

444 1241 525 1283 hoc
543 1239 614 1283 illa
644 1239 806 1283 malitia
829 1240 989 1283 faciant
1005 1275 1015 1294 ,
1037 1255 1125 1283 non
1157 1249 1219 1283 est
1242 1239 1286 1282 in
1314 1255 1464 1284 eorum
1487 1249 1722 1299 potestate,
1747 1242 1821 1286 sed

443 1311 519 1352 Dei
542 1309 771 1354 dividentis
800 1310 999 1353 tenebras
1023 1319 1064 1353 et
1087 1309 1325 1354 ordinantis
1359 1326 1456 1367 eas3
1496 1320 1544 1355 ut
1566 1312 1665 1356 hinc
1693 1313 1821 1356 etiarn

441 1379 559 1439 quod
583 1382 750 1425 faciunt
777 1390 928 1425 contra
950 1380 1219 1425 voluntatem
1242 1381 1343 1436 Dei,
1370 1397 1457 1425 non
1486 1381 1715 1441 impleatur
1741 1383 1822 1426 nisi

443 1451 641 1495 voluntas
675 1453 766 1495 Dei.
806 1452 1008 1509 Legimus
1038 1453 1082 1494 in
1116 1452 1296 1496 Actibus
1330 1452 1666 1510 Apostolorum,
1703 1451 1819 1512 quod

442 1537 542 1565 cum
565 1522 727 1566 dimissi
750 1538 773 1565 a
795 1522 957 1565 Judaeis
979 1522 1171 1581 Apostoli
1191 1523 1403 1567 venissent
1428 1523 1482 1566 ad
1503 1539 1617 1578 suos,
1638 1532 1681 1567 et
1702 1522 1819 1567 indi-

441 1603 607 1637 cassent
629 1602 788 1652 quanta
811 1594 868 1636 eis
891 1593 1130 1637 sacerdotes
1152 1603 1194 1637 et
1216 1594 1401 1637 seniores
1422 1595 1622 1638 dixerunt
1637 1598 1653 1621 ‘²
1671 1616 1682 1652 3
1701 1594 1819 1638 leva-

440 1675 597 1706 verunt
621 1662 681 1706 illi
704 1679 853 1707 vocem
877 1664 1101 1707 unanimes
1116 1680 1266 1709 omnes
1283 1664 1337 1708 ad
1361 1666 1613 1721 Dominum,
1635 1675 1677 1710 ct
1698 1666 1820 1709 dixe-

441 1743 543 1777 runt
580 1753 587 1776 :
623 1753 642 1774 «
667 1734 875 1788 Domine,
904 1743 949 1777 tu
973 1749 1016 1778 es
1043 1735 1118 1794 qui
1150 1733 1288 1778 fecisti
1310 1735 1470 1779 coelum
1495 1744 1538 1778 et
1568 1745 1724 1779 terram
1746 1770 1757 1790 ,
1778 1745 1821 1780 et

439 1819 582 1858 mare,
608 1813 650 1847 et
677 1804 820 1847 omnia
839 1805 998 1864 quaein
1014 1806 1071 1848 eis
1093 1814 1221 1859 sunt,
1247 1807 1323 1865 qui
1347 1821 1423 1865 per
1450 1822 1495 1850 os
1524 1806 1654 1865 patris
1681 1808 1819 1850 nostri

440 1876 577 1919 David
607 1910 618 1929 ,
646 1877 781 1919 sancti
815 1877 937 1934 pueri
972 1877 1036 1920 tui
1061 1911 1072 1931 ,
1109 1875 1251 1920 dixisti
1284 1896 1292 1921 ε
1324 1896 1343 1918 «
1374 1879 1517 1930 Quare
1548 1876 1819 1922 fremuerunt

443 1966 459 1986 »
488 1955 650 2004 gentes,
672 1947 877 2006 etpopuli
898 1946 1092 1991 meditati
1115 1957 1218 1991 sunt,
1233 1949 1378 1992 inania
1394 1969 1405 2005 3
1423 1948 1683 1992 adstiterunt
1700 1962 1819 2007 reges

440 2035 459 2057 »
485 2026 634 2070 terrae,
670 2025 713 2059 et
747 2017 961 2076 principes
994 2027 1293 2061 convenerunt
1330 2018 1373 2061 in
1407 2034 1545 2061 unum
1565 2054 1575 2073 ,
1613 2019 1819 2063 adversus

440 2104 459 2126 »
485 2087 718 2130 Dominum
738 2096 780 2130 et
801 2085 1003 2130 adversus
1023 2088 1242 2132 Christum
1267 2089 1357 2148 ejus
1376 2090 1391 2114 3
1414 2091 1431 2132 Ρ
1459 2108 1478 2129 »
1507 2091 1818 2133 Convenerunt

439 2158 553 2200 enim
570 2159 614 2200 in
631 2157 827 2210 veritate,
839 2158 882 2200 in
897 2158 1069 2202 civitate
1089 2159 1185 2213 ista,
1202 2160 1404 2203 adversus
1425 2169 1619 2204 sanctum
1634 2175 1815 2220 puerum

444 2238 564 2271 tuum
587 2230 733 2271 Jesum
752 2244 880 2288 quem
907 2229 1082 2284 unxisti,
1107 2231 1298 2274 Herodes
1320 2240 1363 2275 et
1386 2232 1546 2276 Pilatus
1566 2241 1608 2276 et
1631 2231 1817 2291 populus

443 2297 588 2352 Israel,
610 2298 748 2342 facere
771 2309 932 2358 quanta
955 2315 1106 2344 manus
1129 2310 1201 2344 tua
1224 2311 1265 2345 et
1289 2300 1515 2346 consilium
1541 2301 1817 2360 praedestina-

440 2369 500 2411 vit
518 2370 622 2412 fieri.
652 2388 669 2409 »
696 2372 808 2414 Ecce
831 2369 950 2429 quod
973 2369 1138 2414 dictum
1167 2380 1229 2415 est
1258 2391 1266 2415 :
1293 2392 1313 2413 «
1341 2372 1590 2416 Secundum
1614 2374 1814 2430 Evange—

444 2459 462 2480 »
487 2439 594 2482 lium
623 2440 799 2499 quidem
833 2440 991 2484 inimici
1021 2450 1196 2500 propter
1230 2444 1350 2486 vos4.
1368 2461 1386 2484 υ
1412 2446 1546 2487 Tanta
1569 2443 1731 2503 quippe
1759 2444 1814 2487 ab

440 2511 618 2554 inimicis
636 2510 796 2554 ludaeis
813 2527 964 2555 manus
978 2513 1051 2555 Dei
1070 2521 1111 2555 ct
1122 2513 1348 2556 eonsilium
1364 2513 1685 2572 praedestinavit
1702 2514 1810 2568 fieri,

440 2590 603 2639 quanta
635 2582 869 2626 necessaria
906 2581 1084 2626 fuerunt
1115 2580 1352 2642 Evangelio
1388 2593 1562 2643 propter
1592 2599 1685 2629 nos.
1730 2585 1813 2629 Sed

490 2672 498 2689 ¹
517 2668 606 2698 Rom.
627 2679 669 2709 xi,
689 2668 741 2700 28,
759 2685 798 2691 -
813 2675 826 2690 ²
845 2670 914 2700 Act.
945 2680 986 2709 iv,
1007 2668 1046 2710 24
1064 2673 1095 2700 et
1114 2680 1198 2712 seqq.
1212 2687 1250 2692 —
1270 2668 1375 2701 3Psal.
1398 2680 1432 2711 ιι,
1456 2682 1482 2701 1.
1497 2668 1565 2699 —4
1585 2672 1675 2704 Rom.
1693 2681 1736 2711 xi,
1755 2672 1808 2702 28.
