1821 3264
263 245 407 274 opums
438 245 613 274 mezur.
647 243 810 273 CONTRA
843 246 1012 276 suman.
1048 250 1130 276 Lm.
1167 250 1198 276 1.
1337 239 1424 279 299

43 311 177 358 sedin
199 311 392 356 moribus
406 325 495 355 esse
512 309 759 355 distantiam
780 331 790 367 3
809 320 859 356 ut
876 327 919 356 se
940 312 1002 356 illi
1016 323 1300 372 agnoscerent
1314 348 1325 369 ,
1343 315 1424 359 nisi

0 387 1 392 ’
43 382 191 429 fideles
207 397 296 426 esse
313 390 547 436 curassent,
568 380 687 425 nulla
705 383 988 440 praerogativa
1005 384 1242 428 circumcisi
1257 386 1423 443 generis

39 451 323 498 ‚vindicandos
342 471 350 497 z
371 453 404 496 si
427 453 602 512 quidem
621 452 756 496 Jacob
779 461 822 496 et
839 454 952 497 Esaii
977 470 1062 498 una
1079 456 1251 499 seminis
1268 470 1424 515 excep-

42 524 160 568 tione
174 523 373 581 concepti
390 559 400 576 ‚
422 534 461 567 et
478 538 562 566 una
577 522 619 567 vi
639 523 841 580 parientis
859 523 1007 579 effusi,
1029 524 1217 570 diversos
1239 526 1423 571 nimium

3 595 7 607 ’
42 594 180 640 exitus
197 609 275 653 pro
299 594 551 638 meritorum
573 592 820 637 diversitate
843 594 1112 654 pertulerint.
1143 614 1162 636 »

98 667 390 709 Anausmns.
434 666 475 709 Si
515 663 754 708 secundum
792 665 1049 723 Apostolum
1087 680 1256 725 saperes
1277 700 1287 719 ,
1334 682 1423 710 non

40 751 398 782 commemorares
422 737 504 781 hoc
527 735 623 781 loco
645 736 796 780 merita
821 737 957 782 Jacob
973 772 983 791 ,
1009 737 1086 781 ubi
1107 752 1207 780 eum
1229 737 1335 781 dicit
1352 735 1425 780 ille

0 852 2 856 ,
39 822 127 852 non
146 822 196 850 ex
212 809 416 866 operibus
437 806 567 850 fuisse
589 805 822 863 dilectum,
848 816 897 851 ut
919 807 1097 865 gratiam
1121 807 1421 862 commendet,

0 897 1 940 }
39 893 138 937 quae
159 893 248 922 non
265 879 505 921 secundum
529 878 679 921 merita
705 887 852 921 nostra
873 877 1025 921 datur¹
1055 897 1064 922 2
1090 878 1283 938 alioquin
1306 893 1423 922 mer-

38 964 106 995 ces
127 965 217 994 non
232 950 499 1008 imputatur,
523 949 740 1008 sicutipse
763 950 895 1004 dicit,
919 950 1162 993 secundum
1186 950 1421 1007 gratiam,

37 1019 110 1064 sed
132 1020 373 1065 secundum
391 1021 604 1065 debitum.
631 1021 800 1074 Quibus
818 1022 960 1065 verbis
981 1021 1089 1081 quid
1111 1020 1322 1075 ostendit,
1344 1021 1425 1064 nisi

37 1091 218 1150 gratiam
249 1106 339 1134 non
367 1106 457 1135 esse
484 1091 699 1146 debitam,
732 1092 807 1135 sed
829 1093 1087 1149 gratuitam?
1122 1094 1245 1135 Hanc
1276 1091 1424 1151 itaque

35 1162 371 1206 commendabat
384 1197 394 1215 ,
417 1161 492 1205 ubi
510 1161 682 1206 dicebat
702 1180 711 1206 ι
739 1180 759 1204 «
779 1164 890 1206 Cum
909 1163 1024 1205 enim
1042 1163 1240 1206 nondum
1258 1162 1347 1206 nati
1364 1177 1450 1205 es·-

42 1253 58 1274 »
84 1242 201 1287 sent,
228 1249 371 1292 neque
399 1234 583 1291 egissent
613 1233 780 1292 aliquid
806 1234 909 1277 boni
931 1243 1006 1277 aut
1033 1232 1162 1286 mali,
1188 1241 1239 1276 ut
1265 1248 1424 1277 secun-

39 1321 58 1345 »
85 1303 191 1347 dum
208 1303 464 1347 electionem
491 1304 760 1362 propositum
786 1304 860 1348 Dei
887 1314 1105 1359 maneret,
1131 1320 1222 1348 non
1243 1319 1294 1348 ex
1314 1319 1422 1363 ope-

38 1391 57 1415 »
83 1373 228 1428 ribus,
259 1373 335 1417 sed
363 1389 413 1417 ex
441 1383 624 1418 vocante
655 1373 821 1418 dictum
853 1384 939 1430 est,
970 1376 1072 1435 quia
1102 1376 1238 1434 major
1267 1375 1423 1419 serviet

39 1462 58 1486 »
83 1444 282 1488 minori3.
312 1463 331 1485 »
357 1443 482 1489 Clara
510 1454 611 1488 sunt
643 1461 742 1504 quae
774 1445 1005 1489 obscurare
1036 1446 1204 1490 conaris
1233 1464 1242 1490 ι
1278 1444 1423 1489 fumos

35 1514 163 1569 tolle,
192 1515 510 1573 Scripturarum
534 1514 676 1558 lucem
703 1514 895 1559 attende.
923 1516 1066 1559 Gratia
1088 1516 1251 1575 quippe
1279 1515 1424 1559 homi-

33 1600 131 1629 nem
156 1585 391 1643 praevenit,
418 1594 466 1628 ut
493 1584 644 1644 diligat
666 1588 825 1640 Deum,
848 1602 933 1646 qua
958 1586 1192 1630 dilectione
1219 1580 1425 1645 operetur

33 1656 160 1700 bona.
200 1655 330 1709 Quod
359 1665 402 1699 et
437 1659 625 1700 Joannes
652 1656 872 1715 apostolus
902 1657 1170 1716 apertissime
1199 1657 1390 1702 ostendit
1409 1692 1420 1713 ,

32 1726 111 1771 ubi
138 1727 198 1770 ait
213 1760 223 1780 ,
263 1745 282 1767 «
309 1729 394 1771 Nos
418 1725 649 1785 diligamus
667 1761 677 1780 ,
703 1727 911 1785 quoniam
935 1728 1052 1786 prior
1073 1727 1223 1771 dilexit
1245 1743 1323 1771 nos
1338 1729 1370 1771 4.
1399 1746 1419 1769 »

32 1799 129 1843 Non
151 1813 254 1856 ergo
275 1797 498 1856 diligimur
515 1833 525 1853 ,
552 1798 654 1857 quia
676 1797 933 1855 dileximus,
953 1798 1028 1842 sed
1051 1798 1153 1857 quia
1177 1799 1323 1842 dilecti
1346 1814 1422 1842 su-

31 1882 128 1912 mus
150 1868 395 1925 diligamus

89 1940 313 1985 CXXXII.
348 1941 372 1982 J
379 1956 575 1983 numus.
613 1957 632 1980 «
657 1938 772 1982 Esaii
796 1939 911 1982 enim
937 1938 1147 1998 profanus
1169 1948 1211 1983 et
1233 1938 1422 1983 fornica-

31 2018 99 2054 tor
114 2044 126 2065 ,
154 2018 328 2069 propter
347 2025 476 2053 unam
497 2024 636 2053 escam
656 2009 848 2053 vendens
867 2010 1083 2068 primitiva
1102 2025 1177 2053 sua
1191 2045 1201 2064 ,
1222 2010 1422 2069 quaesivit

31 2080 379 2124 benedictionem
405 2096 534 2139 quam
559 2089 801 2139 spreverat,
834 2096 914 2125 nec
935 2080 1117 2140 adeptus
1145 2090 1236 2136 est,
1262 2096 1418 2141 quam-

31 2167 163 2211 quam
178 2166 272 2195 eam
284 2166 385 2195 cum
398 2150 600 2208 lacrymis
612 2152 893 2210 poposcisset⁵
912 2171 920 2196 :
939 2152 1075 2196 Jacob
1090 2161 1234 2196 autem
1248 2153 1422 2211 quietus

31 2230 74 2266 et
88 2222 220 2276 mitis,
241 2221 448 2265 obediens
462 2231 692 2280 parentum
713 2223 955 2281 praeceptis,
972 2233 1015 2266 et
1029 2223 1422 2267 sanctificationum

31 2293 436 2353 appetentissimus,
469 2292 523 2336 ad
557 2293 639 2336 hoc
672 2308 811 2351 usque
842 2302 1071 2352 provectus
1106 2303 1190 2347 est,
1229 2302 1278 2337 ut
1311 2295 1421 2337 sicut

31 2365 219 2408 Abrahae
248 2372 291 2407 et
315 2367 430 2408 Isaac
449 2399 460 2421 ,
495 2365 551 2408 ita
579 2365 709 2407 etiam
741 2374 784 2409 et
805 2365 941 2409 Jacob
967 2369 1079 2408 Deus
1100 2366 1146 2408 in
1171 2374 1319 2409 sancto
1341 2380 1421 2423 po-

31 2434 136 2495 pulo
160 2435 391 2479 diceretur.
421 2437 531 2479 Cum
562 2435 696 2493 igitur
724 2436 927 2479 omnibus
947 2445 1162 2479 constaret
1184 2434 1416 2494 exemplis,

81 2541 90 2557 ¹
109 2539 200 2570 Rom.
219 2547 266 2574 ιι,
289 2545 339 2568 12.
357 2553 398 2561 --
415 2545 427 2560 ²
447 2537 494 2569 Id.
514 2548 559 2577 iv,
585 2535 830 2578 4.—-31d.=x,
854 2549 887 2570 ιι
907 2543 939 2569 et
956 2548 1094 2579 seqq.-
1109 2535 1125 2567 4
1139 2539 1231 2571 Joan.
1248 2547 1294 2575 iv,
1312 2548 1364 2579 ¹9-
1378 2552 1417 2560 --
1450 2559 1457 2566 -

33 2591 47 2615 5
64 2592 162 2625 Hebr.
184 2604 240 2633 xii,
263 2593 312 2625 16.
