1884 3285
440 258 522 297 268
852 264 884 291 s.
923 263 1154 292 Amet-svm
1187 265 1371 292 muscorr

439 349 526 377 non
543 347 619 392 per
642 330 844 390 adjutorii
865 345 1020 388 genera
1045 340 1119 374 aut
1140 329 1376 374 fabricetur
1397 344 1496 388 quae
1510 327 1642 374 fuerit
1656 330 1822 377 arbitrii
1882 341 1884 358 ³

436 402 655 446 destructa
676 402 869 454 libertas,
901 409 976 444 aut
995 399 1231 460 aliquando
1254 415 1301 443 ea
1326 399 1511 454 exclusa,
1538 399 1607 443 vel
1630 401 1734 445 boni
1754 402 1823 448 vel
1882 412 1884 416 ’

435 473 536 517 mali
570 474 773 532 cuiquam
800 473 1027 516 necessitas
1049 473 1250 515 credatur
1271 471 1524 515 incumbere
1550 486 1733 529 3verum
1755 487 1822 518 ar·
1852 491 1855 495 ’
1882 483 1884 487 “

435 543 564 587 bitrio
582 541 719 586 libero
743 557 872 586 omne
893 542 1157 602 adjutorium
1175 549 1447 600 cooperatur.
1476 558 1497 582 »
1811 552 1814 560 ²

493 617 784 658 Accnswms.
822 613 864 657 Si
900 629 987 657 non
1017 614 1253 672 praevenit,
1279 621 1326 656 ut
1359 620 1563 671 operetur
1584 626 1706 666 eam,
1747 612 1823 659 sed

433 684 554 742 prius
598 683 795 727 existenti
836 683 1051 726 voluntati
1090 683 1223 740 gratia
1263 690 1523 742 cooperatur
1555 703 1566 740 3
1601 683 1823 743 quomodo
1859 681 1861 686 ⁴

431 769 581 797 verum
603 763 681 808 est,
708 756 820 796 Deus
841 754 888 796 in
917 753 1039 797 vobis
1062 763 1266 812 operatur
1301 762 1343 796 et
1376 752 1488 796 velle
1513 755 1525 778 ¹
1554 752 1822 806 PQuomodo
1849 763 1855 816 ξ

429 833 700 884 praeparatur
727 823 930 868 voluntas
954 840 975 868 a
1005 824 1191 868 Domino
1213 826 1229 848 ²
1258 826 1275 867 P
1307 822 1540 876 Quomodo
1565 823 1750 867 charitas
1772 838 1822 868 ex

430 898 520 939 Deo
548 904 628 950 est,
645 910 746 954 quae
769 895 858 939 sola
878 895 974 939 vult
996 896 1248 940 beatificum
1272 896 1436 940 bonum
1455 896 1469 920 3
1493 897 1511 938 Ρ
1533 897 1620 939 Aut
1641 895 1676 938 si
1693 894 1823 939 scien·
1851 897 1857 951 ξ

429 966 489 1010 tia
515 966 640 1025 Legis
671 975 713 1010 et
745 965 969 1026 eloquium
999 967 1076 1010 Dei
1100 967 1352 1010 charitatem
1382 975 1584 1025 operatur
1613 966 1659 1009 in
1678 965 1819 1021 nobis,

425 1044 476 1080 ut
492 1051 581 1080 non
590 1051 667 1095 per
680 1035 847 1080 donum
865 1036 957 1090 Dei,
970 1036 1045 1080 sed
1067 1051 1142 1095 per
1160 1045 1318 1080 nostrae
1335 1036 1573 1080 voluntatis
1587 1035 1821 1080 arbitrium

428 1106 676 1165 diligamus,
702 1105 822 1166 quod
853 1121 942 1150 esse
967 1106 1240 1164 diligendum
1265 1109 1354 1150 Deo
1377 1105 1562 1149 docente
1591 1106 1821 1165 cognosci-
1861 1096 1863 1098 .

424 1193 544 1231 mus,
571 1176 793 1236 quomodo
820 1192 884 1221 res
916 1177 1058 1221 minor
1080 1192 1130 1220 ex
1158 1180 1247 1221 Deo
1267 1176 1392 1221 nobis
1425 1185 1513 1232 est,
1541 1186 1585 1221 et
1608 1179 1745 1235 major
1767 1191 1819 1221 ex
1862 1184 1863 1189 ’

426 1247 550 1290 nobis
565 1249 582 1290 Ρ
597 1247 698 1306 quia
716 1247 806 1290 sine
831 1250 918 1290 Deo
940 1247 1132 1291 donante
1153 1247 1391 1302 scientiam,
1417 1248 1500 1291 hoc
1517 1255 1596 1302 est,
1613 1246 1815 1303 docente,

426 1331 549 1360 nosse
579 1332 666 1364 non
693 1332 921 1376 possumus
948 1337 958 1373 3
985 1316 1061 1361 illo
1093 1326 1238 1361 autem
1265 1318 1520 1361 charitatem
1544 1333 1642 1376 quae
1667 1332 1818 1377 super-

425 1387 562 1430 minet
590 1387 797 1442 scientiae,
831 1403 920 1431 non
950 1388 1143 1431 donante
1165 1423 1175 1442 ,
1211 1387 1390 1446 diligere
1424 1403 1651 1446 possumus
1681 1389 1713 1431 ⁴².
1749 1388 1817 1433 Sic

424 1473 513 1501 non
535 1460 709 1517 sapiunt
730 1493 741 1513 ,
766 1459 847 1502 nisi
876 1459 978 1502 novi
1003 1459 1196 1502 haeretici
1228 1468 1270 1502 et
1300 1459 1448 1517 gratiae
1481 1460 1559 1503 Dei
1582 1459 1709 1504 nimis
1731 1459 1817 1504 ini—

425 1529 542 1572 mici.

486 1600 645 1644 XCVI.
691 1602 918 1644 ermns.
970 1620 988 1642 «
1038 1603 1131 1645 Hoc
1170 1615 1272 1658 ergo
1321 1600 1547 1644 arbitrium
1590 1600 1776 1645 liberum
1799 1636 1811 1656 ,

422 1679 599 1728 propter
615 1672 733 1729 quod
755 1670 893 1714 solum
914 1686 992 1714 nos
1015 1670 1279 1715 manifestari
1305 1679 1405 1714 ante
1428 1670 1620 1714 tribunal
1634 1671 1810 1726 Christi,

422 1740 624 1797 Magister
662 1741 855 1799 gentium
896 1741 1044 1785 scribit
1075 1743 1088 1767 ⁵
1115 1776 1125 1793 ,
1162 1750 1212 1784 nt
1247 1750 1467 1799 reportet,
1514 1742 1814 1801 unusquisque

1866 2143 1871 2231 l

1867 2281 1872 2319 l

421 1810 592 1867 propria
615 1810 827 1868 corporis,
855 1819 984 1870 prout
1007 1811 1158 1868 gessit,
1185 1811 1274 1854 sive
1293 1810 1455 1854 bonum
1470 1845 1480 1864 ,
1507 1810 1596 1854 sive
1617 1810 1781 1855 malum
1797 1845 1809 1866 ‚

421 1879 530 1923 sicut
547 1879 751 1924 catholici
766 1881 946 1940 quidem
968 1882 1234 1925 confitentur
1251 1902 1261 1938 3
1288 1882 1345 1925 ita
1359 1897 1436 1925 vos
1449 1897 1538 1925 non
1556 1881 1695 1926 solum
1711 1897 1811 1926 cum

422 1951 664 1995 Manichaeo
681 1987 692 2006 ,
716 1951 789 1995 sed
819 1952 948 1995 etiam
970 1968 1069 1996 cum
1094 1953 1340 2006 Joviniano,
1368 1968 1500 2012 quem
1530 1953 1654 1997 nobis
1679 1953 1811 1997 audes

421 2021 680 2078 impingere,
713 2021 884 2065 diverso
912 2022 1088 2081 quidem
1124 2037 1299 2079 genere,
1333 2023 1407 2065 sed
1431 2022 1651 2080 impietate
1684 2022 1811 2066 simili

421 2089 657 2148 denegatis.
685 2091 815 2143 Quod
849 2100 896 2134 ut
931 2091 1101 2150 planius
1128 2092 1233 2146 fiat,
1262 2091 1523 2135 divisionum
1553 2091 1812 2136 adhibeatur

421 2175 616 2204 examen.
632 2165 718 2207 Nos
738 2162 921 2206 dicimus
939 2172 1117 2222 peccato
1138 2163 1445 2217 hominis,non
1459 2172 1627 2207 naturae
1648 2172 1809 2207 statum

421 2232 594 2285 mutari,
612 2233 688 2275 sed
711 2234 851 2276 meriti
878 2233 1131 2292 qualitatem
1154 2234 1225 2291 ,id
1247 2243 1325 2287 est,
1351 2243 1394 2278 et
1410 2235 1455 2277 in
1472 2243 1680 2293 peccante
1696 2234 1809 2278 hanc

420 2316 509 2345 esse
532 2301 657 2345 liberi
680 2303 842 2346 arbitrii
868 2312 1096 2358 naturam,
1131 2319 1207 2362 per
1241 2320 1371 2363 quam
1405 2313 1545 2362 potest
1574 2321 1596 2348 a
1629 2313 1808 2363 peccato

419 2371 630 2426 desinere,
664 2388 763 2431 quae
785 2372 870 2417 fuit
893 2373 936 2417 in
955 2389 1006 2417 eo
1033 2383 1083 2417 ut
1104 2384 1246 2432 posset
1268 2389 1291 2417 a
1320 2374 1481 2432 justitia
1514 2374 1700 2418 deviare.
1723 2392 1744 2416 »
1880 2378 1884 2427 Ι,

480 2446 768 2487 Amrsrrmfs.
805 2443 971 2488 Scimus
995 2459 1070 2487 vos
1099 2443 1198 2487 ideo
1224 2443 1389 2498 dicere,
1415 2453 1592 2502 peccato
1620 2445 1806 2490 hominis

467 2550 475 2563 ¹
496 2543 607 2587 Philip.
628 2557 662 2586 ιι,
698 2546 746 2578 13.
763 2563 804 2569 -
821 2553 832 2568 ²
869 2548 960 2578 Prov.
986 2557 1056 2587 vm,
1078 2545 1131 2586 35,
1158 2547 1249 2586 juxta
1268 2548 1364 2578 Lxx.
1383 2563 1422 2568 —-
1443 2544 1456 2568 3
1478 2558 1491 2579 1
1515 2548 1606 2579 Joan.
1636 2558 1682 2584 iv,
1711 2558 1742 2588 7.
1762 2564 1803 2570 —

420 2598 435 2623 ⁶
455 2599 636 2643 Ephes.1n,
659 2613 708 2644 19.
725 2620 765 2626 -
787 2601 801 2626 ⁵
823 2612 841 2636 2
859 2605 931 2636 Cor.
950 2614 982 2641 v,
1004 2614 1054 2635 ιο.
