1884 3285
448 256 532 296 266
872 259 905 288 s.
942 259 1174 290 Avensa-1³11
1204 260 1387 288 Emsoom

450 349 470 371 »
495 328 604 372 filios
625 326 702 370 Dei
723 325 857 369 fieri¹.
880 342 900 365 »
921 326 976 368 Et
999 323 1100 366 item
1120 332 1216 382 post
1237 322 1474 367 modicum.
1498 339 1520 363 »
1541 324 1678 366 Datur
1705 337 1824 382 ergo,

445 398 613 456 inquis,
642 403 829 453 potestas
847 402 896 437 ut
918 391 996 436 filii
1019 393 1093 436 Dei
1111 394 1232 447 fiant,
1257 392 1332 452 qui
1352 391 1539 436 credunt
1555 406 1655 435 eum
1665 394 1699 435 ².
1722 394 1829 446 Quae

446 475 634 527 potestas
649 500 660 520 ,
683 464 763 508 nisi
784 463 913 507 detur
932 479 954 506 a
980 466 1086 516 Deo,
1111 462 1228 506 nulla
1252 477 1341 506 esse
1363 471 1505 522 potest
1530 476 1582 504 ex
1600 457 1739 506 libero
1760 477 1829 509 ar-

446 537 576 582 bitrio
595 555 603 581 :
630 535 731 595 quia
754 550 834 579 nec
853 534 1039 578 liberum
1063 534 1107 578 in
1127 534 1243 578 bono
1265 534 1360 585 erit,
1387 532 1506 592 quod
1518 532 1724 577 liberator
1740 547 1830 578 non
1881 543 1884 547 ’

444 607 693 652 liberaverit
720 625 728 650 :
761 604 837 649 sed
869 604 913 648 in
948 603 1062 648 malo
1096 603 1282 648 liberum
1309 603 1442 647 habet
1470 602 1721 657 arbitrium,
1760 603 1831 649 cui

443 676 778 721 delectationem
803 673 978 718 malitiae
1000 673 1069 718 vel
1091 673 1286 719 occultus
1305 674 1373 718 vel
1394 672 1649 717 manifestus
1672 671 1843 732 decep-'

442 756 511 791 tor
541 747 719 800 insevit,
752 744 823 789 vel
857 744 937 788 sibi
969 745 1059 803 ipse
1079 746 1298 804 persuasit.
1323 747 1418 788 Non
1437 744 1601 803 itaque,
1626 742 1738 786 sicut
1758 741 1830 787 di-

443 826 549 862 cunt
572 832 650 860 nos
683 814 863 875 quidam
887 813 1052 870 dicere,
1087 825 1130 860 et
1154 816 1232 859 iste
1264 815 1376 859 aude
1404 809 1580 872 insuper
1615 812 1825 868 scribere,

442 903 595 932 omnes
617 887 662 931 in
685 895 912 945 peccatum
934 921 944 941 ,
976 884 1097 930 velut
1118 886 1263 940 inviti,
1295 885 1434 930 carnis
1462 899 1550 928 suae
1582 883 1831 927 necessitate

441 967 659 1017 coguntur
684 977 692 1002 :
714 958 790 1001 sed
812 958 844 1001 si
862 958 950 1017 jam
973 958 1015 1000 in
1036 973 1082 1001 ea
1107 966 1234 1000 aetate
1250 965 1373 1011 sunt,
1402 966 1451 999 ut
1468 954 1654 1015 propriae
1677 953 1831 998 mentis

440 1039 620 1074 utantur
650 1028 850 1083 arbitrio,
877 1036 918 1071 et
942 1028 984 1072 in
1006 1037 1184 1086 peccato
1209 1043 1283 1070 sua
1312 1027 1539 1071 voluntate
1569 1026 1827 1080 retinentur,

440 1109 528 1144 eta
567 1108 744 1159 peccato
784 1114 859 1142 sua
891 1097 1117 1141 voluntate
1154 1098 1413 1148 retinentur,
1447 1105 1489 1139 et
1521 1111 1545 1138 a
1584 1102 1763 1153 peccato
1784 1094 1831 1138 in

439 1179 666 1229 peceatum
684 1184 761 1213 sua
779 1168 1006 1212 voluntate
1025 1167 1368 1226 praecipitantur.
1394 1164 1478 1210 Sad
1496 1165 1589 1208 haec
1610 1163 1826 1219 voluntas,

438 1256 537 1299 quae
558 1239 695 1282 libera
710 1247 773 1283 est
795 1239 840 1281 in
857 1237 994 1292 malis,
1021 1238 1121 1297 quia
1144 1236 1387 1281 delectatur
1409 1235 1554 1293 malis,
1578 1234 1676 1279 ideo
1693 1234 1830 1279 libera

440 1311 485 1353 in
502 1310 626 1353 bonis
648 1324 734 1352 non
760 1318 847 1362 est,
872 1308 973 1368 quia
1002 1308 1185 1351 liberata
1207 1323 1296 1351 non
1320 1316 1410 1363 est,
1435 1321 1516 1350 nec
1538 1314 1680 1365 potest
1698 1305 1828 1350 homo

441 1379 548 1424 boni
578 1378 742 1438 aliquid
765 1377 900 1434 velle,
927 1379 1007 1423 nisi
1030 1377 1258 1437 adjuvatur
1291 1378 1345 1421 ab
1375 1392 1427 1421 eo
1455 1377 1530 1436 qui
1552 1374 1714 1420 malum
1739 1390 1828 1420 non

434 1458 578 1508 potest
599 1449 728 1493 velle.

498 1538 518 1561 «
542 1522 591 1562 In
614 1519 680 1563 his
702 1519 905 1563 omnibus
921 1517 1063 1563 verbis
1085 1518 1170 1561 tuis
1185 1553 1196 1572 ,
1225 1533 1324 1577 quae
1343 1517 1484 1576 posui,
1504 1517 1564 1560 ita
1585 1515 1714 1560 video
1730 1530 1828 1574 gra·

433 1589 505 1633 tiae
540 1604 699 1633 nomen
731 1603 835 1632 cum
869 1587 993 1631 liberi
1016 1588 1183 1632 arbitrii
1216 1589 1448 1646 negatione
1485 1597 1752 1640 consertum,
1778 1595 1828 1630 ut

433 1674 522 1703 non
559 1668 648 1703 tam
675 1658 785 1702 mala
817 1673 966 1702 sensus
994 1658 1058 1702 tui
1092 1657 1436 1717 appellationum
1466 1657 1592 1701 bonis
1616 1655 1827 1701 vindicari

432 1738 611 1788 queant,
638 1744 770 1788 quam
789 1727 974 1786 dignitas
1000 1730 1228 1772 nominum
1258 1727 1514 1786 dogmatum
1544 1737 1721 1770 tuorum
1743 1727 1824 1771 ad—

432 1800 623 1843 haesione
640 1799 833 1843 vilescat.
860 1801 958 1843 Non
980 1814 1081 1857 erga
1107 1808 1148 1842 te
1171 1800 1235 1842 his
1257 1796 1531 1842 sermonibus
1560 1797 1821 1851 honestasti,

432 1869 507 1912 sed
530 1879 754 1913 oramenta
776 1869 867 1928 ipsa
892 1869 1091 1928 turpasti.
1115 1871 1201 1914 Nos
1224 1878 1367 1912 tamen
1386 1883 1436 1912 ea
1455 1883 1554 1927 quae
1577 1883 1600 1911 a
1620 1868 1825 1927 tejuncta

432 1948 535 1983 sunt
556 1955 826 1999 separamus,
858 1949 907 1983 ut
930 1940 1080 1999 gratiae
1105 1940 1306 1984 divinitas
1327 1939 1381 1983 ab
1405 1938 1554 1983 scaevis
1579 1937 1824 1997 colligatio-

432 2010 562 2054 nibus
585 2009 799 2064 enodata,
835 2026 915 2054 nec
954 2011 1233 2069 responsione
1269 2010 1513 2070 quatiatur,
1546 2018 1589 2053 et
1616 2009 1823 2067 gravitate

431 2080 774 2135 catholicorum,
810 2096 900 2125 non
932 2082 1275 2125 Manichaeorum
1310 2079 1559 2124 adulatione
1599 2078 1819 2125 laudetur.

432 2151 622 2195 Gratiam
665 2166 768 2209 ergo
808 2152 968 2196 Christi
1000 2150 1288 2211 multiplicem
1315 2151 1591 2195 confitemur.
1628 2150 1821 2195 Primum

432 2236 592 2264 munus
615 2222 705 2280 ejus
728 2230 818 2274 est,
844 2222 963 2280 quod
990 2222 1090 2266 facti
1122 2237 1172 2265 ex
1194 2221 1331 2266 nihilo
1353 2236 1516 2275 sumus,
1542 2210 1790 2265 Secundum
1805 2254 1817 2276 ,

431 2291 551 2350 quod
574 2300 622 2334 ut
643 2292 889 2335 viventibus
910 2307 1059 2347 sensu,
1081 2293 1137 2336 ita
1159 2291 1444 2336 sentientibus
1465 2291 1629 2335 ratione
1643 2301 1819 2350 praesta-

431 2377 546 2419 mus,
562 2377 660 2420 quae
677 2361 878 2420 impressa
898 2371 962 2405 est
974 2362 1134 2416 animo,
1157 2372 1206 2406 ut
1220 2361 1471 2407 Conditoris
1488 2362 1632 2420 imago
1647 2360 1818 2406 docere-

431 2433 531 2476 tur³
555 2451 564 2476 :
585 2433 639 2476 ad
668 2433 790 2491 cujus
812 2447 938 2492 aeque
967 2432 1139 2492 respicit
1156 2432 1411 2490 dignitatem
1435 2432 1599 2476 arbitrii
1622 2447 1818 2477 consessa

482 2538 492 2552 ¹
517 2533 610 2564 Joan.
633 2544 655 2574 1,
678 2541 728 2565 12.
752 2550 787 2556 -
803 2540 814 2555 ²
838 2533 921 2566 Vide
939 2532 995 2566 lib.
1020 2545 1030 2565 1
1049 2537 1163 2566 contra
1179 2533 1256 2565 duas
1275 2532 1376 2575 Epist.
1399 2542 1473 2575 cap.
1492 2532 1524 2564 3.
1540 2549 1581 2555 —
1598 2531 1611 2556 3
1634 2531 1817 2575 Fongdi-

434 2590 575 2619 cei-etur.
