<?xml version="1.0" encoding="UTF-8"?>
<!DOCTYPE html PUBLIC "-//W3C//DTD XHTML 1.0 Transitional//EN"
    "http://www.w3.org/TR/xhtml1/DTD/xhtml1-transitional.dtd">
<html xmlns="http://www.w3.org/1999/xhtml" xml:lang="en" lang="en">
 <head>
  <title>
</title>
<meta http-equiv="Content-Type" content="text/html;charset=utf-8" />
  <meta name='ocr-system' content='tesseract 3.04.00' />
  <meta name='ocr-capabilities' content='ocr_page ocr_carea ocr_par ocr_line ocrx_word'/>
</head>
<body>
  <div class='ocr_page' id='page_1' title='image "./operaomniaaccura36auguuoft/operaomniaaccura36auguuoft_0322.png"; bbox 0 0 1884 3285; ppageno 0'>
   <div class='ocr_carea' id='block_1_1' title="bbox 427 233 1374 273">
    <p class='ocr_par' dir='ltr' id='par_1_1' title="bbox 427 233 1374 273">
     <span class='ocr_line' id='line_1_1' title="bbox 427 233 1374 273; baseline -0.011 0"><span class='ocrx_word' id='word_1_1' title='bbox 427 233 511 273; x_wconf 79' lang='lat'>240</span> <span class='ocrx_word' id='word_1_2' title='bbox 859 239 893 264; x_wconf 90' lang='lat' dir='ltr'>s.</span> <span class='ocrx_word' id='word_1_3' title='bbox 929 236 1160 265; x_wconf 63' lang='lat' dir='ltr'>Ace-usum</span> <span class='ocrx_word' id='word_1_4' title='bbox 1193 236 1374 263; x_wconf 65' lang='lat' dir='ltr'>Erlscorl</span> 
     </span>
    </p>
   </div>
   <div class='ocr_carea' id='block_1_2' title="bbox 424 296 1884 426">
    <p class='ocr_par' dir='ltr' id='par_1_2' title="bbox 424 296 1884 426">
     <span class='ocr_line' id='line_1_2' title="bbox 424 296 1884 367; baseline -0.006 -14"><span class='ocrx_word' id='word_1_5' title='bbox 424 317 576 353; x_wconf 88' lang='lat' dir='ltr'>contra</span> <span class='ocrx_word' id='word_1_6' title='bbox 598 304 796 362; x_wconf 88' lang='lat' dir='ltr'>spiritum</span> <span class='ocrx_word' id='word_1_7' title='bbox 817 303 1142 361; x_wconf 84' lang='lat' dir='ltr'>concupiscens,</span> <span class='ocrx_word' id='word_1_8' title='bbox 1162 303 1288 346; x_wconf 88' lang='lat' dir='ltr'>etiam</span> <span class='ocrx_word' id='word_1_9' title='bbox 1308 302 1351 344; x_wconf 92' lang='lat' dir='ltr'>in</span> <span class='ocrx_word' id='word_1_10' title='bbox 1369 301 1567 360; x_wconf 83' lang='lat' dir='ltr'>paradiso</span> <span class='ocrx_word' id='word_1_11' title='bbox 1589 310 1689 346; x_wconf 88' lang='lat' dir='ltr'>ante</span> <span class='ocrx_word' id='word_1_12' title='bbox 1705 317 1808 362; x_wconf 85' lang='lat' dir='ltr'>pec-</span> <span class='ocrx_word' id='word_1_13' title='bbox 1842 296 1884 367; x_wconf 65' lang='lat'>32-</span> 
     </span>
     <span class='ocr_line' id='line_1_3' title="bbox 426 371 1884 426; baseline -0.003 -4"><span class='ocrx_word' id='word_1_14' title='bbox 426 386 574 422; x_wconf 90' lang='lat' dir='ltr'>catum</span> <span class='ocrx_word' id='word_1_15' title='bbox 591 373 804 419; x_wconf 86' lang='lat' dir='ltr'>collocare</span> <span class='ocrx_word' id='word_1_16' title='bbox 832 372 1012 417; x_wconf 87' lang='lat' dir='ltr'>velletis.</span> <span class='ocrx_word' id='word_1_17' title='bbox 1039 376 1149 418; x_wconf 81' lang='lat' dir='ltr'>Nam</span> <span class='ocrx_word' id='word_1_18' title='bbox 1177 373 1210 417; x_wconf 89' lang='lat' dir='ltr'>si</span> <span class='ocrx_word' id='word_1_19' title='bbox 1235 382 1284 416; x_wconf 92' lang='lat' dir='ltr'>ut</span> <span class='ocrx_word' id='word_1_20' title='bbox 1306 372 1431 426; x_wconf 90' lang='lat' dir='ltr'>dicis,</span> <span class='ocrx_word' id='word_1_21' title='bbox 1461 391 1481 413; x_wconf 90' lang='lat'>«</span> <span class='ocrx_word' id='word_1_22' title='bbox 1507 388 1596 417; x_wconf 89' lang='lat' dir='ltr'>non</span> <span class='ocrx_word' id='word_1_23' title='bbox 1619 371 1702 416; x_wconf 89' lang='lat' dir='ltr'>alia</span> <span class='ocrx_word' id='word_1_24' title='bbox 1727 372 1813 418; x_wconf 85' lang='lat' dir='ltr'>fuit</span> <span class='ocrx_word' id='word_1_25' title='bbox 1843 378 1884 424; x_wconf 54' lang='lat'>34</span> 
     </span>
    </p>
   </div>
   <div class='ocr_carea' id='block_1_3' title="bbox 425 442 1873 504">
    <p class='ocr_par' dir='ltr' id='par_1_3' title="bbox 425 442 1873 504">
     <span class='ocr_line' id='line_1_4' title="bbox 425 442 1873 504; baseline -0.002 -14"><span class='ocrx_word' id='word_1_26' title='bbox 425 449 472 490; x_wconf 90' lang='lat' dir='ltr'>in</span> <span class='ocrx_word' id='word_1_27' title='bbox 488 445 689 504; x_wconf 83' lang='lat' dir='ltr'>paradiso</span> <span class='ocrx_word' id='word_1_28' title='bbox 720 443 915 488; x_wconf 88' lang='lat' dir='ltr'>conditio</span> <span class='ocrx_word' id='word_1_29' title='bbox 943 443 1280 497; x_wconf 77' lang='lat' dir='ltr'>commixtionis,</span> <span class='ocrx_word' id='word_1_30' title='bbox 1305 457 1436 501; x_wconf 86' lang='lat' dir='ltr'>quam</span> <span class='ocrx_word' id='word_1_31' title='bbox 1464 442 1602 501; x_wconf 88' lang='lat' dir='ltr'>qualis</span> <span class='ocrx_word' id='word_1_32' title='bbox 1627 458 1745 487; x_wconf 91' lang='lat' dir='ltr'>nunc</span> <span class='ocrx_word' id='word_1_33' title='bbox 1765 443 1812 488; x_wconf 87' lang='lat' dir='ltr'>in</span> <span class='ocrx_word' id='word_1_34' title='bbox 1844 446 1873 487; x_wconf 70' lang='lat' dir='ltr'>i}</span> 
     </span>
    </p>
   </div>
   <div class='ocr_carea' id='block_1_4' title="bbox 425 513 1810 576">
    <p class='ocr_par' dir='ltr' id='par_1_4' title="bbox 425 513 1810 576">
     <span class='ocr_line' id='line_1_5' title="bbox 425 513 1810 576; baseline -0.003 -15"><span class='ocrx_word' id='word_1_35' title='bbox 425 516 638 576; x_wconf 84' lang='lat' dir='ltr'>conjugiis</span> <span class='ocrx_word' id='word_1_36' title='bbox 659 516 801 574; x_wconf 83' lang='lat' dir='ltr'>agitur</span> <span class='ocrx_word' id='word_1_37' title='bbox 827 534 835 560; x_wconf 75' lang='grc' dir='ltr'><strong><em>ι</em></strong></span> <span class='ocrx_word' id='word_1_38' title='bbox 860 534 879 556; x_wconf 89' lang='lat'>»</span> <span class='ocrx_word' id='word_1_39' title='bbox 899 523 991 558; x_wconf 88' lang='lat' dir='ltr'>erat</span> <span class='ocrx_word' id='word_1_40' title='bbox 1007 514 1068 557; x_wconf 92' lang='lat' dir='ltr'>ibi</span> <span class='ocrx_word' id='word_1_41' title='bbox 1083 523 1125 557; x_wconf 90' lang='lat' dir='ltr'>et</span> <span class='ocrx_word' id='word_1_42' title='bbox 1143 523 1242 557; x_wconf 88' lang='lat' dir='ltr'>ante</span> <span class='ocrx_word' id='word_1_43' title='bbox 1265 522 1491 572; x_wconf 85' lang='lat' dir='ltr'>peccatum</span> <span class='ocrx_word' id='word_1_44' title='bbox 1503 513 1642 557; x_wconf 88' lang='lat' dir='ltr'>libido</span> <span class='ocrx_word' id='word_1_45' title='bbox 1657 529 1810 558; x_wconf 81' lang='lat' dir='ltr'>carna·</span> 
     </span>
    </p>
   </div>
   <div class='ocr_carea' id='block_1_5' title="bbox 1845 531 1870 557">
    <p class='ocr_par' dir='ltr' id='par_1_5' title="bbox 1845 531 1870 557">
     <span class='ocr_line' id='line_1_6' title="bbox 1845 531 1870 557; baseline 0 -5"><span class='ocrx_word' id='word_1_46' title='bbox 1845 531 1848 557; x_wconf 65' lang='lat' dir='ltr'>l</span> <span class='ocrx_word' id='word_1_47' title='bbox 1868 545 1870 552; x_wconf 56' lang='lat'>&gt;</span> 
     </span>
    </p>
   </div>
   <div class='ocr_carea' id='block_1_6' title="bbox 424 575 1876 716">
    <p class='ocr_par' dir='ltr' id='par_1_6' title="bbox 424 575 1876 716">
     <span class='ocr_line' id='line_1_7' title="bbox 424 575 1876 647; baseline -0.001 -16"><span class='ocrx_word' id='word_1_48' title='bbox 424 588 496 643; x_wconf 85' lang='lat' dir='ltr'>lis,</span> <span class='ocrx_word' id='word_1_49' title='bbox 532 587 624 631; x_wconf 87' lang='lat' dir='ltr'>sine</span> <span class='ocrx_word' id='word_1_50' title='bbox 645 602 733 647; x_wconf 93' lang='lat' dir='ltr'>qua</span> <span class='ocrx_word' id='word_1_51' title='bbox 767 602 855 631; x_wconf 92' lang='lat' dir='ltr'>non</span> <span class='ocrx_word' id='word_1_52' title='bbox 878 595 1020 645; x_wconf 90' lang='lat' dir='ltr'>potest</span> <span class='ocrx_word' id='word_1_53' title='bbox 1045 600 1162 628; x_wconf 89' lang='lat' dir='ltr'>nunc</span> <span class='ocrx_word' id='word_1_54' title='bbox 1189 600 1313 628; x_wconf 85' lang='lat' dir='ltr'>sexus</span> <span class='ocrx_word' id='word_1_55' title='bbox 1340 593 1524 642; x_wconf 87' lang='lat' dir='ltr'>uterque</span> <span class='ocrx_word' id='word_1_56' title='bbox 1555 584 1739 629; x_wconf 86' lang='lat' dir='ltr'>misceri.</span> <span class='ocrx_word' id='word_1_57' title='bbox 1769 584 1813 629; x_wconf 87' lang='lat' dir='ltr'>Si</span> <span class='ocrx_word' id='word_1_58' title='bbox 1845 575 1876 629; x_wconf 62' lang='lat' dir='ltr'>l:</span> 
     </span>
     <span class='ocr_line' id='line_1_8' title="bbox 425 646 1874 716; baseline -0.003 -14"><span class='ocrx_word' id='word_1_59' title='bbox 425 672 527 716; x_wconf 87' lang='lat' dir='ltr'>ergo</span> <span class='ocrx_word' id='word_1_60' title='bbox 550 671 640 701; x_wconf 88' lang='lat' dir='ltr'>non</span> <span class='ocrx_word' id='word_1_61' title='bbox 660 657 807 711; x_wconf 84' lang='lat' dir='ltr'>vultis,</span> <span class='ocrx_word' id='word_1_62' title='bbox 828 657 873 699; x_wconf 92' lang='lat' dir='ltr'>in</span> <span class='ocrx_word' id='word_1_63' title='bbox 888 655 959 699; x_wconf 88' lang='lat' dir='ltr'>illa</span> <span class='ocrx_word' id='word_1_64' title='bbox 978 654 1247 699; x_wconf 89' lang='lat' dir='ltr'>beatitudine</span> <span class='ocrx_word' id='word_1_65' title='bbox 1265 654 1459 698; x_wconf 89' lang='lat' dir='ltr'>membra</span> <span class='ocrx_word' id='word_1_66' title='bbox 1482 654 1685 713; x_wconf 78' lang='lat' dir='ltr'>genitalia</span> <span class='ocrx_word' id='word_1_67' title='bbox 1707 669 1813 698; x_wconf 84' lang='lat' dir='ltr'>non·</span> <span class='ocrx_word' id='word_1_68' title='bbox 1846 646 1850 694; x_wconf 70' lang='grc' dir='ltr'><strong>ἓ</strong></span> <span class='ocrx_word' id='word_1_69' title='bbox 1869 690 1874 698; x_wconf 86' lang='grc'><em>,</em></span> 
     </span>
    </p>
   </div>
   <div class='ocr_carea' id='block_1_7' title="bbox 425 723 1850 786">
    <p class='ocr_par' dir='ltr' id='par_1_7' title="bbox 425 723 1850 786">
     <span class='ocr_line' id='line_1_9' title="bbox 425 723 1850 786; baseline -0.003 -15"><span class='ocrx_word' id='word_1_70' title='bbox 425 727 534 772; x_wconf 92' lang='lat' dir='ltr'>dum</span> <span class='ocrx_word' id='word_1_71' title='bbox 561 726 766 786; x_wconf 88' lang='lat' dir='ltr'>pudenda</span> <span class='ocrx_word' id='word_1_72' title='bbox 784 761 795 781; x_wconf 87' lang='lat'>,</span> <span class='ocrx_word' id='word_1_73' title='bbox 827 725 880 769; x_wconf 89' lang='lat' dir='ltr'>ad</span> <span class='ocrx_word' id='word_1_74' title='bbox 916 740 1024 784; x_wconf 87' lang='lat' dir='ltr'>opus</span> <span class='ocrx_word' id='word_1_75' title='bbox 1056 740 1183 769; x_wconf 89' lang='lat' dir='ltr'>suum</span> <span class='ocrx_word' id='word_1_76' title='bbox 1215 723 1509 784; x_wconf 85' lang='lat' dir='ltr'>peragendum</span> <span class='ocrx_word' id='word_1_77' title='bbox 1527 759 1537 778; x_wconf 94' lang='lat'>,</span> <span class='ocrx_word' id='word_1_78' title='bbox 1563 739 1650 782; x_wconf 88' lang='lat' dir='ltr'>quo</span> <span class='ocrx_word' id='word_1_79' title='bbox 1672 724 1814 783; x_wconf 92' lang='lat' dir='ltr'>proles</span> <span class='ocrx_word' id='word_1_80' title='bbox 1847 732 1850 760; x_wconf 84' lang='lat'>:</span> 
     </span>
    </p>
   </div>
   <div class='ocr_carea' id='block_1_8' title="bbox 423 793 1881 1134">
    <p class='ocr_par' dir='ltr' id='par_1_8' title="bbox 423 793 1881 1134">
     <span class='ocr_line' id='line_1_10' title="bbox 425 793 1876 853; baseline -0.002 -12"><span class='ocrx_word' id='word_1_81' title='bbox 425 798 736 851; x_wconf 84' lang='lat' dir='ltr'>seminaretur,</span> <span class='ocrx_word' id='word_1_82' title='bbox 769 795 983 840; x_wconf 79' lang='lat' dir='ltr'>voluntati</span> <span class='ocrx_word' id='word_1_83' title='bbox 1019 795 1245 840; x_wconf 89' lang='lat' dir='ltr'>hominum</span> <span class='ocrx_word' id='word_1_84' title='bbox 1279 795 1370 839; x_wconf 91' lang='lat' dir='ltr'>sine</span> <span class='ocrx_word' id='word_1_85' title='bbox 1404 793 1584 838; x_wconf 89' lang='lat' dir='ltr'>libidine</span> <span class='ocrx_word' id='word_1_86' title='bbox 1624 795 1814 853; x_wconf 86' lang='lat' dir='ltr'>potuisse</span> <span class='ocrx_word' id='word_1_87' title='bbox 1848 795 1876 850; x_wconf 67' lang='lat' dir='ltr'>{t</span> 
     </span>
     <span class='ocr_line' id='line_1_11' title="bbox 425 859 1881 925; baseline -0.003 -14"><span class='ocrx_word' id='word_1_88' title='bbox 425 867 613 924; x_wconf 81' lang='lat' dir='ltr'>servire3</span> <span class='ocrx_word' id='word_1_89' title='bbox 650 867 796 911; x_wconf 90' lang='lat' dir='ltr'>adhuc</span> <span class='ocrx_word' id='word_1_90' title='bbox 830 882 979 925; x_wconf 84' lang='lat' dir='ltr'>quaero</span> <span class='ocrx_word' id='word_1_91' title='bbox 1013 865 1208 909; x_wconf 89' lang='lat' dir='ltr'>eamdem</span> <span class='ocrx_word' id='word_1_92' title='bbox 1243 864 1470 908; x_wconf 88' lang='lat' dir='ltr'>libidinem</span> <span class='ocrx_word' id='word_1_93' title='bbox 1501 864 1677 923; x_wconf 86' lang='lat' dir='ltr'>qualem</span> <span class='ocrx_word' id='word_1_94' title='bbox 1709 874 1815 908; x_wconf 89' lang='lat' dir='ltr'>tunc</span> <span class='ocrx_word' id='word_1_95' title='bbox 1848 859 1881 908; x_wconf 71' lang='grc' dir='ltr'>Ῑει</span> 
     </span>
     <span class='ocr_line' id='line_1_12' title="bbox 423 934 1877 995; baseline -0.002 -13"><span class='ocrx_word' id='word_1_96' title='bbox 423 937 558 982; x_wconf 82' lang='lat' dir='ltr'>fuisse</span> <span class='ocrx_word' id='word_1_97' title='bbox 579 937 781 981; x_wconf 87' lang='lat' dir='ltr'>credatis.</span> <span class='ocrx_word' id='word_1_98' title='bbox 805 937 1086 980; x_wconf 85' lang='lat' dir='ltr'>Voluntatem</span> <span class='ocrx_word' id='word_1_99' title='bbox 1103 944 1218 979; x_wconf 88' lang='lat' dir='ltr'>certe</span> <span class='ocrx_word' id='word_1_100' title='bbox 1231 934 1408 995; x_wconf 90' lang='lat' dir='ltr'>quando</span> <span class='ocrx_word' id='word_1_101' title='bbox 1430 944 1539 978; x_wconf 88' lang='lat' dir='ltr'>esset</span> <span class='ocrx_word' id='word_1_102' title='bbox 1560 935 1813 988; x_wconf 85' lang='lat' dir='ltr'>necessaria,</span> <span class='ocrx_word' id='word_1_103' title='bbox 1849 947 1852 977; x_wconf 88' lang='lat'>:</span> <span class='ocrx_word' id='word_1_104' title='bbox 1871 952 1877 979; x_wconf 67' lang='grc' dir='ltr'>ι</span> 
     </span>
     <span class='ocr_line' id='line_1_13' title="bbox 426 1007 1881 1068; baseline -0.003 -16"><span class='ocrx_word' id='word_1_105' title='bbox 426 1008 714 1068; x_wconf 67' lang='lat' dir='ltr'>sequebatur,</span> <span class='ocrx_word' id='word_1_106' title='bbox 732 1023 788 1051; x_wconf 90' lang='lat' dir='ltr'>an</span> <span class='ocrx_word' id='word_1_107' title='bbox 807 1007 937 1051; x_wconf 90' lang='lat' dir='ltr'>etiam</span> <span class='ocrx_word' id='word_1_108' title='bbox 960 1007 1139 1066; x_wconf 90' lang='lat' dir='ltr'>quando</span> <span class='ocrx_word' id='word_1_109' title='bbox 1157 1021 1248 1049; x_wconf 90' lang='lat' dir='ltr'>non</span> <span class='ocrx_word' id='word_1_110' title='bbox 1269 1015 1360 1049; x_wconf 88' lang='lat' dir='ltr'>erat</span> <span class='ocrx_word' id='word_1_111' title='bbox 1380 1015 1557 1064; x_wconf 86' lang='lat' dir='ltr'>propter</span> <span class='ocrx_word' id='word_1_112' title='bbox 1575 1020 1817 1064; x_wconf 77' lang='lat' dir='ltr'>propagari·</span> <span class='ocrx_word' id='word_1_113' title='bbox 1850 1019 1853 1062; x_wconf 71' lang='grc' dir='ltr'>ζ</span> <span class='ocrx_word' id='word_1_114' title='bbox 1879 1031 1881 1038; x_wconf 58' lang='lat'>1</span> 
     </span>
     <span class='ocr_line' id='line_1_14' title="bbox 427 1075 1881 1134; baseline -0.006 -12"><span class='ocrx_word' id='word_1_115' title='bbox 427 1078 504 1123; x_wconf 91' lang='lat' dir='ltr'>dos</span> <span class='ocrx_word' id='word_1_116' title='bbox 527 1077 638 1122; x_wconf 89' lang='lat' dir='ltr'>filios</span> <span class='ocrx_word' id='word_1_117' title='bbox 652 1077 887 1122; x_wconf 85' lang='lat' dir='ltr'>necessaria</span> <span class='ocrx_word' id='word_1_118' title='bbox 903 1112 913 1131; x_wconf 93' lang='lat'>,</span> <span class='ocrx_word' id='word_1_119' title='bbox 940 1076 1194 1120; x_wconf 88' lang='lat' dir='ltr'>stimulabat</span> <span class='ocrx_word' id='word_1_120' title='bbox 1222 1085 1368 1119; x_wconf 89' lang='lat' dir='ltr'>tamen</span> <span class='ocrx_word' id='word_1_121' title='bbox 1397 1075 1591 1118; x_wconf 89' lang='lat' dir='ltr'>animum</span> <span class='ocrx_word' id='word_1_122' title='bbox 1608 1109 1619 1129; x_wconf 92' lang='lat'>,</span> <span class='ocrx_word' id='word_1_123' title='bbox 1650 1083 1694 1119; x_wconf 94' lang='lat' dir='ltr'>et</span> <span class='ocrx_word' id='word_1_124' title='bbox 1713 1090 1818 1134; x_wconf 87' lang='lat' dir='ltr'>pro·</span> <span class='ocrx_word' id='word_1_125' title='bbox 1850 1086 1852 1122; x_wconf 79' lang='grc' dir='ltr'>ζ</span> <span class='ocrx_word' id='word_1_126' title='bbox 1874 1099 1881 1118; x_wconf 63' lang='lat'>‚1</span> 
     </span>
    </p>
   </div>
   <div class='ocr_carea' id='block_1_9' title="bbox 426 1133 1856 1557">
    <p class='ocr_par' dir='ltr' id='par_1_9' title="bbox 426 1133 1856 1557">
     <span class='ocr_line' id='line_1_15' title="bbox 426 1133 1853 1208; baseline -0.003 -16"><span class='ocrx_word' id='word_1_127' title='bbox 426 1147 635 1208; x_wconf 68' lang='lat' dir='ltr'>palllebat</span> <span class='ocrx_word' id='word_1_128' title='bbox 652 1149 698 1191; x_wconf 92' lang='lat' dir='ltr'>in</span> <span class='ocrx_word' id='word_1_129' title='bbox 719 1148 979 1192; x_wconf 89' lang='lat' dir='ltr'>concubitus</span> <span class='ocrx_word' id='word_1_130' title='bbox 1002 1146 1069 1190; x_wconf 87' lang='lat' dir='ltr'>vel</span> <span class='ocrx_word' id='word_1_131' title='bbox 1092 1140 1292 1206; x_wconf 76' lang='lat' dir='ltr'>vquosque</span> <span class='ocrx_word' id='word_1_132' title='bbox 1314 1144 1600 1199; x_wconf 82' lang='lat' dir='ltr'>damnabiles,</span> <span class='ocrx_word' id='word_1_133' title='bbox 1625 1144 1694 1189; x_wconf 87' lang='lat' dir='ltr'>vel</span> <span class='ocrx_word' id='word_1_134' title='bbox 1717 1160 1816 1189; x_wconf 88' lang='lat' dir='ltr'>cum</span> <span class='ocrx_word' id='word_1_135' title='bbox 1850 1133 1853 1170; x_wconf 73' lang='grc' dir='ltr'><strong><em>Ῑ</em></strong></span> 
     </span>
     <span class='ocr_line' id='line_1_16' title="bbox 426 1214 1854 1277; baseline -0.002 -15"><span class='ocrx_word' id='word_1_136' title='bbox 426 1219 614 1277; x_wconf 84' lang='lat' dir='ltr'>conjuge</span> <span class='ocrx_word' id='word_1_137' title='bbox 631 1218 849 1262; x_wconf 79' lang='lat' dir='ltr'>veniales?</span> <span class='ocrx_word' id='word_1_138' title='bbox 871 1218 914 1262; x_wconf 89' lang='lat' dir='ltr'>Si</span> <span class='ocrx_word' id='word_1_139' title='bbox 936 1217 1049 1260; x_wconf 88' lang='lat' dir='ltr'>enim</span> <span class='ocrx_word' id='word_1_140' title='bbox 1076 1215 1169 1260; x_wconf 87' lang='lat' dir='ltr'>talis</span> <span class='ocrx_word' id='word_1_141' title='bbox 1191 1225 1307 1270; x_wconf 91' lang='lat' dir='ltr'>erat,</span> <span class='ocrx_word' id='word_1_142' title='bbox 1330 1214 1470 1275; x_wconf 86' lang='lat' dir='ltr'>qualis</span> <span class='ocrx_word' id='word_1_143' title='bbox 1490 1230 1608 1259; x_wconf 88' lang='lat' dir='ltr'>nunc</span> <span class='ocrx_word' id='word_1_144' title='bbox 1629 1225 1716 1272; x_wconf 75' lang='lat' dir='ltr'>est,</span> <span class='ocrx_word' id='word_1_145' title='bbox 1734 1216 1819 1259; x_wconf 93' lang='lat' dir='ltr'>hoc</span> <span class='ocrx_word' id='word_1_146' title='bbox 1850 1214 1854 1259; x_wconf 77' lang='grc' dir='ltr'>Ξ</span> 
     </span>
     <span class='ocr_line' id='line_1_17' title="bbox 427 1286 1819 1344; baseline -0.002 -12"><span class='ocrx_word' id='word_1_147' title='bbox 427 1289 520 1332; x_wconf 86' lang='lat' dir='ltr'>sine</span> <span class='ocrx_word' id='word_1_148' title='bbox 543 1288 818 1332; x_wconf 81' lang='lat' dir='ltr'>dubitatione</span> <span class='ocrx_word' id='word_1_149' title='bbox 838 1288 1042 1341; x_wconf 81' lang='lat' dir='ltr'>faciebat,</span> <span class='ocrx_word' id='word_1_150' title='bbox 1069 1287 1156 1331; x_wconf 89' lang='lat' dir='ltr'>sive</span> <span class='ocrx_word' id='word_1_151' title='bbox 1178 1286 1242 1329; x_wconf 93' lang='lat' dir='ltr'>illi</span> <span class='ocrx_word' id='word_1_152' title='bbox 1264 1286 1532 1330; x_wconf 84' lang='lat' dir='ltr'>resisteretur</span> <span class='ocrx_word' id='word_1_153' title='bbox 1553 1300 1630 1344; x_wconf 91' lang='lat' dir='ltr'>per</span> <span class='ocrx_word' id='word_1_154' title='bbox 1652 1294 1819 1344; x_wconf 88' lang='lat' dir='ltr'>tempe·</span> 
     </span>
     <span class='ocr_line' id='line_1_18' title="bbox 428 1356 1854 1417; baseline -0.002 -15"><span class='ocrx_word' id='word_1_155' title='bbox 428 1358 616 1403; x_wconf 87' lang='lat' dir='ltr'>rantiom</span> <span class='ocrx_word' id='word_1_156' title='bbox 633 1392 643 1412; x_wconf 94' lang='lat'>,</span> <span class='ocrx_word' id='word_1_157' title='bbox 680 1358 768 1401; x_wconf 87' lang='lat' dir='ltr'>sive</span> <span class='ocrx_word' id='word_1_158' title='bbox 806 1373 884 1417; x_wconf 91' lang='lat' dir='ltr'>per</span> <span class='ocrx_word' id='word_1_159' title='bbox 922 1357 1302 1416; x_wconf 85' lang='lat' dir='ltr'>intemperantiam</span> <span class='ocrx_word' id='word_1_160' title='bbox 1341 1357 1581 1400; x_wconf 84' lang='lat' dir='ltr'>cederetur.</span> <span class='ocrx_word' id='word_1_161' title='bbox 1623 1359 1686 1400; x_wconf 88' lang='lat' dir='ltr'>Ac</span> <span class='ocrx_word' id='word_1_162' title='bbox 1731 1356 1789 1400; x_wconf 90' lang='lat' dir='ltr'>sic</span> <span class='ocrx_word' id='word_1_163' title='bbox 1805 1390 1816 1410; x_wconf 90' lang='lat'>,</span> <span class='ocrx_word' id='word_1_164' title='bbox 1852 1362 1854 1386; x_wconf 57' lang='grc' dir='ltr'>ἓ</span> 
     </span>
     <span class='ocr_line' id='line_1_19' title="bbox 428 1425 1856 1486; baseline -0.002 -14"><span class='ocrx_word' id='word_1_165' title='bbox 428 1429 562 1472; x_wconf 87' lang='lat' dir='ltr'>homo</span> <span class='ocrx_word' id='word_1_166' title='bbox 584 1426 758 1471; x_wconf 88' lang='lat' dir='ltr'>libidini</span> <span class='ocrx_word' id='word_1_167' title='bbox 790 1436 867 1471; x_wconf 92' lang='lat' dir='ltr'>aut</span> <span class='ocrx_word' id='word_1_168' title='bbox 895 1427 1118 1486; x_wconf 89' lang='lat' dir='ltr'>peccando</span> <span class='ocrx_word' id='word_1_169' title='bbox 1142 1427 1299 1471; x_wconf 87' lang='lat' dir='ltr'>servire</span> <span class='ocrx_word' id='word_1_170' title='bbox 1321 1435 1569 1484; x_wconf 83' lang='lat' dir='ltr'>cogeretur,</span> <span class='ocrx_word' id='word_1_171' title='bbox 1601 1434 1678 1469; x_wconf 90' lang='lat' dir='ltr'>aut</span> <span class='ocrx_word' id='word_1_172' title='bbox 1703 1425 1820 1470; x_wconf 90' lang='lat' dir='ltr'>bello</span> <span class='ocrx_word' id='word_1_173' title='bbox 1852 1434 1856 1439; x_wconf 73' lang='grc'>’</span> 
     </span>
     <span class='ocr_line' id='line_1_20' title="bbox 428 1496 1855 1557; baseline -0.002 -14"><span class='ocrx_word' id='word_1_174' title='bbox 428 1500 584 1544; x_wconf 89' lang='lat' dir='ltr'>intimo</span> <span class='ocrx_word' id='word_1_175' title='bbox 612 1514 888 1557; x_wconf 83' lang='lat' dir='ltr'>repugnare:</span> <span class='ocrx_word' id='word_1_176' title='bbox 914 1514 1102 1557; x_wconf 86' lang='lat' dir='ltr'>quorum</span> <span class='ocrx_word' id='word_1_177' title='bbox 1137 1499 1323 1542; x_wconf 87' lang='lat' dir='ltr'>alterum</span> <span class='ocrx_word' id='word_1_178' title='bbox 1360 1498 1602 1550; x_wconf 88' lang='lat' dir='ltr'>honestati,</span> <span class='ocrx_word' id='word_1_179' title='bbox 1634 1496 1819 1541; x_wconf 90' lang='lat' dir='ltr'>alterum</span> <span class='ocrx_word' id='word_1_180' title='bbox 1854 1512 1855 1515; x_wconf 47' lang='lat'>¹</span> 
     </span>
    </p>
   </div>
   <div class='ocr_carea' id='block_1_10' title="bbox 430 1566 1820 1696">
    <p class='ocr_par' dir='ltr' id='par_1_10' title="bbox 430 1566 1820 1696">
     <span class='ocr_line' id='line_1_21' title="bbox 430 1566 1820 1628; baseline -0.002 -16"><span class='ocrx_word' id='word_1_181' title='bbox 430 1569 528 1628; x_wconf 87' lang='lat' dir='ltr'>paci</span> <span class='ocrx_word' id='word_1_182' title='bbox 554 1568 769 1612; x_wconf 84' lang='lat' dir='ltr'>felicitatis</span> <span class='ocrx_word' id='word_1_183' title='bbox 797 1567 935 1623; x_wconf 90' lang='lat' dir='ltr'>illius,</span> <span class='ocrx_word' id='word_1_184' title='bbox 969 1569 1003 1611; x_wconf 90' lang='lat' dir='ltr'>si</span> <span class='ocrx_word' id='word_1_185' title='bbox 1031 1569 1271 1612; x_wconf 91' lang='lat' dir='ltr'>humanum</span> <span class='ocrx_word' id='word_1_186' title='bbox 1301 1582 1473 1610; x_wconf 89' lang='lat' dir='ltr'>sensum</span> <span class='ocrx_word' id='word_1_187' title='bbox 1504 1566 1694 1621; x_wconf 82' lang='lat' dir='ltr'>habetis,</span> <span class='ocrx_word' id='word_1_188' title='bbox 1730 1581 1820 1610; x_wconf 90' lang='lat' dir='ltr'>non</span> 
     </span>
     <span class='ocr_line' id='line_1_22' title="bbox 431 1635 1817 1696; baseline -0.003 -13"><span class='ocrx_word' id='word_1_189' title='bbox 431 1640 665 1684; x_wconf 89' lang='lat' dir='ltr'>convenire</span> <span class='ocrx_word' id='word_1_190' title='bbox 687 1638 869 1682; x_wconf 85' lang='lat' dir='ltr'>sentitis.</span> <span class='ocrx_word' id='word_1_191' title='bbox 896 1641 1110 1682; x_wconf 86' lang='lat' dir='ltr'>Remanet</span> <span class='ocrx_word' id='word_1_192' title='bbox 1140 1637 1294 1696; x_wconf 84' lang='lat' dir='ltr'>igitur,</span> <span class='ocrx_word' id='word_1_193' title='bbox 1319 1646 1369 1680; x_wconf 84' lang='lat' dir='ltr'>ut</span> <span class='ocrx_word' id='word_1_194' title='bbox 1391 1637 1424 1680; x_wconf 90' lang='lat' dir='ltr'>si</span> <span class='ocrx_word' id='word_1_195' title='bbox 1445 1635 1583 1680; x_wconf 91' lang='lat' dir='ltr'>libido</span> <span class='ocrx_word' id='word_1_196' title='bbox 1610 1637 1670 1680; x_wconf 88' lang='lat' dir='ltr'>ibi</span> <span class='ocrx_word' id='word_1_197' title='bbox 1693 1644 1817 1689; x_wconf 85' lang='lat' dir='ltr'>esset,</span> 
     </span>
    </p>
   </div>
   <div class='ocr_carea' id='block_1_11' title="bbox 432 1707 1858 1766">
    <p class='ocr_par' dir='ltr' id='par_1_11' title="bbox 432 1707 1858 1766">
     <span class='ocr_line' id='line_1_23' title="bbox 432 1707 1858 1766; baseline -0.003 -14"><span class='ocrx_word' id='word_1_198' title='bbox 432 1709 492 1753; x_wconf 91' lang='lat' dir='ltr'>ita</span> <span class='ocrx_word' id='word_1_199' title='bbox 505 1718 615 1754; x_wconf 86' lang='lat' dir='ltr'>esset</span> <span class='ocrx_word' id='word_1_200' title='bbox 629 1708 800 1752; x_wconf 88' lang='lat' dir='ltr'>subdita</span> <span class='ocrx_word' id='word_1_201' title='bbox 819 1707 1050 1763; x_wconf 90' lang='lat' dir='ltr'>voluntati,</span> <span class='ocrx_word' id='word_1_202' title='bbox 1074 1716 1122 1751; x_wconf 88' lang='lat' dir='ltr'>ut</span> <span class='ocrx_word' id='word_1_203' title='bbox 1135 1716 1295 1751; x_wconf 85' lang='lat' dir='ltr'>rectam</span> <span class='ocrx_word' id='word_1_204' title='bbox 1310 1708 1589 1766; x_wconf 87' lang='lat' dir='ltr'>quietamque</span> <span class='ocrx_word' id='word_1_205' title='bbox 1609 1715 1818 1760; x_wconf 87' lang='lat' dir='ltr'>mentem,</span> <span class='ocrx_word' id='word_1_206' title='bbox 1855 1733 1858 1747; x_wconf 50' lang='grc' dir='ltr'>ι</span> 
     </span>
    </p>
   </div>
   <div class='ocr_carea' id='block_1_12' title="bbox 433 1776 1822 1906">
    <p class='ocr_par' dir='ltr' id='par_1_12' title="bbox 433 1776 1822 1906">
     <span class='ocr_line' id='line_1_24' title="bbox 433 1776 1822 1836; baseline -0.001 -15"><span class='ocrx_word' id='word_1_207' title='bbox 433 1793 514 1822; x_wconf 88' lang='lat' dir='ltr'>nec</span> <span class='ocrx_word' id='word_1_208' title='bbox 548 1778 603 1821; x_wconf 90' lang='lat' dir='ltr'>ad</span> <span class='ocrx_word' id='word_1_209' title='bbox 625 1777 835 1822; x_wconf 87' lang='lat' dir='ltr'>delictum</span> <span class='ocrx_word' id='word_1_210' title='bbox 862 1778 1074 1830; x_wconf 88' lang='lat' dir='ltr'>traheret,</span> <span class='ocrx_word' id='word_1_211' title='bbox 1098 1793 1179 1822; x_wconf 90' lang='lat' dir='ltr'>nec</span> <span class='ocrx_word' id='word_1_212' title='bbox 1204 1776 1258 1820; x_wconf 91' lang='lat' dir='ltr'>ad</span> <span class='ocrx_word' id='word_1_213' title='bbox 1282 1776 1480 1836; x_wconf 83' lang='lat' dir='ltr'>praelium</span> <span class='ocrx_word' id='word_1_214' title='bbox 1503 1786 1758 1835; x_wconf 87' lang='lat' dir='ltr'>provocaret</span> <span class='ocrx_word' id='word_1_215' title='bbox 1779 1785 1822 1819; x_wconf 92' lang='lat' dir='ltr'>et</span> 
     </span>
     <span class='ocr_line' id='line_1_25' title="bbox 433 1846 1818 1906; baseline -0.001 -15"><span class='ocrx_word' id='word_1_216' title='bbox 433 1848 633 1906; x_wconf 89' lang='lat' dir='ltr'>spiritum</span> <span class='ocrx_word' id='word_1_217' title='bbox 653 1846 932 1892; x_wconf 85' lang='lat' dir='ltr'>obedientem</span> <span class='ocrx_word' id='word_1_218' title='bbox 950 1850 1062 1901; x_wconf 90' lang='lat' dir='ltr'>Deo,</span> <span class='ocrx_word' id='word_1_219' title='bbox 1087 1862 1136 1891; x_wconf 91' lang='lat' dir='ltr'>ac</span> <span class='ocrx_word' id='word_1_220' title='bbox 1158 1846 1375 1890; x_wconf 82' lang='lat' dir='ltr'>fruentem</span> <span class='ocrx_word' id='word_1_221' title='bbox 1394 1849 1500 1900; x_wconf 90' lang='lat' dir='ltr'>Deo,</span> <span class='ocrx_word' id='word_1_222' title='bbox 1526 1861 1606 1889; x_wconf 91' lang='lat' dir='ltr'>nec</span> <span class='ocrx_word' id='word_1_223' title='bbox 1623 1860 1818 1905; x_wconf 90' lang='lat' dir='ltr'>peccare,</span> 
     </span>
    </p>
   </div>
   <div class='ocr_carea' id='block_1_13' title="bbox 433 1915 1860 2115">
    <p class='ocr_par' dir='ltr' id='par_1_13' title="bbox 433 1915 1860 2115">
     <span class='ocr_line' id='line_1_26' title="bbox 433 1915 1860 1976; baseline -0.001 -15"><span class='ocrx_word' id='word_1_224' title='bbox 433 1932 514 1961; x_wconf 89' lang='lat' dir='ltr'>nec</span> <span class='ocrx_word' id='word_1_225' title='bbox 544 1933 740 1976; x_wconf 83' lang='lat' dir='ltr'>pugnare</span> <span class='ocrx_word' id='word_1_226' title='bbox 766 1917 1060 1976; x_wconf 90' lang='lat' dir='ltr'>compelleret.</span> <span class='ocrx_word' id='word_1_227' title='bbox 1095 1919 1203 1969; x_wconf 81' lang='lat' dir='ltr'>Quae</span> <span class='ocrx_word' id='word_1_228' title='bbox 1231 1917 1438 1974; x_wconf 87' lang='lat' dir='ltr'>quoniam</span> <span class='ocrx_word' id='word_1_229' title='bbox 1466 1930 1584 1959; x_wconf 88' lang='lat' dir='ltr'>nunc</span> <span class='ocrx_word' id='word_1_230' title='bbox 1610 1915 1705 1960; x_wconf 89' lang='lat' dir='ltr'>talis</span> <span class='ocrx_word' id='word_1_231' title='bbox 1733 1931 1822 1959; x_wconf 90' lang='lat' dir='ltr'>non</span> <span class='ocrx_word' id='word_1_232' title='bbox 1856 1930 1860 1959; x_wconf 75' lang='grc'>’,</span> 
     </span>
     <span class='ocr_line' id='line_1_27' title="bbox 433 1986 1860 2045; baseline 0.001 -15"><span class='ocrx_word' id='word_1_233' title='bbox 433 1995 523 2040; x_wconf 89' lang='lat' dir='ltr'>est,</span> <span class='ocrx_word' id='word_1_234' title='bbox 549 1987 625 2030; x_wconf 87' lang='lat' dir='ltr'>sed</span> <span class='ocrx_word' id='word_1_235' title='bbox 645 1987 734 2045; x_wconf 86' lang='lat' dir='ltr'>ipsa</span> <span class='ocrx_word' id='word_1_236' title='bbox 756 1986 874 2030; x_wconf 89' lang='lat' dir='ltr'>licita</span> <span class='ocrx_word' id='word_1_237' title='bbox 897 1986 1132 2040; x_wconf 84' lang='lat' dir='ltr'>inhianter,</span> <span class='ocrx_word' id='word_1_238' title='bbox 1153 2000 1238 2028; x_wconf 84' lang='lat' dir='ltr'>non</span> <span class='ocrx_word' id='word_1_239' title='bbox 1262 1986 1613 2043; x_wconf 81' lang='lat' dir='ltr'>obtemperanter</span> <span class='ocrx_word' id='word_1_240' title='bbox 1634 1986 1822 2044; x_wconf 70' lang='lat' dir='ltr'>appetit,</span> <span class='ocrx_word' id='word_1_241' title='bbox 1856 1999 1860 2031; x_wconf 59' lang='grc' dir='ltr'><em>ι</em></span> 
     </span>
     <span class='ocr_line' id='line_1_28' title="bbox 434 2054 1860 2115; baseline -0.001 -16"><span class='ocrx_word' id='word_1_242' title='bbox 434 2056 482 2100; x_wconf 90' lang='lat' dir='ltr'>in</span> <span class='ocrx_word' id='word_1_243' title='bbox 498 2054 656 2100; x_wconf 89' lang='lat' dir='ltr'>illicitis</span> <span class='ocrx_word' id='word_1_244' title='bbox 674 2065 820 2101; x_wconf 89' lang='lat' dir='ltr'>autem</span> <span class='ocrx_word' id='word_1_245' title='bbox 840 2066 915 2100; x_wconf 90' lang='lat' dir='ltr'>aut</span> <span class='ocrx_word' id='word_1_246' title='bbox 932 2057 1129 2115; x_wconf 87' lang='lat' dir='ltr'>spiritum</span> <span class='ocrx_word' id='word_1_247' title='bbox 1149 2054 1320 2114; x_wconf 86' lang='lat' dir='ltr'>dejicit,</span> <span class='ocrx_word' id='word_1_248' title='bbox 1352 2065 1427 2099; x_wconf 86' lang='lat' dir='ltr'>aut</span> <span class='ocrx_word' id='word_1_249' title='bbox 1449 2064 1599 2100; x_wconf 87' lang='lat' dir='ltr'>contra</span> <span class='ocrx_word' id='word_1_250' title='bbox 1624 2055 1822 2114; x_wconf 89' lang='lat' dir='ltr'>spiritum</span> <span class='ocrx_word' id='word_1_251' title='bbox 1856 2060 1860 2098; x_wconf 71' lang='lat' dir='ltr'>&#39;z</span> 
     </span>
    </p>
   </div>
   <div class='ocr_carea' id='block_1_14' title="bbox 436 2125 1824 2256">
    <p class='ocr_par' dir='ltr' id='par_1_14' title="bbox 436 2125 1824 2256">
     <span class='ocr_line' id='line_1_29' title="bbox 436 2125 1824 2186; baseline -0.001 -16"><span class='ocrx_word' id='word_1_252' title='bbox 436 2125 728 2186; x_wconf 70' lang='lat' dir='ltr'>concupiscit,</span> <span class='ocrx_word' id='word_1_253' title='bbox 765 2127 985 2186; x_wconf 84' lang='lat' dir='ltr'>agnoscite</span> <span class='ocrx_word' id='word_1_254' title='bbox 1018 2125 1182 2169; x_wconf 87' lang='lat' dir='ltr'>malum</span> <span class='ocrx_word' id='word_1_255' title='bbox 1209 2126 1358 2170; x_wconf 83' lang='lat' dir='ltr'>vitiata</span> <span class='ocrx_word' id='word_1_256' title='bbox 1383 2136 1550 2171; x_wconf 82' lang='lat' dir='ltr'>naturae</span> <span class='ocrx_word' id='word_1_257' title='bbox 1577 2126 1824 2184; x_wconf 86' lang='lat' dir='ltr'>integritate</span> 
     </span>
     <span class='ocr_line' id='line_1_30' title="bbox 436 2194 1824 2256; baseline -0.001 -16"><span class='ocrx_word' id='word_1_258' title='bbox 436 2205 709 2240; x_wconf 83' lang='lat' dir='ltr'>contractum</span> <span class='ocrx_word' id='word_1_259' title='bbox 731 2216 740 2241; x_wconf 88' lang='lat'>:</span> <span class='ocrx_word' id='word_1_260' title='bbox 761 2212 852 2256; x_wconf 85' lang='lat' dir='ltr'>quo</span> <span class='ocrx_word' id='word_1_261' title='bbox 872 2196 984 2240; x_wconf 92' lang='lat' dir='ltr'>malo</span> <span class='ocrx_word' id='word_1_262' title='bbox 1002 2196 1112 2239; x_wconf 88' lang='lat' dir='ltr'>bene</span> <span class='ocrx_word' id='word_1_263' title='bbox 1132 2196 1270 2239; x_wconf 82' lang='lat' dir='ltr'>utitur</span> <span class='ocrx_word' id='word_1_264' title='bbox 1287 2195 1555 2254; x_wconf 85' lang='lat' dir='ltr'>propagandi</span> <span class='ocrx_word' id='word_1_265' title='bbox 1572 2194 1718 2240; x_wconf 84' lang='lat' dir='ltr'>officio</span> <span class='ocrx_word' id='word_1_266' title='bbox 1740 2210 1824 2240; x_wconf 90' lang='lat' dir='ltr'>cas-</span> 
     </span>
    </p>
   </div>
   <div class='ocr_carea' id='block_1_15' title="bbox 438 2266 1861 2327">
    <p class='ocr_par' dir='ltr' id='par_1_15' title="bbox 438 2266 1861 2327">
     <span class='ocr_line' id='line_1_31' title="bbox 438 2266 1861 2327; baseline -0.001 -15"><span class='ocrx_word' id='word_1_267' title='bbox 438 2267 536 2312; x_wconf 87' lang='lat' dir='ltr'>titas</span> <span class='ocrx_word' id='word_1_268' title='bbox 569 2269 806 2327; x_wconf 79' lang='lat' dir='ltr'>conjugum</span> <span class='ocrx_word' id='word_1_269' title='bbox 821 2303 831 2323; x_wconf 96' lang='lat'>,</span> <span class='ocrx_word' id='word_1_270' title='bbox 856 2276 899 2311; x_wconf 87' lang='lat' dir='ltr'>et</span> <span class='ocrx_word' id='word_1_271' title='bbox 919 2267 973 2311; x_wconf 92' lang='lat' dir='ltr'>de</span> <span class='ocrx_word' id='word_1_272' title='bbox 995 2283 1084 2327; x_wconf 91' lang='lat' dir='ltr'>quo</span> <span class='ocrx_word' id='word_1_273' title='bbox 1107 2266 1221 2311; x_wconf 87' lang='lat' dir='ltr'>malo</span> <span class='ocrx_word' id='word_1_274' title='bbox 1246 2267 1422 2310; x_wconf 87' lang='lat' dir='ltr'>ducitur</span> <span class='ocrx_word' id='word_1_275' title='bbox 1438 2267 1722 2324; x_wconf 83' lang='lat' dir='ltr'>generationis</span> <span class='ocrx_word' id='word_1_276' title='bbox 1741 2266 1825 2311; x_wconf 77' lang='lat' dir='ltr'>ol)-</span> <span class='ocrx_word' id='word_1_277' title='bbox 1859 2298 1861 2302; x_wconf 86' lang='lat'><em>.</em></span> 
     </span>
    </p>
   </div>
   <div class='ocr_carea' id='block_1_16' title="bbox 438 2336 1498 2396">
    <p class='ocr_par' dir='ltr' id='par_1_16' title="bbox 438 2336 1498 2396">
     <span class='ocr_line' id='line_1_32' title="bbox 438 2336 1498 2396; baseline -0.002 -15"><span class='ocrx_word' id='word_1_278' title='bbox 438 2338 578 2383; x_wconf 80' lang='lat' dir='ltr'>noxiae</span> <span class='ocrx_word' id='word_1_279' title='bbox 595 2338 821 2382; x_wconf 87' lang='lat' dir='ltr'>vinculum</span> <span class='ocrx_word' id='word_1_280' title='bbox 839 2373 850 2392; x_wconf 97' lang='lat'>,</span> <span class='ocrx_word' id='word_1_281' title='bbox 877 2337 1201 2396; x_wconf 87' lang='lat' dir='ltr'>regeneratione</span> <span class='ocrx_word' id='word_1_282' title='bbox 1227 2336 1498 2380; x_wconf 89' lang='lat' dir='ltr'>solvendum.</span> 
     </span>
    </p>
   </div>
   <div class='ocr_carea' id='block_1_17' title="bbox 437 2395 1884 2538">
    <p class='ocr_par' dir='ltr' id='par_1_17' title="bbox 437 2395 1884 2538">
     <span class='ocr_line' id='line_1_33' title="bbox 498 2395 1884 2467; baseline -0.004 -15"><span class='ocrx_word' id='word_1_283' title='bbox 498 2411 657 2452; x_wconf 82' lang='lat' dir='ltr'>LXXI.</span> <span class='ocrx_word' id='word_1_284' title='bbox 685 2411 912 2453; x_wconf 65' lang='lat' dir='ltr'>Jcmmts.</span> <span class='ocrx_word' id='word_1_285' title='bbox 946 2427 964 2449; x_wconf 86' lang='lat'>«</span> <span class='ocrx_word' id='word_1_286' title='bbox 988 2407 1071 2452; x_wconf 89' lang='lat' dir='ltr'>Sed</span> <span class='ocrx_word' id='word_1_287' title='bbox 1085 2407 1139 2451; x_wconf 88' lang='lat' dir='ltr'>de</span> <span class='ocrx_word' id='word_1_288' title='bbox 1162 2408 1244 2452; x_wconf 89' lang='lat' dir='ltr'>hoc</span> <span class='ocrx_word' id='word_1_289' title='bbox 1266 2407 1365 2450; x_wconf 87' lang='lat' dir='ltr'>satis</span> <span class='ocrx_word' id='word_1_290' title='bbox 1389 2406 1442 2449; x_wconf 90' lang='lat' dir='ltr'>sit</span> <span class='ocrx_word' id='word_1_291' title='bbox 1458 2440 1468 2460; x_wconf 91' lang='lat'>,</span> <span class='ocrx_word' id='word_1_292' title='bbox 1495 2422 1613 2451; x_wconf 90' lang='lat' dir='ltr'>nunc</span> <span class='ocrx_word' id='word_1_293' title='bbox 1639 2423 1738 2467; x_wconf 80' lang='lat' dir='ltr'>quae</span> <span class='ocrx_word' id='word_1_294' title='bbox 1760 2422 1827 2451; x_wconf 89' lang='lat' dir='ltr'>se-</span> <span class='ocrx_word' id='word_1_295' title='bbox 1857 2395 1861 2454; x_wconf 71' lang='lat'>3</span> <span class='ocrx_word' id='word_1_296' title='bbox 1882 2442 1884 2447; x_wconf 87' lang='lat'><em>.</em></span> 
     </span>
     <span class='ocr_line' id='line_1_34' title="bbox 437 2475 1884 2538; baseline -0.003 -16"><span class='ocrx_word' id='word_1_297' title='bbox 437 2488 638 2538; x_wconf 86' lang='lat' dir='ltr'>quuntur</span> <span class='ocrx_word' id='word_1_298' title='bbox 656 2479 872 2538; x_wconf 88' lang='lat' dir='ltr'>arripiam.</span> <span class='ocrx_word' id='word_1_299' title='bbox 898 2497 917 2520; x_wconf 93' lang='lat'>»</span> <span class='ocrx_word' id='word_1_300' title='bbox 936 2481 985 2522; x_wconf 90' lang='lat' dir='ltr'>ln</span> <span class='ocrx_word' id='word_1_301' title='bbox 1001 2479 1198 2537; x_wconf 88' lang='lat' dir='ltr'>corpore¹</span> <span class='ocrx_word' id='word_1_302' title='bbox 1213 2477 1344 2535; x_wconf 88' lang='lat' dir='ltr'>igitur</span> <span class='ocrx_word' id='word_1_303' title='bbox 1359 2476 1509 2523; x_wconf 84' lang='lat' dir='ltr'>mortis</span> <span class='ocrx_word' id='word_1_304' title='bbox 1531 2477 1677 2538; x_wconf 86' lang='lat' dir='ltr'>hujus,</span> <span class='ocrx_word' id='word_1_305' title='bbox 1698 2477 1827 2537; x_wconf 85' lang='lat' dir='ltr'>quale</span> <span class='ocrx_word' id='word_1_306' title='bbox 1858 2502 1862 2524; x_wconf 62' lang='lat'><em>&gt;</em></span> <span class='ocrx_word' id='word_1_307' title='bbox 1880 2475 1884 2517; x_wconf 83' lang='grc' dir='ltr'>Ξ</span> 
     </span>
    </p>
   </div>
   <div class='ocr_carea' id='block_1_18' title="bbox 488 2562 1073 2606">
    <p class='ocr_par' dir='ltr' id='par_1_18' title="bbox 488 2562 1073 2606">
     <span class='ocr_line' id='line_1_35' title="bbox 488 2562 1073 2606; baseline -0.002 -12"><span class='ocrx_word' id='word_1_308' title='bbox 488 2570 496 2586; x_wconf 81' lang='lat'><strong>¹</strong></span> <span class='ocrx_word' id='word_1_309' title='bbox 517 2563 595 2596; x_wconf 60' lang='lat' dir='ltr'>Vide</span> <span class='ocrx_word' id='word_1_310' title='bbox 612 2562 669 2595; x_wconf 80' lang='lat' dir='ltr'>lib.</span> <span class='ocrx_word' id='word_1_311' title='bbox 691 2573 713 2596; x_wconf 87' lang='lat' dir='ltr'>n</span> <span class='ocrx_word' id='word_1_312' title='bbox 730 2562 770 2597; x_wconf 86' lang='lat' dir='ltr'>de</span> <span class='ocrx_word' id='word_1_313' title='bbox 788 2563 926 2606; x_wconf 76' lang='lat' dir='ltr'>Nuptiis,</span> <span class='ocrx_word' id='word_1_314' title='bbox 950 2572 1021 2605; x_wconf 86' lang='lat' dir='ltr'>cap.</span> <span class='ocrx_word' id='word_1_315' title='bbox 1043 2570 1073 2594; x_wconf 83' lang='lat'>2.</span> 
     </span>
    </p>
   </div>
  </div>
 </body>
</html>
