1821 3264
0 1133 2 1150 t

0 1157 4 1240 t

0 1373 1 1393 l

0 1406 2 1428 l

256 245 400 272 OPERIS
431 245 608 273 IMPERF.
643 244 805 272 CONTRA
838 246 1007 274 JULIAN.
1045 248 1126 276 Lm.
1163 249 1211 276 11.
1347 235 1431 277 425

49 310 188 368 legem
207 310 370 369 justitia
396 319 440 354 et
465 309 572 354 fides
608 312 966 357 remunerationis
990 328 1078 357 suae
1102 313 1317 358 fructibus
1340 315 1431 374 pri-

48 389 159 425 vatae
176 396 264 425 non
285 389 415 438 sunt3
440 389 633 435 constat,
661 397 747 425 non
776 382 830 425 ad
864 391 1082 427 truncatas
1116 384 1231 430 ferro
1263 401 1427 441 carnes,

48 449 124 494 sed
143 449 196 494 ad
218 449 404 495 illustres
434 451 651 509 probitate
686 461 849 495 mentes
873 453 1163 511 promissionis
1196 454 1310 499 illius
1335 455 1430 514 glo-

46 521 153 565 riam
175 522 401 581 pertinere.
426 523 630 583 Sequitur
648 531 791 566 autem
811 522 1018 567 fulminea
1041 533 1191 568 contra
1208 525 1429 570 traducem

46 592 258 636 sententia
287 595 404 637 :Lex
425 593 564 646 enim,
605 592 770 653 inquit,
805 593 914 638 iram
938 603 1163 652 operatur,
1188 595 1265 639 ubi
1285 604 1430 641 autem

45 677 134 706 non
148 671 212 706 est
228 662 337 718 lex1,
373 678 453 708 nec
477 663 785 722 praevaricatio.
823 663 1039 708 Persuade
1066 680 1168 723 ergo
1190 664 1327 723 legem
1349 666 1427 710 da-

44 741 131 789 tam
151 748 240 777 esse
261 736 498 794 conceptis,
519 734 659 792 legem
688 749 811 794 posse
840 733 932 778 dari
955 736 1233 780 nascentibus
1251 758 1261 794 3
1286 746 1336 781 ut
1357 752 1429 781 eos

42 804 408 863 praevaricationis
441 820 534 849 reos
570 805 698 864 possit
731 820 924 862 arguere.
965 808 1181 851 Caeterum
1222 823 1300 852 nos
1327 823 1428 852 cum

42 874 251 934 Apostolo
274 875 511 931 credimus,
539 891 668 936 quem
700 875 809 919 nihil
839 885 986 920 contra
1017 878 1226 922 rationem
1252 879 1428 923 sensisse

41 945 341 1001 defendimus,
363 962 449 991 non
469 962 558 991 esse
577 947 620 990 in
640 962 688 990 ea
703 954 830 990 aetate
849 947 1264 1005 praevaricationem,
1284 950 1329 992 in
1343 965 1429 1009 qua

39 1014 109 1059 lex
129 1031 217 1060 esse
238 1032 326 1060 non
349 1017 516 1076 potuit3
544 1017 646 1076 quia
671 1016 747 1060 ubi
770 1032 859 1060 non
882 1026 945 1060 est
962 1017 1046 1071 lex,
1072 1033 1152 1062 nec
1169 1021 1428 1078 praevarica—

40 1086 101 1129 tio
122 1104 130 1129 ι
156 1102 255 1146 quae
272 1087 341 1130 lex
358 1088 464 1131 iram
490 1096 710 1146 operatur,
731 1102 819 1131 non
842 1087 947 1131 vitio
969 1102 1063 1143 suo,
1089 1088 1164 1132 sed
1182 1104 1330 1134 eorum
1346 1090 1428 1133 ini-

40 1157 223 1216 quitate,
249 1158 324 1217 qui
348 1167 525 1217 peccata
548 1159 781 1202 virtutibus
795 1167 1082 1217 anteponunt.
1111 1178 1129 1198 η

98 1229 390 1273 Amrsmns.
417 1231 513 1274 Non
533 1238 595 1272 est
625 1244 727 1288 ergo
753 1232 840 1272 Lex
864 1229 1024 1274 Christi
1051 1248 1059 1273 :
1087 1247 1107 1270 «
1130 1230 1218 1274 Nisi
1245 1231 1340 1290 quis
1358 1246 1426 1273 re-

42 1315 63 1338 »
96 1307 224 1342 natus
245 1298 377 1343 fuerit
410 1314 460 1343 ex
492 1315 604 1359 aqua
634 1308 676 1343 et
702 1299 861 1359 Spiritu
882 1334 892 1353 ,
918 1315 1006 1343 non
1039 1309 1180 1358 potest
1202 1301 1362 1344 intrare
1384 1302 1429 1345 in

43 1385 64 1408 n
99 1383 281 1425 regnum
304 1370 380 1413 Dei
403 1372 452 1414 ²?
474 1389 492 1411 »
511 1385 641 1429 quam
662 1374 821 1428 Legem
843 1369 978 1425 vides,
1004 1371 1131 1414 etiam
1154 1371 1210 1415 ad
1228 1371 1429 1431 parvulos

40 1439 273 1498 pertinere.
297 1442 458 1484 Verum
484 1451 532 1486 tu
553 1441 623 1485 die
652 1442 812 1499 potius,
833 1440 1040 1499 parvulus
1064 1443 1187 1502 cujus
1206 1443 1346 1486 anima
1368 1443 1429 1486 in-

0 1542 1 1549 t
41 1510 200 1554 teribat
217 1511 271 1554 de
285 1525 441 1568 genere
463 1513 570 1571 ejus,
588 1512 622 1555 si
640 1511 710 1555 die
733 1527 821 1555 non
839 1511 1222 1556 circumcideretur
1236 1514 1425 1567 octavo3,

0 1599 1 1602 ¹
39 1582 161 1641 cujus
176 1584 538 1641 praevaricationis
560 1582 840 1641 arguebatur,
863 1592 912 1625 ut
934 1583 1007 1626 tali
1031 1583 1243 1643 supplicio
1267 1583 1429 1642 plecte-

39 1661 158 1696 retur
179 1654 196 1696 ?
217 1653 304 1697 Nisi
341 1654 441 1712 quia
468 1654 558 1712 ipse
581 1654 626 1696 in
649 1669 692 1697 se
712 1654 804 1712 ipso
833 1653 939 1696 nihil
963 1669 1166 1712 peccans,
1198 1654 1430 1698 tenebatur

39 1738 136 1767 reus
167 1724 213 1768 in
249 1724 531 1769 similitudine
555 1725 918 1784 praevaricationis
949 1724 1078 1779 Adae,
1101 1725 1145 1768 in
1168 1741 1255 1785 quo
1279 1740 1429 1770 omnes

39 1797 370 1853 peccaverunt4.
390 1799 498 1849 Quae
520 1796 651 1839 verba
670 1795 915 1855 apostolica,
938 1804 1025 1840 tam
1048 1795 1162 1840 clara
1177 1797 1424 1851 obscurare,

39 1874 128 1909 tam
148 1875 262 1911 recta
285 1882 465 1912 curvare
482 1903 493 1923 ,
519 1869 684 1927 ingenti
706 1867 883 1927 quidem
903 1903 913 1923 ,
938 1867 1013 1911 sed
1034 1869 1151 1912 inani
1182 1868 1332 1912 labore
1354 1883 1429 1913 co-

38 1936 168 1982 naris.

98 2008 275 2052 CLXII.
303 2010 481 2052 JULIANt
498 2029 530 2053 s.
562 2028 580 2049 «
608 2009 879 2068 Approbavit
901 2025 1002 2068 ergo
1039 2009 1269 2069 Apostolus
1288 2045 1298 2064 ,
1325 2011 1428 2070 quia

39 2093 129 2122 non
157 2078 210 2121 sit
232 2079 538 2123 tantummodo
566 2080 775 2138 scriptum
812 2089 986 2138 propter
1024 2081 1242 2124 Abraham
1264 2116 1275 2136 ,
1308 2080 1428 2140 quod

40 2157 290 2206 reputatum
327 2157 390 2192 est
412 2148 473 2192 illi
496 2149 549 2192 acl
569 2149 779 2208 justitiam
805 2169 815 2205 3
847 2149 920 2192 sed
945 2159 987 2193 et
1010 2160 1185 2210 propter
1205 2165 1298 2205 nos,
1329 2150 1429 2209 qui-

40 2218 122 2262 bus
150 2218 241 2261 sine
270 2218 406 2262 dubio
437 2228 678 2278 reputatur,
715 2235 814 2263 cum
851 2221 894 2263 in
920 2223 1055 2264 Deum
1080 2221 1316 2275 credimus,
1353 2221 1428 2280 qui

40 2290 187 2332 Jesum
212 2289 433 2333 Christum
459 2305 508 2332 ex
527 2291 706 2334 mortuis
723 2290 925 2334 excitavit
947 2309 955 2334 :
985 2309 1003 2332 «
1032 2291 1116 2344 Qui
1141 2291 1323 2335 traditus
1346 2301 1424 2345 est,

43 2378 63 2401 »
96 2360 264 2419 inquit,
305 2370 480 2419 propter
509 2360 665 2405 delicta
706 2371 851 2406 nostra
873 2397 884 2417 ,
926 2371 968 2406 et
990 2363 1220 2406 resurrexit
1252 2371 1428 2422 propter

46 2447 65 2470 »
95 2429 446 2488 justificationem
468 2434 702 2476 nostram⁵.
727 2451 745 2473 »

91 2539 100 2554 ¹
121 2534 209 2565 Rom.
232 2545 280 2574 iv,
300 2534 350 2566 15.
366 2542 428 2557 —2
448 2537 540 2567 Joan.
562 2546 610 2573 111,
631 2534 718 2567 5.—
735 2533 746 2558 3
764 2538 842 2570 Gen.
864 2547 943 2576 xvii,
966 2535 995 2577 4.
1012 2553 1052 2558 ——
1068 2534 1080 2554 s
1101 2538 1192 2569 Rom.
1212 2547 1246 2577 v,
1270 2534 1426 2577 14ct12.
1471 2530 1478 2537 ”

42 2606 81 2612 -—
98 2587 111 2611 5
130 2589 172 2620 ld.
197 2601 241 2631 tv,
260 2591 300 2622 ‘23
319 2595 351 2622 et
368 2590 421 2632 24.
