1884 3285
450 221 530 261 194
877 226 910 254 s.
947 226 1176 256 Arc‘usnm
1209 228 1387 256 131>1sco121

449 307 498 340 ut
522 305 627 339 tunc
649 293 811 337 oblatio
831 292 1057 336 serviebat.
1080 291 1236 337 Modus
1262 307 1365 336 vero
1384 292 1474 350 ejus
1495 300 1559 336 est
1580 291 1648 336 vel
1671 300 1830 350 status,
1876 308 1884 336 ι

447 365 567 425 quod
584 379 665 408 nec
687 363 891 423 cuiquam
914 362 1097 422 amplius
1118 378 1250 423 quam
1277 363 1385 406 vires
1406 363 1632 420 patiuntur
1654 362 1824 419 indicit,
1877 378 1884 408 ι

445 434 514 479 vel
531 433 652 494 quod
668 432 1006 478 misericordiam
1023 448 1111 478 non
1132 431 1340 477 retundit.
1357 431 1550 485 Qualitas
1570 441 1715 478 autem
1736 434 1828 492 ejus

446 503 730 562 intelligitur,
763 519 840 563 per
861 518 994 562 quam
1024 503 1104 563 piis
1132 503 1351 548 mentibus
1375 503 1486 561 sapit
1515 501 1715 547 dulciter.
1747 505 1829 550 Est

445 576 578 635 igitur
599 575 753 634 procul
769 574 907 619 dubio
921 575 1101 634 justitia,
1126 575 1217 619 sine
1239 590 1325 634 qua
1349 574 1490 618 Deitas
1512 589 1600 618 non
1619 583 1706 632 est,
1727 589 1828 634 quae

444 651 479 692 si
495 662 584 692 non
602 656 728 701 esset,
753 650 867 690 Deus
891 661 980 690 non
1002 655 1111 691 esset
1129 665 1137 690 :
1163 655 1226 690 est
1243 654 1389 690 autem
1411 648 1525 689 Deus
1543 680 1554 700 ‚
1585 654 1649 689 est
1679 645 1828 705 itaque

444 720 535 763 sine
553 718 836 776 ambiguitate
849 717 1027 778 justitia.
1050 720 1147 763 Non
1163 727 1226 762 est
1248 727 1392 762 autem
1407 715 1525 761 aliud
1545 707 1678 775 quam
1692 716 1828 762 virtus

443 789 589 833 omnia
632 789 859 832 continens
879 823 889 843 ,
924 797 967 832 et
1001 789 1230 832 restituens
1266 803 1394 832 suum
1433 787 1672 847 unicuique
1687 821 1700 842 ,
1736 787 1829 834 sine
1880 808 1884 823 ι

441 858 614 915 fraude,
639 859 732 904 sine
759 860 908 918 gratia.
929 859 1134 905 Consistit
1153 868 1297 904 autem
1323 859 1507 903 maxime
1524 858 1570 902 in
1591 856 1829 904 divinitatis
1883 878 1884 882 ¹

440 929 679 989 profundo.
702 948 724 972 »

501 1005 793 1046 Atatsnmsss.
831 1000 1030 1044 Definisti
1074 1014 1163 1044 esse
1191 1000 1405 1061 justitiam
1437 999 1644 1044 virtutem
1680 999 1829 1045 omnia

442 1075 740 1118 continentem
767 1107 777 1127 ,
824 1081 866 1116 et
901 1072 1200 1116 restituentem
1243 1087 1370 1116 suum
1413 1071 1653 1132 unicuique
1682 1105 1694 1127 ,
1737 1072 1836 1116 sine'

441 1144 595 1189 fraude
613 1180 623 1199 ‚
662 1145 753 1187 sine
783 1143 934 1200 gratia.
974 1143 1160 1187 Proinde
1198 1142 1397 1187 videmus
1427 1158 1522 1187 eam
1551 1143 1645 1187 sine
1674 1142 1830 1188 fraude

442 1216 675 1260 restituisse
708 1213 939 1257 denarium
974 1214 1059 1268 eis,
1095 1214 1170 1273 qui
1198 1229 1276 1273 per
1306 1223 1447 1258 totum
1481 1214 1597 1258 diem
1628 1214 1674 1258 in
1701 1229 1831 1274 opere

441 1286 578 1330 vineae
594 1284 899 1329 laboraverant
925 1302 933 1328 :
955 1284 1038 1328 hoc
1053 1283 1169 1327 enim
1186 1283 1423 1343 placuerat,
1444 1285 1527 1329 hoc
1547 1293 1827 1341 convenerat,

443 1355 499 1400 ad
520 1358 632 1400 hanc
655 1355 901 1400 mercedem
931 1370 975 1399 se
995 1353 1126 1399 fuisse
1148 1355 1389 1400 conductos
1412 1371 1569 1415 negare
1593 1371 1684 1400 non
1707 1365 1832 1415 pote-

445 1436 543 1471 rant
563 1430 594 1471 1.
629 1427 712 1472 Sed
735 1427 804 1471 dic
833 1426 954 1481 mihi,
972 1441 1122 1486 quaeso
1149 1435 1209 1482 te,
1248 1427 1471 1487 quomodo
1491 1429 1551 1472 eis
1568 1427 1661 1472 sine
1695 1428 1832 1487 gratia

447 1499 718 1543 tantumdem
741 1498 878 1553 dedit,
903 1499 978 1557 qui
1000 1513 1087 1541 una
1110 1499 1215 1542 hora
1239 1498 1283 1541 in
1302 1498 1378 1543 illo
1398 1513 1528 1558 opere
1546 1498 1741 1543 fuerunt.
1762 1501 1831 1543 An

445 1570 645 1614 amiserat
671 1568 849 1614 fortasse
867 1569 1079 1629 justitiam
1101 1569 1302 1614 ‘?Cohibe
1324 1570 1472 1629 itaque
1495 1579 1539 1614 te
1559 1571 1717 1630 potius.
1743 1572 1830 1615 Ne-

445 1640 608 1684 minem
640 1641 803 1700 quippe
831 1637 1006 1684 sraudat
1038 1639 1183 1683 divina
1202 1640 1367 1699 justitia
1396 1659 1404 1684 :
1439 1639 1514 1685 sed
1538 1641 1675 1685 multa
1696 1639 1833 1684 donat

444 1726 534 1755 non
556 1710 825 1754 merentibus
847 1709 996 1768 gratia.
1014 1712 1106 1754 Cur
1121 1719 1266 1754 autem
1288 1710 1391 1754 huic
1414 1711 1474 1755 sic
1495 1745 1505 1766 ,
1525 1710 1588 1754 illi
1611 1720 1756 1755 autem
1773 1711 1832 1756 sic

444 1782 586 1840 aspice
602 1781 723 1841 quod
740 1790 912 1824 secutus
935 1780 1148 1839 adjungis.
1170 1781 1398 1825 Verissime
1412 1782 1575 1842 quippe
1597 1781 1718 1838 dicis,
1737 1796 1831 1826 eam

443 1853 678 1897 consistere
707 1851 890 1895 maxime
911 1851 958 1894 in
979 1850 1215 1896 divinitatis
1243 1851 1480 1911 profundo.
1505 1871 1524 1895 κ
1549 1855 1598 1897 In
1620 1853 1705 1898 hoc
1726 1868 1831 1913 pro·

444 1941 466 1966 »
487 1923 631 1968 fundo
652 1932 715 1967 est
735 1957 746 1978 ,
776 1921 895 1982 quod
918 1937 1061 1982 neque
1084 1922 1294 1978 volentis,
1321 1939 1466 1984 neque
1493 1925 1707 1969 currentis
1725 1959 1736 1980 ,
1755 1923 1831 1969 sed

445 1994 730 2038 »miserentis
759 2002 824 2037 est
848 1993 927 2037 Dei
956 1995 987 2036 ².
1022 2013 1035 2032 1>
1066 1996 1118 2037 In
1136 1993 1220 2038 hoc
1245 1994 1466 2054 profundo
1488 2004 1576 2053 est,
1606 1996 1727 2055 quod
1757 1995 1831 2040 ille

442 2065 649 2125 parvulus
673 2066 718 2108 in
751 2065 962 2108 honorem
991 2063 1224 2123 adoptatur
1246 2080 1324 2124 per
1346 2067 1681 2124 regenerationis
1707 2066 1828 2112 lava·

442 2151 582 2191 crum,
606 2135 680 2179 ille
693 2135 737 2178 in
761 2133 1024 2179 contumelia
1051 2133 1326 2194 relinquitur,
1351 2151 1441 2180 non
1459 2136 1755 2182 admittendus
1773 2137 1829 2182 ad

439 2222 626 2267 regnum
647 2227 657 2265 ς
689 2222 788 2251 cum
811 2206 1040 2250 amborum
1062 2206 1108 2249 in
1129 2215 1330 2250 neutram
1357 2216 1526 2266 partem
1546 2208 1601 2254 sit
1623 2205 1827 2254 meritum

437 2294 516 2339 per
537 2277 772 2323 voluntatis
794 2277 1035 2320 arbitrium.

495 2350 704 2393 XXXIX.
737 2350 964 2391 Jthm-s.
993 2366 1007 2386 «
1041 2346 1350 2391 Testimonium
1371 2363 1490 2404 vero,
1511 2358 1560 2394 ut
1581 2349 1636 2394 ab
1649 2359 1826 2396 auctore

436 2436 531 2471 suo,
547 2421 607 2464 ita
629 2419 758 2463 etiam
775 2417 843 2462 vel
863 2433 885 2461 a
902 2417 1062 2476 probiS,
1082 2417 1149 2460 vel
1167 2416 1222 2461 ab
1244 2418 1455 2477 improbis
1471 2429 1678 2476 meretur,
1703 2421 1824 2482 quod

434 2500 477 2535 et
505 2491 601 2536 illos
631 2491 728 2550 jure
764 2488 1010 2549 provexerit
1028 2522 1039 2542 ,
1064 2496 1107 2533 et
1134 2487 1236 2533 istos
1262 2489 1360 2548 jure
1392 2488 1678 2538 damnaverit.
1709 2493 1822 2538 Cum

482 2583 490 2600 ι
511 2576 625 2609 Matth.
649 2585 702 2608 xx.
717 2591 758 2598 --
772 2580 785 2597 ²
805 2577 897 2608 Rom.
922 2584 967 2615 ix,
990 2573 1042 2606 16.
