1821 3264
339 255 393 283 nn
425 249 825 281 mxuma-mumma
856 249 1124 279 mucronum.
1375 239 1431 279 59

46 322 178 369 fidem
197 357 207 377 ‚
234 320 308 365 sed
328 318 583 363 sufficientia
614 325 757 360 nostra
787 332 837 360 ex
859 319 948 361 Deo
975 325 1037 360 est
1059 335 1068 361 2
1092 315 1300 376 quoniam
1325 315 1434 359 fides

46 395 80 439 si
103 408 192 437 non
214 391 447 448 cogitetur,
470 386 590 431 nulla
613 395 676 430 est
697 407 708 443 3
730 394 773 429 et
795 401 881 430 non
907 402 1055 430 sumus
1076 385 1222 430 idonei
1247 385 1434 443 cogitare

49 462 219 523 aliquid
240 460 364 522 quasi
385 475 438 504 ex
460 457 778 516 nobismetipsis
796 491 806 511 ,
832 457 907 501 sed
939 457 1195 500 sufficientia
1217 465 1363 501 nostra
1385 471 1434 500 ex

48 539 137 582 Deo
150 543 228 578 est.

107 607 182 649 VI.
216 602 470 649 Cavendum
490 610 554 644 est
571 635 581 653 ‚
607 598 762 644 fratres
784 597 931 642 dilecti
955 613 977 641 a
1001 600 1090 642 Deo
1115 632 1126 652 ,
1156 612 1210 640 ne
1233 597 1365 640 homo
1394 612 1438 641 se

49 675 226 721 extollat
243 674 447 719 adversus
474 675 628 724 Deum,
651 685 751 714 cum
780 685 823 713 se
840 668 945 713 dicit
966 667 1108 712 facere
1130 666 1249 726 quod
1274 668 1438 726 promi-

50 748 104 793 sit
128 751 255 791 Deus.
283 748 380 790 Non
401 759 455 787 ne
477 744 585 787 fides
614 741 808 801 gentium
833 740 1041 800 promissa
1068 748 1130 783 est
1156 739 1369 793 Abrahae,
1398 748 1440 782 et

57 817 161 862 «ille
175 817 281 861 dans
299 815 476 875 gloriam
498 817 600 866 Deo,
617 811 864 872 plenissime
880 810 1082 865 credidit,
1102 810 1308 868 quoniam
1321 810 1443 868 quod

56 889 283 949 »promisit
302 922 312 941 ‚
341 896 494 945 potens
526 893 588 928 est
617 893 661 927 et
689 882 830 928 facere
862 885 874 908 ¹
909 885 926 924 ‘3
962 900 983 923 »
1018 884 1113 940 Ipse
1147 880 1279 940 igitur
1310 879 1441 923 fidem

53 960 246 1019 gentium
276 956 395 1011 facit,
415 956 490 1016 qui
514 964 668 1015 potens
688 963 750 997 est
773 952 916 997 facere
934 951 1057 1012 quod
1081 950 1292 1010 promisit.
1312 953 1446 993 Porro

54 1031 87 1076 si
102 1038 307 1089 operatur
330 1031 442 1072 Deus
464 1026 596 1070 fidem
621 1033 829 1077 nostram,
846 1023 956 1067 miro
974 1021 1105 1066 modo
1126 1036 1256 1079 agens
1279 1020 1323 1063 in
1346 1035 1446 1064 cor-

55 1102 183 1146 dibus
202 1100 357 1144 nostris
373 1108 422 1143 ut
448 1097 675 1142 credamus
701 1117 712 1153 3
739 1094 956 1154 numquid
980 1092 1266 1136 metuendum
1288 1100 1368 1146 est,
1393 1105 1448 1134 ne

58 1181 199 1217 totum
223 1169 365 1214 facere
387 1184 475 1213 non
507 1168 640 1227 possit
665 1188 677 1224 ς
702 1176 744 1210 et
773 1166 870 1210 ideo
901 1165 1034 1209 homo
1064 1163 1146 1208 sibi
1177 1163 1336 1222 primas
1360 1161 1450 1220 ejus

58 1243 249 1287 vindicat
267 1249 424 1300 partes,
453 1248 501 1283 ut
528 1238 778 1283 novissimas
801 1237 856 1280 ab
878 1234 954 1280 illo
977 1234 1170 1293 accipere
1192 1241 1411 1277 mereatur
1434 1233 1452 1275 Ρ

58 1312 213 1357 Videte
235 1311 268 1355 si
291 1310 410 1355 aliud
427 1311 571 1368 agitur
596 1309 679 1352 isto
695 1307 852 1361 modo,
873 1306 955 1350 nisi
973 1314 1022 1349 ut
1043 1305 1178 1363 gratia
1200 1304 1276 1348 Dei
1301 1318 1454 1347 secun-

61 1383 167 1427 dum
198 1382 347 1424 merita
387 1389 534 1424 nostra
568 1380 699 1423 detur
727 1376 927 1437 quolibet
957 1376 1122 1429 modo,
1155 1390 1203 1418 ac
1225 1376 1285 1417 sic
1317 1373 1453 1431 gratia

57 1455 145 1515 jam
168 1468 258 1497 non
279 1452 332 1496 sit
359 1451 509 1510 gratia.
537 1449 756 1494 Redditur
780 1461 970 1524 namque
997 1446 1082 1490 hoc
1115 1453 1243 1503 pacto
1267 1443 1452 1498 debita,

61 1540 150 1568 non
173 1523 363 1567 donatur
377 1522 560 1580 gratis²z
581 1520 770 1564 debetur
793 1517 908 1561 enim
926 1515 1137 1569 credenti,
1155 1524 1204 1558 ut
1227 1531 1249 1558 a
1271 1513 1457 1558 Domino

63 1597 153 1656 ipsa
178 1595 284 1639 fides
315 1595 407 1654 ejus
438 1602 679 1652 auoeatur‚
717 1599 760 1634 et
782 1591 835 1634 sit
859 1604 1021 1632 merces
1044 1587 1146 1631 fidei
1169 1596 1328 1645 coeptae
1348 1585 1458 1628 fides

64 1675 190 1712 aucta
219 1685 227 1710 :
262 1680 343 1709 nec
368 1663 632 1717 attenditur,
659 1677 760 1706 cum
784 1663 868 1706 hoc
889 1660 1078 1714 dieitur,
1104 1675 1194 1703 non
1215 1656 1458 1702 secundum

66 1739 262 1797 gratiam,
277 1737 349 1780 sed
370 1734 609 1780 secundum
634 1733 833 1778 debitum
855 1733 982 1776 istam
1004 1731 1248 1775 mercedem
1272 1729 1457 1773 creden-

66 1808 182 1852 tibus
204 1806 426 1865 imputari.
455 1807 545 1849 Cur
568 1813 715 1848 autem
737 1819 826 1846 non
858 1811 1000 1846 totum
1028 1802 1250 1844 tribuatur
1270 1798 1456 1852 homini,

66 1889 116 1923 ut
140 1879 213 1938 qui
235 1878 314 1921 sibi
333 1876 475 1936 potuit
504 1876 731 1919 instituere
745 1873 863 1933 quod
885 1888 973 1916 non
998 1872 1206 1923 habebat,
1233 1870 1322 1928 ipse
1340 1867 1461 1927 quod

67 1949 255 1994 instituit
280 1956 466 2005 augeat,
492 1945 673 1990 omnino
696 1960 783 1988 non
809 1942 935 1986 video
957 1962 966 1986 z
992 1942 1073 1984 nisi
1088 1941 1190 2000 quia
1215 1938 1351 1982 resisti
1373 1952 1461 1981 non

68 2028 210 2080 potest
236 2017 392 2062 divinis
416 2015 772 2060 manifestissimis
802 2011 1072 2064 testimoniis,
1098 2011 1258 2069 quibus
1276 2017 1319 2051 et
1338 2006 1460 2051 fides.

69 2089 189 2134 unde
213 2088 382 2147 pietatis
404 2086 630 2130 exordium
665 2084 852 2127 sumitur
868 2118 878 2136 ‚
915 2083 1078 2126 donum
1106 2080 1181 2124 Dei
1205 2094 1294 2123 esse
1316 2093 1465 2121 mons*

71 2169 210 2205 tratur
234 2178 243 2203 :
281 2158 409 2219 quale
429 2167 492 2201 est
515 2155 641 2210 illud,
677 2154 796 2214 quod
833 2173 852 2196 «
878 2154 1116 2212 unicuique
1141 2155 1254 2195 Deus
1276 2149 1466 2209 partitus

76 2241 178 2276 »est
202 2244 445 2274 mensuram
471 2227 616 2271 fidei3.
646 2245 666 2267 »
691 2229 745 2270 Et
769 2225 877 2270 illud
902 2245 945 2268 z«
966 2228 1052 2268 Pax
1069 2223 1277 2268 fratribus
1301 2230 1343 2264 et
1361 2220 1467 2263 cha-

82 2323 95 2344 »
117 2303 217 2347 ritas
237 2316 336 2346 cum
362 2300 447 2344 fide
471 2316 492 2342 a
518 2303 605 2343 Deo
630 2302 755 2342 Patre
777 2306 819 2340 et
845 2298 1027 2340 Domino
1049 2298 1150 2339 Jesu
1172 2294 1347 2338 Christo
1363 2293 1379 2316 4
1408 2311 1415 2334 :
1444 2308 1463 2331 »

75 2384 118 2419 et
150 2383 301 2417 caetera
325 2372 441 2415 talia
469 2370 629 2415 Nolens
653 2386 756 2429 ergo
780 2370 845 2413 his
870 2378 956 2411 tam
974 2368 1099 2411 claris
1120 2364 1377 2409 testimoniis
1399 2376 1470 2404 re-

77 2460 295 2523 pugnare,
318 2452 361 2486 et
380 2452 527 2486 tamen
550 2440 699 2484 volens
720 2456 741 2483 a
766 2456 809 2483 se
830 2440 923 2498 ipso
955 2438 1036 2480 sibi
1059 2452 1149 2480 esse
1171 2435 1290 2494 quod
1314 2432 1466 2484 credit,

64 2517 199 2577 ,quasi
221 2514 445 2574 componit
474 2514 605 2557 homo
630 2527 730 2556 cum
752 2514 863 2564 Deo,
891 2518 939 2552 ut
957 2517 1119 2568 partem
1145 2506 1248 2549 fidei
1271 2504 1351 2547 sibi
1375 2503 1472 2546 vin-

129 2603 250 2634 =Rom
272 2604 499 2640 1V,2oet21
517 2616 557 2620 —
571 2598 654 2629 21d
673 2609 719 2633 x1
738 2594 852 2627 6.3-
870 2589 1403 2635 1d x11‚3.—4Ephes.v1‚23
