1821 3264
248 285 392 312 OPERIS
424 284 600 312 IMPERF.
636 281 799 312 CONTRA
831 283 999 312 JULIAN.
1036 285 1118 311 Lm.
1156 286 1205 312 11.
1336 270 1419 312 409

102 339 299 384 CXLIII.
336 339 562 382 JttLIANrs.
601 356 621 378 «
646 339 772 382 Nunc
795 347 941 382 autem
963 352 1061 382 curn
1085 337 1317 397 Apostolus
1330 353 1420 382 non

45 408 181 455 solum
202 423 289 453 non
308 407 596 466 postposuerit
617 408 758 467 culpae
773 409 948 466 gratiam
962 443 972 462 ,
994 423 1141 452 verum
1164 409 1292 452 etiam
1313 423 1422 467 prae-

0 475 2 501 ;
45 479 252 540 posuerit,
269 478 416 522 dicens
431 477 570 522 multo
581 479 625 522 in
636 478 781 538 plures
793 478 1034 523 abundasse
1049 479 1273 534 beneficia,
1290 495 1419 540 quam

0 566 1 571 ¹
45 549 260 609 irrepsisse
274 548 498 609 dispendia
513 569 524 607 3
539 564 614 607 per
629 550 876 608 opinionem
892 560 1037 594 autem
1058 550 1262 604 traducis,
1282 549 1422 595 multo

0 634 2 672 ζ
46 622 177 679 magis
199 629 366 665 constet
385 621 582 665 nocuisse
603 630 778 680 peecata
796 656 806 676 ,
829 636 959 681 quam
977 619 1189 680 profuisse
1207 621 1386 678 gratiam
1409 641 1418 666 :

0 685 2 715 l
44 690 370 737 irrefutabiliter
399 691 685 751 approbatum
715 701 798 747 est,
829 691 1073 751 apostolum
1109 690 1293 735 Paulum
1316 691 1424 734 nihil

0 784 2 807 ε
44 764 222 809 sensisse
244 762 300 807 de
320 762 520 817 traduce,
545 763 620 807 sed
647 764 738 822 ejus
764 763 976 807 sententia
1008 761 1300 806 Traducianos
1327 776 1426 806 cum

0 870 1 881 ,
44 833 296 880 Manichaeis
317 834 529 891 magistris
551 833 636 877 suis
653 834 810 892 pariter
831 832 962 877 fuisse
983 833 1240 877 destructos.
1270 850 1290 874 »

0 924 2 1038 ἑ

0 1066 3 1130 l

0 1175 3 1283 ἓ

0 1285 3 1327 ι

0 1333 3 1411 l

0 1414 17 1527 ἱ,

0 1528 5 1751 ÷

0 1756 5 1874 ἔ

0 1879 5 1956 l

0 2309 8 2451 l

0 2457 9 2588 l

0 2636 9 2703 ³³.

0 2756 2 2772 l

102 908 395 949 Anonsniws.
433 906 530 948 Non
562 902 668 947 dixit
701 903 919 963 apostolus
952 903 1133 957 Paulus,
1173 922 1192 944 «
1217 902 1357 946 multo
1382 903 1428 946 in

43 975 187 1036 plures
210 975 452 1020 abundasse
474 975 705 1029 beneficia,
731 990 860 1035 quam
887 974 1102 1034 irrepsisse
1124 973 1379 1032 dispendia?
1403 991 1424 1014 »

44 1062 132 1091 non
157 1047 241 1090 hoc
272 1045 402 1104 dixit,
429 1062 603 1106 prorsus
630 1046 809 1102 falleris,
834 1047 866 1090 si
890 1048 978 1105 ipse
1008 1060 1096 1090 non
1129 1043 1255 1088 fallis.
1286 1044 1428 1088 Multo

43 1118 178 1177 magis
195 1119 309 1161 enim
329 1118 569 1162 abundasse
583 1118 762 1176 gratiam
781 1118 886 1162 dixit
905 1117 949 1160 in
968 1115 1127 1160 multos
1143 1150 1153 1169 ,
1172 1115 1320 1159 nonin
1335 1129 1429 1158 rna-

45 1189 106 1248 gis
128 1189 316 1245 multos,
340 1188 414 1232 sed
437 1190 572 1248 magis
599 1189 856 1233 abundasse.
885 1191 935 1232 In
958 1187 1281 1246 comparatione
1303 1201 1429 1229 nam-

43 1275 128 1319 que
150 1261 430 1319 pereuntium
454 1261 580 1319 pauci
605 1270 706 1304 sunt
728 1259 1064 1320 quifsalvantur3
1091 1259 1182 1302 sine
1203 1273 1429 1316 compara-

44 1330 161 1374 tione
171 1339 314 1374 autem
326 1331 602 1389 pereuntium
616 1331 746 1389 etipsi
759 1330 884 1373 multi
900 1340 1015 1373 sunt.
1032 1328 1114 1373 Sed
1125 1343 1259 1387 quare
1271 1326 1428 1371 sintilli

45 1400 210 1460 plures,
251 1415 383 1461 quam
411 1399 496 1451 illi,
531 1401 759 1445 consilium
795 1401 868 1444 Dei
898 1399 1009 1443 velle
1041 1413 1164 1442 nosse
1190 1398 1428 1442 multorum

43 1480 107 1516 est
133 1490 142 1516 ε
167 1486 293 1516 nosse
313 1480 460 1515 autem
484 1471 551 1514 vel
573 1471 927 1530 paucissimorum
961 1469 1184 1513 hominum
1203 1503 1213 1523 ,
1239 1468 1307 1512 vel
1332 1482 1430 1512 om-

43 1543 147 1586 nino
182 1541 420 1586 nullorum.
460 1545 606 1585 Posset
640 1550 785 1585 autem
824 1541 1099 1599 omnipotens
1136 1554 1226 1582 non
1257 1553 1428 1593 creare,

43 1627 152 1672 quos
169 1613 366 1656 omnium
386 1626 530 1655 rerum
554 1611 757 1670 praescius
778 1611 914 1654 malos
932 1610 1103 1653 futuros
1122 1609 1319 1666 ignorare
1342 1623 1431 1653 non

44 1692 206 1742 posset,
227 1683 309 1726 nisi
330 1683 394 1726 uti
417 1682 547 1726 etiam
565 1682 687 1725 malis
710 1681 907 1741 pluribus
931 1681 1094 1740 optime
1116 1679 1307 1739 optimus
1327 1694 1430 1738 pos-

44 1762 107 1798 set
131 1772 139 1798 :
164 1753 282 1797 unde
311 1767 389 1797 nos
412 1751 577 1812 aliquid
606 1751 839 1812 Apostolus
866 1751 1040 1805 docuit,
1066 1750 1111 1794 id
1133 1759 1196 1794 est
1212 1785 1222 1805 ‚
1255 1758 1303 1793 ut
1324 1751 1430 1793 iram

44 1839 163 1869 suam
203 1825 533 1884 potentiamque
569 1833 830 1868 monstraret
867 1824 912 1866 in
949 1823 1008 1866 eis
1024 1857 1034 1875 ,
1073 1837 1171 1882 quae
1205 1821 1350 1865 attulit
1387 1821 1432 1865 in

45 1893 180 1938 multa
200 1894 409 1953 patientia
425 1909 524 1937 vasa
547 1894 639 1948 irae,
657 1903 700 1937 et
715 1902 764 1937 ut
782 1902 905 1937 notas
922 1892 1083 1936 faceret
1101 1892 1271 1936 divitias
1286 1891 1432 1949 gloriae

44 1980 133 2010 suae
149 1966 196 2009 in
212 1980 312 2010 vasa
331 1964 637 2009 misericordiae
654 1967 682 2008 ¹.
711 1964 795 2009 Sed
813 1964 970 2007 nolunt
991 1963 1165 2007 credere
1189 1961 1428 2020 Pelagiani,

45 2035 163 2095 quod
186 2036 230 2079 in
254 2051 342 2079 uno
366 2035 540 2079 homine
557 2044 647 2078 tota
676 2044 739 2078 est
761 2049 898 2077 massa
921 2030 1068 2077 vitiata
1084 2067 1095 2088 ,
1127 2041 1170 2075 et
1192 2041 1282 2076 tota
1308 2032 1432 2076 dam-

45 2116 147 2150 nata
169 2126 178 2151 2
197 2122 218 2150 a
238 2122 325 2166 quo
343 2107 449 2150 vitio
465 2105 797 2150 etdamnatione
810 2105 898 2149 sola
917 2114 1038 2149 sanat
1052 2113 1095 2147 et
1112 2103 1266 2147 liberat
1279 2105 1428 2161 gratia.

45 2179 188 2230 Quare
220 2178 335 2220 enim
374 2178 516 2236 justus
548 2178 616 2220 vix
648 2176 791 2220 salvus
823 2176 964 2219 erit'2?
995 2173 1221 2233 Numquid
1250 2173 1433 2218 liberare

39 2248 205 2308 justum
224 2247 346 2292 labor
366 2256 429 2291 est
453 2248 566 2291 Deo?
589 2247 711 2290 Absit
736 2266 744 2291 ε
770 2246 844 2290 sed
868 2256 917 2291 ut
934 2245 1213 2299 ostendatur,
1237 2260 1326 2305 quo
1347 2259 1432 2288 me-

46 2319 129 2364 rito
152 2317 282 2363 fuerit
300 2319 501 2363 damnata
520 2328 691 2373 natura,
717 2334 805 2362 non
823 2318 917 2362 v'ult
942 2318 1065 2362 facile
1082 2318 1136 2361 de
1159 2327 1281 2361 tanto
1298 2316 1429 2371 malo,

47 2405 126 2434 nec
150 2390 239 2449 ipse
261 2390 537 2448 omnipotens
559 2390 773 2446 liberare,
799 2398 976 2448 propter
1004 2388 1146 2448 quod,
1185 2397 1227 2432 et
1257 2395 1433 2447 peccata

47 2459 252 2520 proclivia
276 2469 402 2515 sunt,
429 2469 471 2504 et
502 2460 717 2504 laboriosa
735 2460 902 2519 justitia
919 2494 929 2513 ,
955 2459 1034 2502 nisi
1058 2458 1302 2502 amantibus
1324 2477 1333 2502 ι
1357 2457 1431 2502 sed

47 2533 230 2576 charitas
249 2567 259 2585 ,
285 2547 383 2592 quae
407 2533 485 2576 hos
505 2541 697 2575 amantes
720 2530 847 2585 facit,
873 2546 922 2574 ex
946 2533 1035 2574 Deo
1055 2539 1117 2574 est
1132 2532 1162 2573 3.
1486 2524 1492 2528 “

97 2625 103 2639 ¹
125 2619 213 2648 Rom.
235 2628 280 2654 rx,
298 2626 338 2649 22
360 2621 391 2648 et
412 2618 466 2649 23.
488 2634 522 2639 ἡ
543 2625 553 2638 ⁷
580 2630 586 2647 ι
614 2619 697 2648 Petr.
722 2627 766 2652 iv,
790 2616 839 2648 18.
857 2632 896 2639 --
915 2615 926 2638 3
944 2617 1036 2648 Joan.
1056 2625 1100 2653 iv,
1121 2624 1150 2655 7*
