1821 3264
255 250 398 278 OPERIs
431 250 606 277 menne.
642 248 805 276 CONTRA
837 248 1007 279 summ.
1044 252 1126 278 me.
1164 252 1193 278 ι.
1335 238 1419 277 303

37 316 179 362 dicere
208 330 299 360 non
329 314 549 369 desistitis,
584 313 675 359 sine
711 314 985 359 dubitatione
1012 316 1252 361 damnavit.
1291 318 1422 360 Istam

39 388 235 448 gratiam,
253 401 352 430 vere
368 387 565 444 gratiam,
584 386 629 430 id
653 394 732 441 est,
757 386 1005 443 gratuitam,
1025 386 1244 446 nullisque
1260 387 1424 431 meritis

38 457 387 520 praecedentibus
401 458 608 511 debitam,
623 457 961 501 commendabat
978 458 1227 517 Apostolus,
1247 458 1426 518 quando

39 527 241 574 dicebat:
271 547 292 570 «
321 530 435 573 Cum
464 528 581 571 enim
604 528 803 571 nondum
829 528 919 571 nati
954 537 1122 583 essent,
1148 544 1229 573 nec
1261 527 1427 588 aliquid

43 616 65 641 ι»
84 599 269 656 egissent
288 598 394 642 boni
414 607 490 643 aut
507 596 625 652 mali,
651 607 700 642 ut
721 597 961 642 secundum
985 598 1241 642 electionem
1265 615 1428 658 propo-

42 685 64 712 »
87 669 218 713 situm
242 669 316 713 Dei
339 670 573 713 maneret1.
604 686 623 709 »
651 671 753 712 Haec
776 677 840 712 est
861 668 1036 724 electio,
1063 670 1118 712 de
1140 685 1226 729 qua
1249 678 1292 713 et
1319 668 1431 712 illud

40 738 201 785 dicitur
222 759 230 785 ε
261 759 281 782 «
307 739 522 800 Reliquiae
543 755 620 800 per
641 739 895 784 electionem
922 740 1071 799 gratiae
1093 740 1220 784 factae
1241 749 1342 784 sunt
1363 759 1374 797 3
1399 739 1432 783 si

45 828 67 853 »
89 820 236 854 autem
263 812 423 868 gratia,
442 812 534 871 jam
550 826 639 855 non
662 826 713 855 ex
736 811 956 869 operibus,
976 811 1167 871 alioquin
1189 811 1323 870 gratia
1341 811 1432 871 jam

47 897 69 922 »
87 895 178 925 non
195 889 257 925 est
281 881 416 939 gratia
426 883 459 924 ².
483 900 503 922 η
527 880 652 925 Unde
668 890 712 924 et
732 881 818 936 hic,
837 896 934 924 cum
953 881 1143 936 dixisset,
1163 891 1213 925 ut
1231 897 1307 940 per
1325 881 1434 925 elec-

46 951 207 996 tionem
224 952 495 1011 propositum
510 951 588 995 Dei
603 961 813 1008 maneret,
833 953 1044 996 continuo
1063 951 1273 1006 subdidit,
1297 971 1317 993 «
1338 953 1435 995 Non

46 1040 67 1066 n
92 1038 145 1067 ex
181 1023 412 1082 operibus,
443 1021 517 1066 sed
546 1038 598 1066 ex
633 1031 818 1067 vocante
853 1022 1020 1067 dictum
1055 1032 1139 1078 est,
1175 1023 1277 1082 quia
1301 1023 1437 1082 major

47 1111 69 1136 »
95 1094 250 1138 serviet
277 1094 474 1138 minoi-1³.
507 1111 528 1135 »
554 1095 717 1138 Contra
744 1094 869 1137 istam
893 1094 1085 1138 veritatis
1118 1093 1274 1137 tubam
1300 1091 1437 1136 recla-

44 1179 158 1220 mas,
174 1173 218 1208 et
235 1165 364 1219 dicis,
387 1184 406 1206 «
433 1163 501 1208 Ad
522 1163 836 1208 incurvandam
854 1164 1208 1208 circumcisorum
1235 1178 1438 1222 arrogan-

47 1236 167 1291 tiam,
182 1236 265 1280 sub
282 1236 461 1280 nomine
479 1236 628 1294 gratiae
651 1235 810 1280 Paulus
826 1235 1047 1295 apostolus
1064 1235 1118 1279 de
1133 1235 1222 1280 sola
1240 1237 1316 1279 Dei
1332 1249 1439 1294 prae-

41 1306 209 1367 judicat
222 1315 450 1365 potestate.
478 1306 561 1351 Ubi
583 1306 690 1366 quid
711 1306 816 1351 dicis
834 1306 970 1360 aliud,
993 1307 1092 1361 nisi,
1115 1307 1183 1350 Ad
1201 1307 1438 1350 incurvan-

47 1377 151 1422 dam
198 1377 555 1422 circumcisorum
594 1379 885 1436 arrogantiam
928 1379 1139 1421 mentitur
1176 1376 1409 1436 Apostolus
1426 1410 1437 1430 ‚

50 1448 198 1492 dicens
219 1463 309 1492 non
328 1463 379 1491 ex
401 1447 602 1506 operibus
626 1447 835 1492 dilectum
855 1462 945 1491 esse
961 1447 1121 1503 Jacob,
1145 1462 1244 1490 cum
1268 1462 1318 1490 ex
1336 1461 1441 1505 ope·

0 1561 1 1579 ἢ
28 1517 171 1562 .ribus
188 1519 245 1563 sit
260 1518 467 1574 dilectus,
487 1519 590 1579 quia
614 1527 706 1562 erat
730 1536 750 1559 «
770 1518 980 1572 Quietus,
1004 1527 1047 1562 et
1069 1518 1206 1571 mitis,
1233 1516 1442 1561 obediens

54 1605 76 1630 »
94 1598 322 1648 parentum
360 1590 614 1649 praeceptis,
639 1599 681 1633 et
711 1589 1108 1634 sanctificationum
1142 1588 1444 1648 appetentissi-

55 1675 77 1701 »
97 1662 220 1705 mus?
244 1679 264 1702 »
291 1663 378 1706 Nec
400 1659 606 1719 intelligis
620 1694 631 1714 ,
657 1676 748 1705 non
764 1659 863 1704 ideo
885 1659 987 1720 quia
1008 1658 1104 1703 talis
1123 1669 1230 1713 erat,
1256 1658 1326 1703 vel
1348 1658 1445 1702 talis

52 1729 229 1776 futurus
261 1740 352 1775 erat
370 1766 380 1785 ,
407 1730 535 1775 fuisse
558 1730 766 1775 dilectum
798 1749 806 1774 :
831 1729 907 1774 sed
929 1730 1057 1773 talem
1076 1764 1087 1783 ,
1122 1730 1227 1788 quia
1261 1728 1446 1773 dilectus

54 1810 134 1857 est,
153 1800 335 1846 factum.
371 1801 593 1845 Erubesce
620 1820 629 1845 :
655 1816 744 1845 non
763 1800 974 1843 mentitur
1003 1798 1261 1858 Apostolus,
1289 1814 1376 1843 non
1396 1813 1447 1841 ex

56 1871 260 1932 operibus
277 1872 415 1916 Jacob
441 1872 626 1916 dilectus
645 1881 737 1928 est,
771 1871 804 1914 si
826 1871 942 1914 enim
972 1870 1132 1929 gratia,
1162 1871 1253 1929 jam
1284 1884 1373 1913 non
1397 1885 1447 1912 ex

57 1943 262 2002 operibus
286 1962 295 1988 :
319 1942 396 1987 sed
414 1942 550 2001 gratia
572 1942 770 1998 dilectus,
795 1941 945 1985 eadem
964 1942 1099 2000 gratia
1120 1940 1306 1984 faciente
1324 1940 1449 1984 bonis

58 2015 252 2074 oportuit
274 2023 323 2058 ut
341 2013 525 2074 polleret
546 2014 768 2074 operibus.
797 2016 928 2057 Parce
946 2013 1103 2056 animae
1124 2021 1228 2067 tuae,
1249 2010 1338 2055 noli
1360 2025 1450 2054 esse

60 2084 260 2128 inimicus
278 2085 380 2129 huic
404 2085 567 2144 gratiae.

119 2157 360 2201 CXXXIV.
396 2158 624 2200 Jummus.
650 2173 668 2196 (ι
693 2156 808 2212 Ergo
831 2153 1033 2212 superbia
1058 2151 1131 2195 illa
1152 2167 1251 2212 quae
1276 2150 1453 2195 volebat

61 2226 188 2271 otiari
203 2237 245 2271 et
261 2226 472 2271 desidiam
489 2241 612 2271 suam
626 2226 682 2270 ob
700 2225 744 2269 id
762 2224 907 2269 colore
926 2223 1190 2268 necessitatis
1205 2222 1450 2275 obnubere,

61 2297 178 2341 utin
209 2298 482 2357 susceptione
511 2297 708 2355 gentium
745 2295 1000 2339 reclamaret
1030 2292 1295 2351 Evangeli03
1331 2290 1454 2335 audit

63 2368 273 2428 quoniam
303 2368 380 2412 etsi
402 2368 462 2413 sic
489 2377 599 2412 esset
620 2365 844 2427 quomodo
867 2374 916 2409 tu
938 2363 1243 2409 commentaris
1260 2397 1270 2416 ,
1307 2371 1455 2405 tamen

65 2437 310 2500 supplicare
330 2442 418 2484 Deo
435 2473 446 2494 ,
469 2454 561 2483 non
582 2437 839 2482 seditionem
854 2436 1040 2480 excitare
1052 2434 1233 2478 deberes
1260 2452 1269 2477 ι
1296 2432 1457 2492 quibus

67 2511 209 2557 verbis
240 2511 479 2572 nequitiam
503 2510 698 2555 retundit
718 2507 922 2561 hominis,
949 2507 1024 2566 qui
1054 2505 1345 2550 diversitatem
1366 2517 1459 2547 me·
1488 2558 1494 2563 ·

124 2592 641 2635 ¹R01n.x1‚11.-=1d.x1‚5
661 2589 960 2630 et6.—3Id.1.x,
987 2599 1022 2621 ιιι
1043 2593 1075 2621 et
1099 2589 1146 2620 13.
