1821 3264
262 286 405 315 orssms
438 285 615 313 Iurene,
649 282 811 313 CONTRA
845 284 1015 314 JULIAN·
1053 285 1133 314 ΗΒ.
1169 287 1200 314 1.
1340 275 1423 315 203

0 344 14 394 s
41 350 243 413 parvulos
266 351 485 410 propriam
502 348 770 395 voluntatem
791 350 846 394 ad
868 350 1117 410 eligendum
1140 352 1304 395 bonum
1324 387 1335 407 ,
1355 352 1426 398 vel

0 422 219 474 malum.
248 421 364 465 Illud
388 420 542 466 vellem
567 418 756 474 vidctes
783 421 903 479 quod
926 421 1035 465 vidit
1057 422 1133 481 qui
1158 422 1349 466 scribens
1372 422 1427 467 ad

0 498 1 523 ¹
39 493 248 547 {Hebraeos
282 493 441 548 dixit¹‚
481 491 620 536 filium
654 491 786 535 Israel
814 491 917 535 Levi
945 491 991 534 in
1016 491 1178 536 lumbis
1207 493 1427 538 Abraham

25 565 174 626 ,patris
196 564 262 608 sui
284 564 438 619 fuisse,
459 561 635 623 quando
653 570 715 606 est
736 561 808 606 ille
828 561 1091 607 decimatus.
1118 572 1160 606 et
1181 563 1279 608 ideo
1297 565 1428 609 etiam

37 635 171 680 istum
193 636 236 680 in
260 635 336 680 illo
357 634 489 680 fuisse
506 634 785 678 decimatum.
807 633 875 678 Ad
897 634 981 679 hoc
997 634 1032 678 si
1049 634 1228 679 haberes
1250 636 1429 680 oculum

39 707 350 762 christianum,
382 705 468 751 fide
495 720 714 760 cerneres,
746 706 780 750 si
808 705 1094 764 intelligentia
1125 721 1214 750 non
1241 706 1427 763 valeres,

40 777 100 825 im
117 778 280 823 lumbis
302 777 442 823 Adam
459 775 587 821 fuisse
607 791 756 821 omnes
774 776 850 836 qui
872 791 924 820 ex
941 775 1016 821 illo
1039 775 1214 821 fuerant
1231 792 1308 837 per
1329 793 1432 822 con-

17 848 354 907 *cupiscentiam
378 848 517 901 carnis
541 847 722 904 orituri3
746 862 906 907 quam,
942 856 1039 907 post
1060 857 1285 907 peccatum
1304 884 1314 904 ,
1342 863 1432 909 quo

39 919 104 965 illi
135 935 212 979 sua
239 919 414 965 nuditas
442 918 641 964 nuntiata
667 927 757 973 est,
796 918 952 972 sensit,
992 920 1158 978 aspexit
1175 954 1185 974 ,
1222 919 1429 977 erubuit,

39 991 229 1051 operuit.
251 991 376 1036 Unde
400 990 655 1036 Ambrosius
677 990 831 1035 doctor
847 994 998 1034 meus2
1016 1025 1027 1045 ,
1053 991 1118 1034 tui
1135 1006 1313 1051 quoque
1328 992 1434 1037 doc-

40 1063 146 1106 toris
175 1061 434 1106 excellenter
462 1078 536 1106 ore
563 1060 768 1106 laudatus
794 1081 802 1106 :
831 1060 960 1114 Quod
992 1061 1127 1120 igitur
1149 1062 1320 1120 gravius
1344 1072 1430 1118 est,

40 1132 210 1192 inquit,
237 1133 317 1176 hac
339 1147 384 1176 se
417 1131 559 1177 Adam
594 1132 952 1192 interpretatione
980 1132 1192 1177 succinxit
1209 1167 1220 1188 ,
1247 1148 1298 1177 eo
1320 1133 1431 1190 loci,

42 1203 118 1247 ubi
151 1203 301 1248 fructu
314 1224 327 1264 ζ
342 1203 477 1263 magis
516 1203 721 1248 castitatis
756 1219 799 1248 se
826 1204 1077 1263 succingere
1112 1203 1347 1248 debuisset.
1383 1207 1435 1248 In

39 1274 202 1321 lumbis
224 1275 341 1319 enim
363 1275 526 1334 quibus
548 1276 879 1335 praecingimur,
903 1275 1105 1336 quaedam
1127 1276 1287 1320 semina
1309 1291 1433 1336 gene-

40 1347 218 1392 rationis
240 1361 331 1391 esse
352 1345 574 1391 dicuntur.
601 1350 658 1391 Et
680 1347 779 1392 ideo
805 1347 917 1392 male
940 1347 1001 1391 ibi
1023 1348 1269 1393 succinctus
1294 1347 1435 1392 Adam

41 1416 156 1462 foliis
196 1418 455 1473 inutilibus,
488 1418 566 1461 ubi
600 1417 762 1462 futurae
797 1419 1086 1476 generationis
1121 1434 1210 1463 non
1240 1419 1434 1463 fructum

41 1488 266 1544 futurum,
290 1489 366 1534 sed
399 1488 600 1550 quaedam
635 1498 811 1548 peccata
835 1489 1039 1548 signaret.
1069 1507 1090 1531 »
1117 1491 1275 1534 Merito
1305 1490 1435 1534 etiam

27 1559 168 1615 dicit,
189 1559 310 1620 quod
327 1559 459 1620 paulo
475 1570 573 1604 ante
588 1561 824 1605 memoravi
847 1579 856 1604 ε
881 1579 898 1602 «
923 1560 1025 1605 Fuit
1043 1562 1184 1605 Adam
1206 1595 1217 1616 ,
1236 1569 1280 1604 et
1296 1561 1342 1604 in
1359 1560 1436 1606 illo

41 1629 205 1678 fuimus
223 1646 373 1676 omnes
390 1652 401 1690 3
420 1632 548 1690 periit
564 1632 702 1676 Adam
717 1666 727 1686 ,
746 1639 789 1675 et
805 1631 851 1674 in
865 1629 939 1675 illo
952 1646 1101 1675 omnes
1112 1625 1341 1690 perierunt
1355 1633 1387 1675 3.
1413 1650 1433 1674 »

43 1704 137 1748 Hoc
159 1712 209 1747 tu
231 1717 320 1748 non
336 1703 488 1748 videns
506 1738 516 1758 ,
538 1704 644 1747 milii
662 1719 802 1748 caecus
817 1703 1008 1747 oblatras
1029 1722 1037 1748 :
1060 1703 1135 1747 sed
1154 1704 1199 1746 in
1217 1719 1285 1747 me
1302 1702 1437 1763 quid-

41 1773 148 1834 quid
181 1773 314 1824 dicis‚
349 1773 546 1832 profecto
575 1783 618 1817 et
648 1775 694 1818 in
715 1775 858 1833 ipsum
885 1774 1004 1818 dicis.
1033 1775 1208 1819 Utinam
1242 1788 1345 1833 ergo
1377 1776 1438 1820 ita

41 1844 151 1888 mihi
173 1860 274 1888 cum
304 1844 380 1889 illo
402 1860 638 1889 commune
657 1845 710 1889 sit
731 1846 958 1904 praemium
978 1880 988 1900 ,
1010 1845 1121 1888 sicut
1144 1848 1219 1889 ahs
1242 1854 1284 1889 te
1308 1845 1438 1890 audio

41 1922 141 1960 cum
169 1914 246 1960 illo
262 1930 497 1960 commune
523 1916 786 1961 convicium.
815 1915 929 1968 Quid
953 1926 1016 1960 est
1039 1917 1158 1976 quod
1183 1915 1341 1961 clamas
1357 1953 1367 1972 ,
1395 1926 1439 1962 et

42 1985 147 2031 dicis
177 2005 186 2030 :
225 2005 243 2026 «
277 1987 319 2031 Si
349 1987 460 2030 sanis
483 1985 705 2046 judicibus
727 1997 978 2042 uteremur,
1012 1987 1122 2030 nihil
1151 1997 1308 2046 praeter
1336 2003 1438 2032 exe-

43 2058 281 2103 crationem
303 2059 368 2102 tui
389 2058 550 2102 referre
577 2058 810 2103 deberem?
838 2078 857 2100 »
887 2063 1148 2103 Possum-ne
1177 2068 1321 2104 tecum
1349 2060 1439 2103 lar-

43 2130 137 2188 gius
153 2164 164 2183 ,
189 2129 502 2174 beneficentius
520 2165 532 2184 ,
557 2130 778 2174 liberalius
800 2146 947 2188 agere,
973 2146 1105 2190 quam
1131 2139 1182 2174 ut
1202 2131 1346 2190 ipsum
1367 2132 1439 2176 in-

0 2226 3 2230 ·
42 2209 108 2245 ter
137 2216 214 2245 nos
237 2201 495 2246 constituam
523 2201 716 2262 judicem
734 2237 744 2255 ,
772 2201 827 2245 de
848 2217 936 2262 quo
964 2202 1027 2245 tui
1055 2202 1243 2246 doctoris
1278 2201 1439 2261 Pelagii

38 2271 254 2332 Judiciiim
270 2273 361 2332 jam
397 2275 627 2317 tenemus?
656 2276 724 2317 En
754 2273 876 2317 adest
908 2273 1003 2327 ille,
1033 2274 1110 2333 qui
1137 2274 1251 2317 inter
1273 2274 1439 2317 Latinae

44 2343 205 2401 linguae
229 2343 481 2402 scriptores,
519 2343 600 2388 flos
631 2343 809 2404 quidam
841 2344 1058 2402 speciosus
1091 2344 1276 2399 enituit,
1299 2345 1438 2403 ‘cujus

45 2413 205 2469 fidem,
235 2423 277 2458 et
301 2415 581 2473 purissimum
609 2414 654 2457 in
689 2415 919 2473 Scripturis
952 2430 1125 2458 sensum
1157 2429 1210 2457 ne
1235 2415 1437 2459 inimicus

46 2485 223 2544 quidem
242 2500 368 2530 ausus
383 2494 447 2530 est
462 2486 794 2545 reprehendere.
815 2488 908 2530 Hoc
928 2486 1124 2544 Pelagius
1140 2485 1194 2530 de
1209 2485 1438 2531 Ambrosio

94 2578 222 2618 illebr.
243 2597 296 2627 vn,
321 2599 369 2620 10.
387 2603 423 2610 -ν
443 2595 455 2610 2
477 2587 622 2620 Anibi-02.
641 2588 698 2619 tit».
719 2589 759 2619 ‹le
774 2588 935 2620 Paradiso.
954 2599 1025 2629 cap.
1050 2588 1155 2619 131„-
1173 2586 1185 2610 3
1206 2588 1251 2619 m.
1270 2588 1323 2619 lib.
1345 2599 1383 2619 vu
1406 2587 1435 2618 in

49 2642 126 2674 Luc·
145 2651 217 2684 cap.
249 2642 297 2674 15.
