1821 3264
236 274 377 304 OPERlS
410 276 587 303 IMPERF.
622 273 788 303 CONTRA
820 278 989 306 JULIAN.
1026 280 1108 307 LIB.
1146 282 1192 307 11.
1328 269 1412 308 339

31 354 167 384 unum
195 339 418 383 hominem
443 339 580 394 dixit,
607 357 629 384 a
651 356 741 400 quo
770 343 988 399 gei‘icratio
1010 345 1162 404 utique
1185 346 1414 390 hominum

30 410 166 469 coepit
177 443 189 465 ‚
208 418 258 454 ut
274 425 352 469 per
375 411 696 469 generationem
712 411 889 458 doceret
904 414 1002 459 iisse
1023 430 1100 474 per
1116 431 1266 462 omnes
1282 417 1414 476 origi-

35 480 133 527 nale
155 490 396 541 peccatum.

0 546 1 552 ’
89 554 383 599 Auens‘rnws.
416 553 561 598 Dixisti
582 553 713 597 verba
741 553 843 598 libri
866 555 967 609 mei,
997 555 1067 600 dic
1083 557 1175 616 jam
1199 559 1414 618 quemad-

30 621 211 667 modum
234 623 488 682 accipienda
508 624 593 667 sint
614 636 712 684 quae
731 624 793 669 ibi
817 625 940 685 posui
963 627 1098 672 verba
1119 629 1346 688 Apostoli:
1368 639 1418 675 ut

0 708 2 748 Ι
31 693 165 750 magis
201 694 425 754 magisque
460 692 742 738 manifesteris
780 696 1010 741 haereticus
1027 732 1038 751 ,
1071 697 1344 744 laudatorem
1380 711 1420 745 te

0 752 352 822 supponendo,
376 774 425 809 ut
443 764 610 809 auferas
629 767 819 825 parvulis
839 768 1119 814 Salvatorem.

0 891 1 895 Ἰ
89 835 297 878 XXXVI.
325 837 554 879 JULIANIQS
585 854 604 876 «
626 836 1046 897 Abutiteimperitia
1065 840 1305 886 faventium
1320 842 1418 898 tibi,

0 922 2 948 !
35 912 78 948 et
99 902 350 948 delitesceie
372 906 454 948 sub
476 905 760 964 ambiguitate
781 907 1036 963 verborum,
1061 911 1329 972 quicumque
1350 912 1423 956 ille

0 971 4 1020 Ι
33 973 166 1018 fuerit
189 990 374 1034 operum
395 985 645 1020 nostrorum
676 977 873 1022 eruditus
901 979 1060 1035 lector,
1084 980 1303 1041 intelligit
1334 986 1424 1027 Re-

33 1043 204 1104 liquum
227 1061 330 1090 vero
348 1047 532 1105 vulgus,
554 1047 608 1091 de
626 1063 714 1107 quo
734 1050 949 1108 Propheta
968 1049 1164 1110 loquitur
1185 1053 1240 1096 ad
1260 1056 1422 1108 Deum,

33 1116 269 1160 AEstimasti
298 1117 497 1161 homines
519 1118 630 1162 sicut
651 1119 787 1177 pisces
808 1120 936 1164 maris
953 1123 964 1145 ¹
1000 1139 1009 1165 :
1035 1131 1187 1166 mutua
1210 1138 1425 1183 praegres-

33 1185 154 1231 sione
176 1186 393 1246 decipitur
409 1222 420 1241 ,
440 1203 490 1232 ac
506 1188 739 1234 salutiferae
756 1189 1014 1236 discretione
1030 1193 1230 1251 ignarum
1249 1229 1259 1247 ‚
1280 1203 1424 1238 totum

34 1264 160 1315 putat
180 1257 390 1316 conjungi
412 1273 534 1317 posse
556 1260 709 1314 rebus,
735 1262 854 1320 quod
877 1260 1033 1305 viderit
1054 1264 1233 1308 vocibus
1254 1280 1344 1309 esse
1361 1280 1426 1309 so·

36 1327 214 1371 ciatum.
237 1327 353 1380 Quid
375 1344 478 1372 vero
498 1330 551 1373 sit
568 1345 839 1390 consequens
857 1366 867 1386 ,
894 1332 1000 1392 quid
1021 1348 1266 1393 repugnans
1287 1370 1297 1388 ,
1324 1336 1426 1395 qui-

35 1398 205 1457 busque
242 1399 453 1443 concessis
489 1400 595 1460 quid
626 1400 694 1444 lex
727 1402 1076 1461 inexpugnabilis
1112 1414 1155 1448 et
1192 1406 1428 1451 reverenda

35 1469 240 1513 orationis
262 1478 388 1528 cogat
410 1469 558 1514 inferri
582 1507 592 1524 ‚
619 1472 701 1515 nisi
724 1471 996 1518 doctissimus
1025 1477 1425 1538 attentissimusque

35 1553 126 1583 non
142 1539 328 1598 judicat.
357 1558 377 1580 ))

93 1611 384 1654 Auonsnivus.
411 1610 568 1654 Adhuc
584 1611 739 1655 circuis
756 1614 997 1672 quaerendo
1016 1614 1287 1672 dialecticos,
1306 1625 1348 1660 et
1365 1618 1425 1661 vi-

36 1679 171 1723 tando
191 1679 504 1724 ecclesiasticos
525 1680 711 1740 judices.
740 1684 817 1726 Dic
839 1684 926 1742 jam
957 1686 1181 1744 quomodo
1209 1688 1426 1746 accipien-

37 1748 144 1793 dum
179 1751 259 1804 sit,
305 1769 324 1791 «
357 1754 438 1794 Per
474 1767 611 1795 unum
642 1753 865 1797 hominem
904 1765 1132 1813 peccatum
1166 1757 1343 1801 intravit
1382 1759 1427 1802 in

40 1837 62 1861 »
86 1818 332 1863 mundum²
361 1839 370 1865 ε
400 1839 420 1861 »
454 1820 610 1866 melius
641 1822 840 1867 videlicet
867 1824 951 1868 hoc
979 1825 1226 1886 intelligens
1244 1862 1255 1882 ,
1293 1843 1426 1887 quam

39 1889 114 1934 ille
155 1890 231 1950 qui
269 1890 379 1934 dixit
397 1926 408 1945 ‚
457 1909 477 1933 «
512 1893 673 1936 Omnes
718 1893 764 1936 in
812 1894 949 1938 Adam
1000 1897 1249 1941 moriuntur
1271 1933 1282 1952 ‚
1323 1899 1425 1958 quia

45 1978 65 2001 »
93 1975 170 2019 per
200 1976 337 2004 unum
366 1962 589 2005 hominem
623 1972 849 2021 peccatum
882 1965 1058 2010 intravit
1082 1967 1126 2011 in
1155 1968 1273 2011 hunc
1302 1984 1432 2013 mun·

42 2049 63 2073 »
89 2033 197 2076 dum
212 2067 224 2088 ,
255 2041 297 2076 et
320 2048 397 2091 per
418 2042 644 2092 peccatum
676 2049 791 2078 mors
806 2071 816 2088 ‚
848 2045 891 2080 et
913 2036 972 2080 ita
994 2038 1038 2080 in
1061 2053 1211 2083 omnes
1233 2040 1430 2085 homines

49 2119 68 2143 >›
97 2103 343 2161 pertransiit
359 2138 372 2158 ,
397 2104 442 2147 in
458 2119 548 2163 quo
571 2119 721 2148 omnes
744 2110 1074 2164 peccaveruntss.
1105 2127 1124 2149 »
1151 2109 1271 2153 Illius
1298 2110 1431 2169 igitur

45 2173 175 2231 culpa
198 2188 313 2216 mors
335 2173 531 2217 omnium
555 2183 631 2218 est.
659 2177 716 2218 Et
735 2174 851 2218 idem
873 2176 962 2234 ipse
985 2176 1085 2221 alibi
1106 2197 1114 2223 :
1142 2169 1244 2222 Fuit
1267 2180 1429 2236 Adam,

46 2251 89 2286 et
109 2243 155 2287 in
178 2243 253 2288 illo
276 2241 439 2287 fuimus
467 2259 616 2288 omnes
631 2245 647 2270 4
666 2265 676 2301 3
702 2246 827 2304 periit
850 2246 986 2290 Adam
1005 2282 1017 2302 ‚
1043 2257 1085 2292 et
1107 2248 1152 2292 in
1178 2249 1254 2294 illo
1282 2265 1432 2295 omnes

40 2314 278 2371 perierunt.
305 2313 559 2358 Ambrosius
581 2322 644 2357 est
664 2313 760 2369 ille,
786 2331 875 2359 non
897 2316 1166 2377 quicumque
1190 2319 1244 2363 de
1265 2319 1399 2379 vulgo
1415 2355 1427 2376 ‚

41 2383 163 2442 cujus
184 2384 429 2442 imperitam
452 2384 779 2428 multitudinem
805 2401 893 2430 non
920 2386 1137 2433 valentem
1160 2390 1215 2433 de
1236 2392 1321 2435 tuis
1345 2391 1434 2436 dis-

41 2454 342 2512 putationibus
355 2454 552 2513 judicare
563 2489 573 2508 ‚
590 2454 717 2498 nimis
729 2455 814 2500 alta
831 2458 997 2501 cervice
1016 2467 1058 2501 et
1071 2469 1274 2516 proterva
1287 2460 1432 2506 fronte

52 2622 87 2644 v.
107 2611 160 2644 38.
173 2630 214 2636 -
229 2610 246 2642 4
264 2611 348 2645 lbid.
366 2612 424 2645 lib.
444 2624 498 2652 vii,
517 2623 589 2655 cap.
613 2612 664 2652 15,
680 2624 713 2646 v.
734 2613 788 2654 24‘.

98 2562 106 2578 ¹
128 2556 251 2590 nahae.
272 2568 295 2598 ι,
321 2558 370 2588 13.
388 2574 428 2579 -—
447 2564 457 2579 ²
480 2559 571 2589 Rom.
602 2569 636 2596 v,
661 2567 766 2590 12—
783 2557 797 2581 3
829 2560 974 2592 Anibi-os.
1004 2561 1060 2593 lib.
1086 2573 1118 2594 iv
1139 2562 1171 2594 in
1194 2563 1272 2597 Luc0
1301 2575 1372 2607 cap.
1392 2575 1438 2603 iv,
1491 2570 1498 2576 “
