1884 3285
415 231 498 272 254
849 238 883 268 s.
919 237 1149 267 neusa-nu
1181 240 1362 267 nmscom

411 305 517 366 quid
533 303 602 350 vel
618 304 722 348 boni
740 302 808 348 vel
825 303 949 358 mali,
970 319 1058 348 non
1078 304 1244 363 impetu
1267 303 1416 358 brevi,
1436 303 1512 347 sed
1530 304 1791 363 cogitatione

410 375 692 434 appetituque
712 374 965 432 patraverit,
992 373 1059 417 vel
1080 374 1358 432 benignitatis
1379 381 1442 417 est
1458 373 1567 417 ratio
1583 374 1760 434 impleta
1773 409 1786 431 ‚

408 445 478 489 vel
496 445 787 503 malignitatis.
818 462 838 485 »

467 518 759 559 Ancum-mis.
797 514 915 559 Sicut
943 513 1144 572 intelligis
1164 514 1436 559 voluntatem
1459 514 1588 558 etiam
1610 514 1699 559 sola
1718 530 1789 560 co-

410 586 616 643 gitatione
651 585 864 629 rationem
890 584 960 629 vel
990 585 1264 643 benignitatis
1294 583 1361 628 vel
1396 584 1671 642 malignitatis
1703 586 1788 629 im-

409 655 550 713 plere,
574 656 609 699 si
635 671 686 699 eo
709 654 839 699 modo
862 654 1075 713 intelligas
1094 690 1105 710 ,
1131 655 1250 715 quod
1267 655 1321 699 de
1345 655 1456 699 bona
1476 664 1520 698 et
1545 664 1693 700 sancta
1715 671 1790 701 co-

410 726 616 785 gitatione
652 726 837 785 loquens
872 725 1104 785 Apostolus
1140 727 1224 782 ait,
1265 742 1352 770 non
1385 742 1474 770 esse
1504 742 1581 770 nos
1613 727 1792 772 idoneos
1851 789 1854 792 Δ

409 797 599 854 cogitare
622 795 788 854 aliquid
810 796 931 856 quasi
953 811 1003 839 ex
1025 796 1341 855 nobismetipsis
1355 831 1366 850 ‚
1391 796 1466 839 sed
1489 796 1791 840 sufficientiam

408 876 600 910 nostram
619 882 670 910 ex
690 869 777 910 Deo
799 881 889 910 esse
906 888 918 924 3
942 867 1100 925 poteris
1117 867 1271 925 corrigi
1288 902 1299 922 ‚
1322 876 1365 910 et
1385 866 1558 911 humilis
1576 867 1792 926 suscipere

408 936 588 993 gratiam
607 971 618 990 ‚
650 937 720 980 cui
743 945 785 979 te
809 937 1010 996 superbia
1038 935 1140 981 fecit
1166 937 1387 981 inimicum
1405 972 1416 991 ‚
1442 937 1548 980 dum
1582 937 1644 981 vis
1666 937 1712 980 in
1733 938 1792 981 eis

407 1021 518 1058 esse,
539 1007 615 1066 qui
634 1006 863 1051 confidunt
881 1008 925 1051 in
942 1007 1103 1052 virtute
1126 1023 1201 1051 sua
1216 1010 1228 1033 ¹
1246 1028 1258 1064 3
1277 1023 1365 1052 non
1384 1008 1428 1051 in
1450 1008 1508 1052 eis
1527 1008 1604 1067 qui
1619 1008 1790 1064 dicunt,

411 1094 432 1118 «
457 1076 639 1133 Diligam
663 1089 705 1120 te
723 1111 734 1130 ,
755 1077 954 1132 Domine,
979 1077 1115 1123 virtus
1133 1080 1274 1121 mea'2.
1300 1096 1319 1116 ι)

466 1149 667 1190 LXXXI.
704 1148 929 1191 JLLIANLS.
976 1165 996 1188 «
1027 1149 1084 1190 Et
1116 1146 1221 1190 boni
1253 1146 1386 1205 igitur
1423 1145 1710 1205 possibilitas,
1734 1146 1794 1191 “et

407 1215 510 1259 mali
526 1251 536 1271 ,
580 1217 695 1260 bona
734 1226 797 1260 est
835 1236 842 1260 :
883 1217 1090 1276 quoniam
1129 1232 1252 1276 posse
1287 1217 1452 1261 bonum
1492 1216 1634 1261 facere
1646 1252 1662 1272 ,
1696 1217 1795 1262 aula

406 1283 577 1329 virtutis
600 1296 664 1330 est
690 1305 698 1330 :
736 1301 857 1346 posse
886 1286 1051 1331 malum
1081 1285 1249 1343 facere,
1284 1287 1580 1332 testimonium
1612 1286 1792 1332 liberta-

408 1355 460 1399 tis
484 1365 562 1399 est.
593 1375 613 1397 »

467 1429 759 1471 Auorsrmts.
796 1428 893 1471 Nou
916 1435 979 1470 est
1010 1441 1113 1485 ergo
1144 1427 1249 1471 liber
1272 1429 1386 1471 Deus
1403 1462 1414 1481 ‚
1439 1427 1494 1471 de
1513 1442 1601 1486 quo
1629 1426 1796 1472 dictum

408 1504 497 1549 est,
519 1500 682 1555 Negare
711 1513 754 1541 se
776 1497 917 1556 ipsum
947 1513 1035 1541 non
1059 1499 1240 1557 potest3.
1269 1501 1325 1542 Et
1354 1498 1408 1542 de
1435 1514 1523 1558 quo
1552 1498 1682 1542 etiam
1705 1499 1795 1557 ipse

409 1563 576 1621 dixisti,
611 1586 631 1609 «
656 1570 764 1611 Deus
787 1583 874 1610 esse
909 1568 988 1610 nisi
1007 1569 1149 1628 justus
1178 1583 1266 1613 non
1290 1577 1431 1627 potest
1456 1588 1464 1612 2
1501 1577 1544 1612 et
1567 1567 1651 1612 alio
1672 1568 1791 1622 loco,

408 1635 504 1680 Non
524 1645 663 1694 potest
683 1646 827 1680 autem
860 1640 994 1689 Deus,
1015 1637 1180 1697 inquit,
1204 1638 1284 1682 nisi
1304 1640 1446 1698 justus
1469 1649 1512 1683 et
1531 1639 1627 1698 pius
1644 1654 1747 1682 esse.
1771 1657 1791 1680 »

467 1707 690 1749 LXXXII.
727 1708 773 1749 Ji
787 1724 954 1750 nmis.
985 1726 1003 1748 «
1033 1709 1113 1750 Per
1143 1708 1225 1752 hoc
1251 1707 1381 1765 igitur
1409 1709 1600 1768 suppetit
1628 1708 1796 1752 homini

406 1773 568 1818 habere
592 1773 814 1835 proprium
851 1778 1014 1820 bonum
1033 1812 1043 1831 ,
1077 1792 1153 1836 per
1183 1778 1303 1837 quod
1333 1779 1370 1821 ei
1398 1779 1546 1822 subest
1578 1794 1702 1838 posse
1731 1778 1796 1823 fa-

407 1859 503 1888 cere
524 1845 703 1890 malum.
727 1850 833 1891 Tota
857 1863 959 1907 ergo
982 1847 1116 1891 divini
1144 1847 1372 1908 plenitudo
1385 1849 1540 1909 judicii
1565 1859 1651 1895 tam
1664 1851 1796 1909 junc-

409 1922 502 1958 tum
521 1915 653 1959 habet
675 1917 896 1974 negotium
914 1933 1015 1960 cum
1037 1918 1116 1961 hac
1138 1917 1339 1962 libertate
1363 1920 1591 1964 hominum
1611 1955 1622 1975 ‚
1647 1929 1697 1964 ut
1717 1921 1796 1964 ha-

409 1999 506 2028 rum
538 1987 612 2045 qui
639 2003 768 2030 unam
800 1989 1042 2045 agnoverit,
1077 1990 1225 2033 ambas
1259 1991 1446 2034 noverit.
1482 1990 1607 2035 Unde
1638 1992 1712 2046 fit,
1746 2001 1798 2037 ut

406 2055 563 2098 harum
588 2072 718 2100 unam
739 2059 814 2117 qui
837 2057 1080 2113 violaverit,
1108 2059 1255 2103 ambas
1272 2060 1418 2105 violet.
1443 2060 1510 2105 Sic
1533 2061 1662 2118 igitur
1684 2071 1727 2106 et
1741 2061 1794 2106 li-

408 2123 550 2169 bertas
581 2126 761 2169 humani
790 2126 1059 2172 custodiatur
1087 2129 1248 2173 arbitrii
1267 2165 1278 2185 ,
1317 2131 1688 2190 quemadmodum
1722 2131 1794 2176 di-

408 2195 508 2239 vina
530 2197 709 2254 aequitas
731 2199 990 2242 custoditur.
1016 2200 1094 2243 Hic
1114 2199 1360 2245 intellectus
1384 2201 1508 2245 liberi
1531 2202 1695 2246 arbitrii
1713 2212 1793 2261 est,

409 2266 484 2325 qui
516 2275 557 2310 et
587 2265 771 2310 fatorum
803 2269 1073 2327 opinionem,
1111 2280 1153 2314 et
1181 2271 1488 2316 Chaldaeorum
1520 2273 1796 2332 supputatio-

409 2351 533 2389 nem,
561 2345 603 2380 et
632 2338 975 2382 Manichaeorum
1005 2341 1276 2398 phantasias,
1304 2343 1473 2386 veritati
1497 2342 1793 2387 ecclesiastieae

408 2405 671 2466 subjugavit.
699 2408 779 2452 Hic
807 2408 1053 2453 intellectus
1074 2420 1159 2465 est,
1186 2411 1260 2470 qui
1283 2427 1395 2457 cum.
1412 2411 1495 2456 illis
1516 2447 1526 2466 ,
1556 2428 1665 2472 quos
1687 2429 1795 2458 enu-

408 2476 671 2521 meravimus
687 2512 697 2529 ,
723 2493 797 2523 vos
815 2479 942 2523 etiam
967 2495 990 2523 a
1012 2480 1186 2525 Christo
1207 2490 1416 2526 monstrat
1438 2481 1614 2527 alienos.
1641 2483 1796 2528 Liber-

459 2560 567 2594 ¹Psa1.
589 2571 694 2602 Χινιιι,
719 2573 748 2602 7.
769 2578 804 2585 --
822 2569 833 2585 ²
854 2563 900 2595 ld.
920 2574 978 2604 vn,
999 2574 1029 2595 2.
1047 2580 1087 2586 —-—
1103 2562 1115 2586 3
1137 2574 1154 2596 2
1174 2564 1252 2597 Tim.
1272 2577 1306 2597 ιι.
