1884 3285
451 292 533 333 474
880 305 911 330 s.
950 304 1179 330 mausum
1214 304 1395 331 muscopz

447 379 568 429 potes
590 387 598 414 ε
618 382 720 413 cum
744 382 847 427 ergo
866 366 1013 422 audis,
1038 367 1327 428 quicumque,
1357 367 1447 413 noli
1474 366 1586 412 velle
1607 367 1709 413 inde
1730 366 1844 429 par-⁷
1864 399 1867 403 ·

445 439 568 484 vulos
583 454 780 498 separare
802 457 811 484 2
831 437 1032 498 permitte
1053 437 1276 482 Christum
1291 438 1420 487 etiam
1444 438 1633 497 parvulis
1650 454 1740 483 esse
1763 441 1832 484 Je-

445 525 565 568 sum,
601 510 809 570 quoniam
844 524 932 552 non
955 508 1143 567 exceptis
1177 508 1302 568 ipsis,
1328 508 1402 552 sed
1419 524 1520 553 cum
1543 509 1643 568 ipsis
1664 508 1832 554 salvum

443 579 547 625 facit
573 580 787 640 populum
808 594 936 624 suum
957 595 982 623 a
1006 579 1190 637 peccatis
1212 594 1378 633 eorum,
1401 587 1578 639 propter
1599 580 1718 640 quod
1744 579 1832 625 dic-

443 661 536 697 tum
565 660 629 696 est
650 650 705 695 ab
724 651 909 709 Angelo,
939 668 956 689 «
980 649 1165 694 Vocabis
1183 665 1341 695 nomen
1367 651 1457 710 ejus
1478 652 1664 694 Jesum¹.
1690 669 1710 691 »

500 725 743 769 CCXXIII.
789 724 813 766 J
818 738 1015 766 unm-s.
1056 741 1076 764 «
1091 721 1204 767 Dicit
1217 737 1294 766 nos
1312 730 1505 766 mortuos
1523 736 1613 765 esse
1630 729 1824 781 peccato,
1865 709 1869 753 ⁴·

442 810 493 839 eo
511 796 600 854 jam
618 803 828 853 tempore,
854 808 943 853 quo
959 801 1009 837 ut
1023 793 1314 853 acciperemus
1331 791 1616 851 indulgentiae
1635 790 1801 840 donum
1814 826 1826 847 ‚
1866 845 1869 856 Ἀ

441 865 692 909 renuntiare
720 880 798 909 nos
829 864 997 909 mundo
1018 864 1310 924 omnibusque
1333 863 1520 922 peccatis
1551 861 1731 921 professi
1753 877 1830 906 su·
1867 878 1870 923 j

441 951 537 980 mus
557 955 565 981 :
586 944 717 996 atque
750 935 850 980 ideo
872 935 1062 979 muneris
1092 950 1304 979 memores
1326 933 1486 978 debere
1506 933 1565 977 sic
1592 933 1760 988 vivere,
1781 942 1831 977 ut

439 1009 613 1053 Christo
634 1007 879 1067 consepulti
907 1022 997 1051 esse
1019 1006 1278 1063 doceamur,
1311 1015 1442 1065 atque
1470 1004 1831 1050 resurrectionem
1867 998 1872 1043 ³.

438 1081 530 1141 ejus
547 1079 780 1139 conspicua
803 1079 1030 1122 sanctitate
1045 1074 1261 1136 'gestemus
1282 1095 1292 1122 z
1313 1086 1357 1121 et
1371 1074 1594 1136 quomodo
1609 1074 1697 1131 ille,
1715 1084 1830 1135 post·
1864 1066 1867 1071 ’

438 1167 572 1210 quam
607 1149 839 1193 resurrexit
867 1164 889 1192 a
925 1148 1130 1203 mortuis,
1157 1146 1299 1192 nullas
1321 1147 1592 1192 infirmitates
1616 1146 1825 1206 corporis,
1864 1153 1868 1164 ¹

437 1221 558 1266 nulla
580 1220 750 1278 flagella
772 1220 1037 1280 perpetitur,
1063 1219 1122 1264 ita
1145 1220 1276 1264 etiam
1298 1228 1342 1264 et
1362 1234 1440 1264 nos
1463 1233 1553 1263 esse
1576 1215 1828 1267 invulnera-

437 1291 545 1337 biles
562 1291 745 1351 peccatis
766 1291 970 1335 omnibus
987 1299 1030 1334 et
1047 1290 1162 1335 vitiis
1177 1290 1441 1334 annitamur.
1470 1307 1488 1330 «
1511 1289 1552 1334 Si
1571 1288 1685 1333 enim
1703 1303 1826 1333 com-

439 1383 457 1406 »
483 1363 667 1424 plantati
683 1378 832 1408 sumus
846 1361 1119 1407 similitudini
1135 1362 1284 1407 mortis
1293 1362 1400 1423 ejus,
1412 1359 1596 1405 simulet
1607 1375 1827 1405 resurrec-

439 1454 458 1478 »
485 1435 613 1480 tionis
635 1435 818 1492 erimus,
842 1434 926 1478 hoc
941 1433 1139 1489 seientes,
1159 1434 1366 1493 quoniam
1385 1441 1508 1478 vetus
1524 1432 1658 1477 homo
1679 1440 1827 1476 noster
1867 1432 1870 1497 ζ

440 1527 457 1548 »
483 1506 613 1551 simul
630 1507 828 1551 confixus
845 1515 908 1550 est
929 1506 1064 1560 cruci,
1077 1515 1128 1550 ut
1144 1505 1392 1550 destruatur
1403 1518 1560 1564 corpus
1576 1504 1760 1564 peccati,
1776 1512 1827 1548 ut
1868 1501 1869 1522 ³

439 1598 456 1618 »
483 1577 591 1622 ultra
604 1593 694 1622 non
706 1578 939 1622 serviamus
953 1586 1148 1637 peccato.
1161 1577 1247 1630 Qui
1260 1577 1377 1621 enim
1393 1585 1593 1621 mortuus
1608 1584 1689 1630 est,
1700 1574 1828 1635 justi·

437 1667 456 1690 »
482 1650 635 1694 ficatus
649 1658 747 1693 esta
767 1650 979 1708 peccat02.
1001 1649 1160 1694 »Clara
1181 1648 1330 1693 fideles
1350 1649 1515 1693 ratione
1532 1647 1791 1706 constringit
1814 1665 1822 1692 :
1866 1637 1870 1685 ἕ

435 1721 477 1765 Si
495 1719 648 1775 vultis,
672 1721 838 1780 inquit,
864 1720 1188 1764 resurrectionis
1217 1721 1308 1779 ejus
1337 1719 1430 1764 fieri
1461 1719 1712 1779 participes,
1737 1718 1825 1764 vir·
1867 1738 1871 1779 ᾗ

433 1799 571 1834 tutem
588 1805 767 1851 quoque
782 1790 931 1834 mortis
950 1790 1198 1845 imitamini,
1219 1799 1269 1834 ut
1289 1790 1450 1834 mortui
1463 1789 1577 1835 vitiis
1596 1789 1642 1833 in
1663 1789 1826 1834 virtute
1867 1798 1870 1850 ᾗ

431 1860 583 1905 vivatis
602 1881 613 1919 3
632 1870 740 1906 tunc
756 1861 873 1905 enim
888 1861 1004 1905 eritis
1025 1861 1073 1905 in
1088 1859 1163 1905 illa
1180 1858 1386 1906 felicitate
1406 1868 1642 1914 consortes,
1665 1859 1699 1903 si
1713 1873 1824 1904 mor·
1868 1866 1870 1921 J

435 1931 484 1975 tis
507 1932 598 1991 ejus
619 1932 854 1991 imaginem
870 1931 1071 1987 tuleritis,
1090 1931 1317 1976 moriendo
1335 1932 1536 1991 peccatis.
1560 1932 1694 1975 Vetus
1707 1930 1824 1974 enim
1868 1926 1870 1984 ζ

431 2003 564 2047 homo
584 2011 730 2047 noster
755 2002 888 2047 debet
914 2003 1032 2047 cruci
1060 2004 1151 2063 ejus
1181 2003 1334 2047 affixus
1360 2002 1523 2054 doceri,
1549 2010 1599 2046 ut
1627 2001 1824 2046 destruat

430 2088 588 2133 corpus
604 2073 787 2133 peccati,
812 2072 1073 2118 fortitudine
1097 2072 1300 2120 videlicet
1323 2073 1543 2133 passionis.
1561 2073 1731 2131 Corpus
1746 2085 1825 2115 au·

433 2152 520 2187 tem
539 2145 722 2203 peccati,
741 2143 1060 2189 consuetudine
1077 2159 1154 2189 sua
1172 2143 1348 2199 Paulus,
1369 2143 1473 2189 vitia
1485 2178 1497 2198 ,
1523 2158 1610 2187 non
1629 2142 1824 2186 substan·

432 2214 538 2257 tiam
560 2215 699 2258 carnis
721 2215 926 2275 appellat.
963 2215 1031 2260 Sic
1053 2215 1171 2259 enim
1195 2214 1415 2275 sequitur,
1447 2231 1467 2255 «
1497 2214 1554 2257 Ut
1575 2211 1825 2264 destruatur

436 2302 454 2325 »
480 2299 638 2344 corpus
666 2286 848 2344 peccati,
886 2294 935 2329 ut
968 2285 1084 2330 ultra
1116 2300 1205 2330 non
1239 2285 1475 2330 serviamus
1511 2290 1705 2342 peccato.
1737 2281 1822 2335 Qui
1867 2299 1870 2317 ι

434 2372 453 2396 »
479 2356 596 2399 enim
618 2364 817 2400 mortuus
833 2365 914 2411 est,
932 2356 1193 2415 justificatus
1210 2365 1273 2401 est
1296 2371 1319 2400 a
1342 2362 1536 2415 peccato.
1562 2371 1582 2394 »ι

489 2427 784 2471 Amusaemts.
822 2424 1165 2479 Quomodolibet
1201 2425 1496 2485 interpreteris
1524 2437 1682 2483 corpus
1716 2437 1822 2482 pec·
1867 2418 1870 2450 l

432 2496 542 2552 cati,
571 2512 663 2542 non
699 2496 878 2556 negabis
905 2496 1110 2556 parvulos
1140 2497 1186 2540 in
1214 2497 1388 2542 Christo
1433 2497 1540 2539 Jesu
1583 2493 1822 2554 baptizatos
1867 2515 1869 2535 ι

433 2577 627 2613 mortuos
651 2584 739 2614 esse
755 2577 936 2628 peccato
951 2604 962 2624 ,
983 2584 1039 2613 ne
1060 2568 1326 2628 apertissime
1348 2582 1476 2627 neges
1493 2581 1564 2612 eos
1581 2566 1820 2626 baptizatos

482 2661 490 2676 ¹
513 2653 622 2687 Matth,
643 2665 666 2693 ι,
690 2662 744 2687 2ι.
758 2672 800 2678 -—
814 2661 826 2678 ²
848 2657 940 2688 Rom.
959 2665 1004 2693 vi,
1026 2654 1044 2688 5
1062 2657 1096 2686 et
1115 2664 1202 2697 seqq.

1862 618 1866 634 l

1862 639 1867 650 t
