1884 3285
431 256 508 292 132
847 258 879 286 S.
916 259 1142 288 AUGUSTIM
1178 260 1354 286 EPlscol’l

426 328 589 379 merita,
606 325 733 368 etiam
753 324 991 368 secundum
1013 325 1124 384 ipsos
1151 324 1419 382 Pelagia1105‚
1441 331 1622 380 possunt
1638 323 1682 366 in
1706 338 1798 382 par-

423 395 534 438 vulis
558 394 740 438 inveniri
761 428 771 448 ‚
797 409 874 438 cur
896 393 966 437 alii
997 409 1146 438 eorum
1175 395 1401 438 mittantur
1426 392 1469 434 in
1494 407 1676 450 regnum
1697 427 1708 446 ‚
1729 392 1800 437 alii

421 480 522 508 vero
537 464 777 508 alienentur
795 479 818 508 a
834 479 980 522 regno.
1015 465 1131 509 Sicut
1144 474 1285 509 autem
1311 478 1444 515 nunc,
1466 471 1514 506 ut
1531 462 1800 507 ostenderem

420 535 597 593 gratiam
617 535 693 578 Dei
713 551 800 578 11011
820 535 1060 581 seeundum
1081 536 1231 579 merita
1260 544 1405 578 nostra
1425 534 1532 587 dari,
1558 534 1799 577 secundum

420 614 655 665 utrumque
686 620 858 649 sensum
889 606 971 649 1100
1001 605 1236 649 defendere
1268 603 1400 648 malui
1431 624 1442 661 3
1484 612 1528 647 et
1559 603 1799 648 secundum

418 685 615 719 nostrum
637 675 820 730 scilicet⁷
841 676 914 734 qui
944 675 1171 719 obstrictos
1189 675 1384 733 originali
1400 683 1577 732 peceato
1599 673 1799 733 parvulos

417 745 615 799 dicimus,
634 754 676 788 et
693 745 932 789 secundum
954 745 1279 803 Pelagianorum
1299 779 1308 797 ,
1326 744 1401 803 qui
1416 742 1625 802 originale
1638 753 1798 802 negant
1849 765 1851 781 ε

416 828 504 857 esse
532 822 758 872 peceatum
785 836 795 871 3
830 830 908 859 nec
939 824 1083 858 tamen
1114 815 1212 858 ideo
1237 815 1341 857 mihi
1376 822 1438 857 est
1469 813 1794 870 ambigendum,
1849 823 1852 847 ³

415 885 574 928 habere
596 884 797 943 parvulos
817 886 938 944 quod
960 886 1018 929 eis
1038 884 1229 929 dimittat
1246 885 1321 944 qui
1343 883 1510 928 salvum
1534 885 1637 928 facit
1662 899 1799 943 popu-

411 954 503 999 lum
521 970 646 999 suum
670 971 702 998 a.
716 956 901 1014 peccatis
921 971 1073 1000 eorum
1094 958 1104 981 ¹
1125 956 1208 1000 :ita
1229 956 1274 998 111
1292 954 1418 999 tertio
1433 954 1545 999 libro
1563 954 1618 998 de
1640 954 1798 999 Libero

413 1026 591 1070 arbitrio
619 1026 854 1070 secundum
888 1036 1124 1086 utrumque
1157 1041 1330 1070 sensum
1360 1026 1494 1069 restiti
1528 1025 1792 1079 Manichaeis,

412 1096 499 1139 sive
529 1094 763 1153 supplicia,
793 1097 880 1140 sive
904 1095 1137 1155 primordia
1172 1106 1338 1139 naturae
1365 1095 1451 1138 sint
1482 1094 1724 1153 ignorantia
1754 1103 1796 1138 et

411 1165 660 1219 difficultas,
681 1166 771 1208 sine
788 1167 946 1224 quibus
960 1165 1105 1209 nullus
1119 1167 1345 1210 hominum
1364 1165 1576 1222 naseitur3
1594 1174 1636 1208 et
1650 1174 1795 1208 tamen

412 1250 548 1278 unum
571 1236 725 1278 horum
750 1244 892 1279 teneo.
924 1235 988 1278 lbi
1021 1251 1196 1295 quoqne
1220 1252 1243 1279 a
1261 1250 1329 1278 me
1351 1236 1450 1279 satis
1475 1235 1698 1279 evidenter
1719 1250 1794 1278 ex-

408 1319 603 1363 pressum
619 1340 629 1359 ,
655 1304 773 1364 quod
804 1321 892 1349 non
916 1306 970 1350 sit
990 1306 1070 1350 ista
1093 1316 1247 1350 natura
1270 1306 1455 1350 instituti
1480 1306 1693 1361 hominis,
1719 1304 1795 1350 sed

408 1389 537 1433 poena
559 1373 771 1418 damnati.

468 1445 606 1487 XXX.
646 1446 820 1487 Frustra
840 1444 985 1502 itaque
1007 1445 1113 1488 mihi
1136 1444 1189 1488 de
1212 1445 1326 1488 illius
1348 1445 1445 1489 libri
1471 1446 1555 1489 11101
1583 1455 1795 1491 vetustate

408 1513 724 1572 praescribitur,
746 1529 799 1557 ne
821 1529 943 1572 agam
959 1531 1130 1559 causam
1154 1516 1264 1559 sieut
1285 1516 1425 1560 debeo
1450 1531 1574 1573 agere
1590 1516 1795 1575 parvulo-

409 1598 521 1636 rum,
545 1592 585 1626 et
604 1582 704 1626 inde
722 1584 902 1641 gratiam
929 1585 1005 1627 Dei
1034 1600 1121 1629 non
1139 1586 1379 1629 seeundum
1398 1587 1549 1629 merita
1567 1587 1795 1630 hominum

410 1653 501 1696 dari
522 1688 532 1707 ,
554 1653 791 1711 perspicuae
807 1654 996 1698 veritatis
1012 1653 1110 1698 luce
1134 1655 1403 1700 convincam.
1427 1656 1470 1700 Si
1485 1657 1600 1700 enim
1620 1656 1797 1716 quando

411 1721 544 1766 libros
572 1722 626 1765 de
644 1723 801 1767 Libero
821 1724 998 1768 arbitrio
1020 1724 1156 1769 laicus
1170 1727 1299 1785 coepi,
1321 1727 1547 1785 presbyter
1569 1727 1791 1785 explicavi,

410 1791 554 1836 adhuc
568 1792 622 1836 de
635 1793 912 1837 damnatione
927 1794 1158 1839 infantium
1177 1812 1262 1840 non
1280 1798 1593 1841 renascentium
1610 1807 1652 1842 et
1665 1798 1719 1842 de
1734 1814 1796 1841 re-

412 1863 681 1905 nascentium
696 1861 954 1906 liberatione
971 1862 1215 1909 dubitarem
1233 1887 1243 1922 3
1269 1881 1412 1920 nemo,
1431 1876 1480 1910 ut
1501 1867 1671 1925 opinor,
1688 1877 1797 1912 esset

411 1940 498 1974 tam
522 1932 704 1990 injustus
727 1940 858 1991 atque
881 1933 1052 1977 invidus
1070 1969 1080 1988 ,
1105 1936 1180 1994 qui
1207 1951 1276 1979 me
1298 1937 1504 1995 proficere
1529 1938 1791 1996 prohiberet,

411 2009 543 2058 atque
557 2000 601 2043 in
617 2002 697 2044 hac
715 2000 987 2046 dubitatione
1001 2005 1313 2049 remanendum
1337 2007 1443 2050 mihi
1459 2022 1548 2052 esse
1561 2009 1790 2066 judicaret.

410 2071 520 2113 Cum
551 2084 652 2113 vero
679 2070 837 2113 rectius
870 2073 1002 2128 possit
1033 2072 1246 2131 intelligi,
1271 2090 1359 2119 non
1389 2091 1456 2119 me
1488 2086 1714 2136 propterea
1740 2078 1795 2122 de

410 2138 491 2181 hac
524 2153 569 2181 re
600 2138 820 2183 dubitasse
849 2140 966 2184 credi
990 2151 1216 2200 oportere,
1245 2145 1347 2203 quia
1370 2155 1520 2189 eontra
1554 2162 1663 2206 quos
1700 2162 1793 2191 mea

410 2206 679 2266 dirigebatur
702 2209 907 2265 intentio,
929 2211 987 2255 sic
1017 2211 1123 2255 mihi
1141 2213 1218 2257 visi
1238 2223 1340 2257 sunt
1362 2214 1614 2271 refellendi,
1641 2226 1690 2261 ut
1706 2218 1793 2262 sive

409 2291 541 2335 poena
572 2288 681 2322 esset
712 2280 876 2338 peccati
909 2282 1127 2340 originalis
1151 2284 1195 2326 in
1224 2286 1411 2343 parvulis
1433 2321 1443 2341 ‚
1479 2287 1599 2346 quod
1637 2290 1793 2333 veritas

409 2346 542 2391 habet
567 2367 577 2404 3
607 2348 695 2393 sive
723 2364 811 2392 non
840 2360 978 2405 esset,
1010 2352 1127 2410 quod
1159 2355 1359 2398 nonnulli
1389 2366 1579 2402 errantes
1613 2359 1792 2417 opinan-

413 2425 507 2459 tur:
533 2417 655 2462 nullo
684 2418 815 2463 modo
839 2429 982 2464 tamen
1001 2437 1131 2481 quam
1153 2425 1492 2471 Manichaeorum
1517 2443 1634 2473 error
1659 2429 1790 2474 indu-

409 2487 467 2530 cit
484 2521 494 2540 ,
515 2487 701 2532 duarum
732 2499 1016 2548 naturarum,
1038 2493 1142 2537 boni
1171 2494 1333 2540 scilicet
1362 2507 1405 2542 et
1437 2497 1537 2543 mali
1565 2500 1790 2558 permixtio

396 2569 400 2573 ”
459 2576 467 2593 ¹
496 2571 609 2603 Matth.
630 2583 656 2613 1,
676 2581 728 2605 21.
