1884 3285
405 241 457 279 58
838 251 871 276 s.
908 247 1138 276 Aneusnm
1170 249 1353 289 arist-,01²1

405 316 527 359 fieret
542 349 552 368 ,
574 313 725 359 volens
751 311 927 357 credere
954 333 965 370 3
988 313 1272 357 verumetiam
1304 329 1357 357 ex
1382 322 1658 372 persecutore
1682 330 1784 374 per-

405 385 666 430 secutionem
690 384 733 426 in
753 383 843 442 ejus
861 383 978 437 fidei,
998 398 1127 442 quam
1153 385 1509 443 persequebatur,
1533 384 1786 430 defensione

403 462 640 514 pateretur.
661 456 878 497 Donatum
897 453 1061 512 quippe
1082 452 1145 496 illi
1169 463 1299 498 erata
1321 454 1510 509 Christo,
1535 469 1624 498 non
1645 455 1784 500 solum

402 534 451 569 ut
475 524 669 569 crederet
693 524 738 567 in
761 539 877 578 eum,
898 524 1181 568 verumetiam
1205 534 1254 568 ut
1275 533 1495 583 pateretur
1517 540 1595 585 pro
1613 542 1679 571 eo.

463 597 515 638 V.
542 593 711 638 Etideo
728 593 1039 638 commendans
1060 594 1184 638 istam
1209 595 1404 652 gratiam,
1429 611 1528 655 quae
1551 611 1641 640 non
1657 595 1787 641 datur

402 664 639 709 secundum
665 663 810 723 aliqua
833 664 1000 719 merita,
1026 666 1098 709 sed
1122 665 1255 710 eflicit
1285 666 1429 710 omnia
1460 667 1575 710 bona
1600 667 1784 714 merita:

407 739 536 781 «Non
557 736 657 794 quia
676 735 822 779 idonei
839 751 1004 790 sumus,
1026 736 1184 796 inquit,
1203 738 1389 795 cogitare
1406 736 1570 796 aliquid
1593 738 1716 797 quasi
1736 753 1788 783 ex

405 825 424 848 »
448 806 767 865 nobismetipsis
787 841 798 861 ,
823 807 899 850 sed
920 807 1177 852 sufficientia
1195 818 1338 852 nostra
1363 824 1414 852 ex
1433 811 1521 853 Deo
1543 817 1606 852 est
1622 810 1653 852 ¹.
1674 826 1694 850 »
1708 811 1789 853 At·
1855 819 1861 848 ἓ

403 877 583 921 tendant
598 877 738 931 hic,et
755 877 888 920 verba
904 877 985 921 ista
1003 877 1293 936 perpendant,
1309 879 1386 937 qui
1409 888 1566 937 putant
1588 894 1640 922 ex
1662 879 1788 923 nobis
1839 924 1847 929 ,
1871 870 1873 876 ¹

403 963 492 992 esse
522 946 624 990 fidei
647 956 842 1006 coeptum
860 982 870 1001 ,
896 956 939 990 et
971 963 1022 991 ex
1046 951 1133 991 Deo
1162 963 1252 992 esse
1281 948 1384 992 fidei
1416 947 1785 1008 supplementum.

403 1019 508 1071 Quis
532 1018 646 1061 enim
670 1033 759 1062 non
779 1018 940 1072 videat,
961 1018 1078 1077 prius
1101 1034 1190 1062 esse
1214 1019 1405 1077 cogitare
1427 1035 1558 1079 quam
1574 1019 1749 1064 credere
1769 1022 1788 1065 Ρ
1858 1066 1863 1074 ,

401 1087 556 1134 Nullus
569 1089 732 1148 quippe
747 1087 884 1132 credit
901 1088 1081 1148 aliquid,
1103 1089 1183 1133 nisi
1196 1090 1315 1148 prius
1327 1090 1582 1148 cogitaverit
1596 1105 1685 1134 esse
1700 1105 1788 1134 cre·
1842 1090 1844 1092 ’
1860 1082 1864 1095 '

403 1158 613 1203 dendum.
643 1159 849 1212 Quamvis
873 1159 989 1202 enim
1010 1159 1166 1217 raptim
1186 1194 1196 1214 ,
1222 1159 1420 1218 quamvis
1445 1159 1667 1204 celerrime
1690 1175 1787 1205 cre-

401 1228 534 1272 dendi
543 1229 812 1273 voluntatem
824 1230 1023 1288 quaedam
1037 1230 1314 1287 cogitationes
1323 1230 1591 1286 antevolent,
1601 1246 1790 1292 moxque

399 1297 473 1343 illa
496 1300 555 1343 ita
581 1308 809 1360 sequatur,
841 1308 890 1343 ut
910 1300 1032 1359 quasi
1055 1300 1407 1360 conjunctissima
1426 1301 1687 1347 comitetur:
1707 1318 1789 1348 ne-

401 1384 516 1413 cesse
526 1378 590 1414 est
601 1378 748 1414 tamen
760 1379 810 1413 ut
823 1370 964 1413 omnia
978 1386 1077 1430 quae
1090 1369 1347 1426 creduntur,
1359 1372 1652 1430 praeveniente
1665 1374 1787 1432 cogi-

403 1440 565 1483 tatione
581 1440 831 1484 credantur.
847 1443 1106 1500 Quanquam
1120 1451 1163 1486 et
1181 1442 1322 1501 ipsum
1343 1443 1534 1498 credere,
1551 1443 1659 1488 nihil
1672 1444 1791 1490 aliud

403 1520 480 1565 est,
506 1526 636 1570 quam
656 1527 755 1556 cum
779 1513 1021 1556 assensione
1050 1514 1255 1572 cogitare.
1284 1516 1381 1559 Non
1404 1515 1518 1559 enim
1543 1515 1683 1560 omnis
1713 1516 1791 1576 qui

402 1582 577 1639 cogitat,
597 1582 735 1626 credit
756 1604 767 1640 3
791 1598 891 1627 cum
915 1583 1013 1628 ideo
1039 1584 1230 1642 cogitent
1255 1584 1451 1644 plerique
1467 1618 1479 1640 ,
1501 1600 1556 1629 ne
1578 1585 1786 1632 credant:

402 1651 477 1696 sed
492 1654 649 1710 cogitat
667 1654 806 1698 omnis
829 1655 906 1714 qui.
928 1654 1081 1706 credit,
1103 1664 1146 1699 et
1161 1655 1381 1700 credendo
1401 1656 1584 1713 cogitat,
1605 1666 1648 1701 et
1668 1659 1790 1716 cogi-

401 1723 536 1767 tando
565 1724 717 1768 credit.
756 1725 883 1777 Quod
923 1741 1023 1783 ergo
1054 1727 1242 1784 pertinet
1278 1725 1333 1770 ad
1373 1726 1622 1785 religionem
1659 1738 1791 1788 atque

402 1794 624 1852 pietatem,
649 1796 667 1851 (
683 1793 737 1838 de
759 1811 843 1853 qua
867 1795 1132 1855 loquebatur
1153 1796 1403 1855 Apostolus,
1427 1800 1444 1855 )
1465 1799 1497 1841 si
1530 1813 1619 1842 non
1640 1813 1791 1843 sumus

401 1862 547 1906 idonei
572 1865 760 1922 cogitare
793 1865 958 1925 aliquid
985 1867 1106 1926 quasi
1128 1882 1180 1910 ex
1203 1867 1519 1927 nobismetipsis
1535 1904 1546 1923 ,
1571 1868 1645 1912 sed
1668 1869 1788 1912 suffi-

401 1933 556 1977 cientia
588 1943 731 1978 nostra
773 1950 823 1978 ex
853 1939 940 1979 Deo
968 1945 1031 1980 est
1057 1958 1068 1993 3
1103 1936 1302 1995 profecto
1339 1954 1435 1982 non·
1462 1954 1610 1983 sumus
1643 1939 1790 1984 idonei

403 2003 578 2046 credere
601 2003 766 2062 aliquid
792 2006 912 2064 quasi
936 2022 986 2049 ex
1008 2007 1344 2068 nobismetipsis,
1370 2010 1489 2068 quod
1517 2010 1608 2054 sine
1627 2011 1791 2068 cogita-

403 2074 521 2117 tione
543 2089 631 2118 non
655 2090 881 2133 possumus
904 2111 914 2130 ,
948 2078 1023 2121 sed
1044 2077 1301 2122 sufficientia
1336 2089 1479 2124 nostra
1506 2096 1592 2140 qua
1614 2083 1790 2126 credere
1839 2131 1843 2134 ,

403 2144 660 2203 incipiamus
681 2180 691 2199 ,
721 2161 771 2189 ex
805 2149 893 2190 Deo
917 2157 994 2191 est.
1022 2149 1233 2201 Quocirca
1265 2150 1375 2194 sicut
1404 2166 1532 2195 nemo
1561 2152 1641 2195 sibi
1672 2154 1791 2197 suffi-

403 2214 461 2258 cit
490 2214 544 2258 ad
569 2215 864 2274 incipiendum
893 2218 961 2261 vel
992 2219 1306 2276 perficiendum
1340 2221 1652 2280 quodcumque
1680 2238 1789 2283 opus

403 2285 592 2342 bonum3
610 2286 729 2346 quod
743 2289 832 2347 jam
849 2289 916 2332 isti
938 2288 1106 2344 fratres,
1123 2291 1233 2335 sicut
1246 2301 1385 2336 vestra
1402 2293 1558 2352 scripta
1574 2293 1786 2350 indicant,

403 2371 551 2398 verum
578 2372 665 2400 csse
679 2359 956 2402 consentiunt
977 2380 987 2415 3
1012 2360 1190 2404 undein
1213 2362 1332 2405 omni
1360 2377 1489 2421 opere
1511 2363 1629 2408 bono
1657 2374 1701 2410 et
1720 2366 1790 2410 in-

403 2426 603 2484 cipiendo
623 2437 665 2471 et
689 2429 953 2487 perficiendo
975 2431 1230 2475 sufficientia
1254 2441 1399 2477 nostra
1416 2449 1466 2477 ex
1494 2437 1582 2479 Deo
1605 2445 1669 2480 est
1695 2455 1704 2482 :
1729 2437 1788 2482 ita

403 2512 530 2541 nemo
551 2498 630 2541 sibi
653 2500 812 2544 suflicit
833 2501 902 2545 vel
925 2502 978 2545 ad
1002 2502 1294 2560 incipiendam
1310 2504 1382 2549 vel
1398 2505 1453 2549 ad
1477 2506 1786 2565 perficiendam

450 2585 460 2603 ¹
479 2589 497 2612 2
515 2583 587 2614 Cor.
602 2593 647 2619 ιιι,
675 2583 703 2615 5.
