1821 3264
247 256 390 284 omnus
423 256 598 283 mrum.
633 257 797 285 CONTRA
830 259 999 286 simun.
1036 260 1117 286 Lm.
1155 261 1186 286 1.
1326 249 1409 288 297

86 324 262 369 CXXX.
292 324 517 366 Jmmms.
548 341 567 364 «
599 322 682 367 Sed
699 324 934 383 imaginem
958 340 1102 380 suam,
1128 325 1172 369 id
1199 335 1284 381 est,
1314 341 1411 370 om-

30 407 102 440 nes
132 393 327 437 homines
364 393 501 437 bonos
532 392 744 448 condere,
780 396 855 454 qui
887 396 1014 439 etiarn
1055 395 1283 441 demolitos
1317 406 1412 441 stu-

29 463 198 510 diorum
214 463 446 523 pravitate,
471 463 706 507 reformare
730 466 1019 510 remediorum
1043 466 1259 511 desiderat
1277 466 1412 526 largi-

29 544 130 581 tate.
160 535 246 594 Ipsi
276 533 454 594 quidem
476 542 622 579 cantat
652 536 842 580 Ecclesia
869 537 1203 581 misericordiam
1232 547 1274 582 et
1292 538 1414 599 judi-

30 609 143 654 cium
158 609 199 664 ¹3
224 606 325 666 quia
347 614 390 649 et
412 605 494 649 illis
511 614 573 650 est
590 605 802 665 benignus
824 608 900 668 qui
922 607 1032 651 nihil
1053 607 1350 668 deliquerunt,
1373 619 1415 654 et

23 680 140 740 justo
156 677 283 737 punit
299 677 465 736 judicio
487 692 558 721 eos
581 678 657 737 qui
683 677 786 722 boni
810 695 833 722 a
862 682 952 723 Deo
973 679 1138 723 conditi
1163 689 1315 738 suapte
1339 695 1417 725 vo-

29 749 196 794 luntate
226 757 487 807 peccarunt,
513 764 561 793 ac
583 748 887 793 misericordiae
911 749 1100 794 subsidia
1136 760 1413 810 respuerunt.

32 821 153 865 Hanc
169 819 302 878 igitur
321 819 658 864 misericordiam
673 854 684 874 ,
708 829 750 864 et
766 821 850 864 hoc
868 820 1085 880 judicium
1102 831 1249 866 cantat
1271 822 1416 866 Eccle-

33 891 92 936 sia
119 888 432 935 catholicorum
460 909 469 935 :
494 899 699 935 caeterum
723 891 766 934 in
789 900 930 935 vestra
953 891 1062 936 nihil
1081 901 1221 951 potest
1243 892 1330 936 tale
1351 907 1419 936 re·

32 976 185 1007 sonare
201 996 212 1017 ,
237 977 336 1022 quae
366 960 472 1006 dicit
492 962 583 1006 sine
599 962 780 1022 justitia,
808 963 898 1006 sine
916 963 1106 1022 judicio,
1138 964 1229 1008 sine
1252 964 1419 1008 miseri-

32 1033 194 1088 cordia,
210 1036 350 1077 Deum
364 1031 634 1077 conditorem
652 1032 882 1088 malorum,
902 1034 1093 1078 formare
1110 1049 1220 1094 quos
1239 1034 1418 1093 puniat3

34 1113 167 1165 atque
182 1104 239 1149 ob
253 1104 337 1149 hoc
352 1104 507 1164 punire
523 1139 534 1160 ,
554 1103 673 1164 quod
690 1120 762 1149 eos
778 1120 830 1149 ex
844 1104 983 1149 Adam
998 1105 1090 1165 ipse
1107 1103 1373 1150 formaverit.
1397 1123 1418 1146 »

91 1178 382 1221 Ami-smnus.
419 1178 513 1220 Jam
544 1174 722 1236 quidem
756 1175 835 1219 tibi
865 1177 1063 1236 superius
1087 1176 1142 1220 ad
1171 1177 1317 1221 omnia
1344 1176 1423 1221 ista

34 1260 287 1306 responsum
310 1256 373 1290 est
399 1266 407 1290 :
432 1255 578 1290 tamen
598 1255 641 1290 et
660 1247 731 1290 hic
753 1246 943 1291 breviter
965 1246 1082 1291 audi.
1107 1249 1205 1292 Non
1234 1247 1424 1291 abstinet

33 1318 147 1362 Deus
177 1317 341 1360 bonum
371 1316 642 1361 formationis
673 1332 762 1360 suae
791 1317 919 1361 etiam
945 1317 998 1361 ab
1027 1318 1159 1377 stirpe
1181 1316 1385 1361 damnata
1413 1336 1422 1362 :

34 1389 108 1434 sed
130 1389 164 1433 si
185 1388 264 1432 tibi
287 1387 486 1447 displicet
502 1423 512 1443 ‚
543 1391 681 1432 Deum
711 1403 856 1433 creare
884 1404 994 1449 quos
1016 1389 1223 1447 damnet3
1249 1398 1425 1433 contra-

34 1460 105 1505 dic
126 1460 193 1515 ei,
218 1459 251 1504 si
275 1468 395 1518 potes
410 1493 421 1513 ‚
447 1474 502 1503 ne
531 1468 648 1503 creet
667 1474 738 1504 eos
753 1494 764 1514 ‚
790 1475 899 1519 quos
925 1459 1061 1504 malos
1081 1459 1254 1504 futuros
1272 1495 1282 1514 ‚
1309 1469 1352 1504 et
1380 1460 1426 1504 in

34 1531 301 1590 malignitate
319 1531 518 1590 usquein
541 1530 672 1575 finem
694 1539 1041 1590 perseveraturos
1057 1566 1067 1586 ‚
1092 1539 1133 1575 et
1150 1531 1207 1575 ob
1229 1531 1313 1575 hoc
1334 1531 1426 1575 sine

34 1602 308 1648 dubitatione
330 1601 601 1646 damnandos
625 1617 714 1646 esse
731 1603 948 1661 praescivit
969 1621 978 1647 ε
1006 1611 1081 1646 aut
1099 1603 1136 1646 ei
1159 1617 1340 1662 suggere
1357 1637 1367 1657 ‚
1395 1603 1427 1645 si

35 1672 234 1729 videtur,
276 1682 326 1717 ut
360 1682 424 1717 tot
463 1672 598 1716 millia
635 1673 919 1732 parvulorum
958 1688 1045 1717 non
1080 1673 1396 1732 baptizatorum
1415 1707 1425 1727 ‚

36 1759 143 1805 quos
174 1744 295 1788 novit
319 1743 487 1803 perdite
510 1759 599 1787 esse
620 1744 834 1798 victuros,
869 1753 911 1788 et
933 1744 977 1787 in
1008 1753 1219 1788 aeternum
1251 1745 1395 1802 ignem
1415 1778 1425 1797 ‚

37 1814 271 1859 damnante
301 1814 415 1873 ipso,
450 1828 551 1857 cum
579 1812 756 1858 diabolo
786 1814 944 1868 ituros,
969 1814 1108 1873 rapiat
1132 1829 1182 1857 ex
1204 1815 1285 1858 hac
1312 1813 1425 1867 vita,

38 1885 144 1930 dum
173 1894 275 1929 sunt
294 1886 547 1929 innocentes
576 1895 619 1929 et
647 1885 779 1941 boni3
805 1894 852 1929 ut
880 1886 913 1928 si
943 1900 1032 1929 non
1065 1885 1110 1929 in
1141 1900 1275 1944 regno
1308 1885 1424 1944 ejus,

37 1965 153 2000 certe
167 1956 211 2000 in
227 1955 326 2000 loco
343 1955 490 2015 aliquo
507 1954 710 2000 secundae
728 1955 944 2000 felicitatis
959 1990 969 2010 ,
993 1970 1126 2015 quem
1144 1954 1304 1998 talibus
1323 1954 1431 1999 oedi-

38 2027 182 2072 ficavit
201 2027 371 2071 haeresis
394 2036 533 2071 vestra
549 2062 559 2081 ‚
582 2027 713 2071 vitam
737 2036 913 2071 teneant
930 2027 1258 2086 sempiternam.
1287 2026 1432 2070 Habes

39 2097 184 2143 adhuc
205 2098 325 2157 quod
347 2114 550 2158 suggeras
572 2098 840 2142 consiliarius
862 2099 962 2153 Dei,
989 2114 1067 2158 pro
1086 2098 1183 2142 filiis
1206 2099 1299 2158 ejus
1323 2112 1432 2157 quos

40 2170 332 2228 regeneravit,
355 2185 464 2229 quos
487 2170 729 2227 adoptavit,
757 2179 798 2213 et
822 2180 967 2214 tamen
990 2169 1126 2213 malos
1149 2178 1282 2228 atque
1306 2168 1432 2212 dam-

40 2240 206 2285 nandos
240 2240 411 2285 futuros
441 2256 530 2284 esse
553 2239 755 2300 praevidit
785 2261 793 2285 :
825 2250 872 2286 ut
907 2250 1141 2301 antequam
1172 2241 1346 2284 veniant
1387 2240 1432 2284 in

41 2325 159 2356 ream
190 2311 323 2355 vitam
345 2347 355 2365 ‚
390 2311 490 2355 vitae
525 2312 657 2371 ipsius
686 2310 974 2370 productione
1006 2311 1232 2370 priventur
1254 2345 1264 2364 ‚
1303 2320 1344 2354 et
1378 2309 1431 2354 ad

42 2396 226 2441 regnum
254 2384 345 2441 ejus
362 2417 371 2435 ‚
404 2397 492 2426 non
520 2381 574 2426 ad
601 2381 812 2442 supplicia
843 2391 1005 2426 aeterna
1030 2381 1291 2440 pertineant.
1321 2382 1432 2424 Cum

45 2453 160 2496 enim
194 2462 236 2496 te
273 2453 480 2497 invidiose
523 2453 665 2496 dicere
702 2455 948 2512 putaveris,
977 2456 1115 2496 Deum
1146 2466 1290 2495 creare
1325 2466 1433 2510 quos

47 2523 250 2579 damnet3
284 2524 425 2583 cogita
447 2533 613 2584 quanto
638 2524 889 2570 invidiosius
912 2524 1044 2583 possit
1072 2523 1214 2567 dicere
1244 2521 1352 2566 alius
1375 2522 1433 2565 si·
1464 2555 1470 2560 .

95 2615 104 2631 ¹
126 2608 206 2640 Psal.
232 2620 260 2649 c,
285 2621 311 2640 1.
