1821 3264
634 272 784 298 iunssx.
1322 260 1405 301 475

64 340 144 383 peti,
158 339 184 372 si
200 348 219 372 a
234 340 300 372 Deo
314 338 383 371 dari
395 348 458 370 non
475 337 629 370 creditur.
648 339 744 370 Porro
762 337 924 370 Dominica
939 337 1085 371 oratione
1099 336 1174 370 nihil
1191 347 1273 380 pene

64 396 148 429 aliud
175 395 264 438 posci
280 405 374 439 quam
391 392 679 438 perseverantiam,
700 394 794 435 juxta
811 393 959 437 Cypriani
978 394 1126 437 martyris
1145 394 1276 437 exposi-

64 453 185 485 tionem
207 464 214 484 :
239 462 302 496 qua
317 451 449 495 quidem
475 449 673 494 expositione
694 451 752 494 ipsi
771 451 880 492 gratiae
904 450 1023 484 inimici
1047 451 1189 484 convicti
1205 454 1278 483 sunt

65 513 141 541 ante
156 519 251 553 quam
272 509 352 541 nati.
371 506 600 541 Perseverandi
620 500 753 547 gratiam
775 517 838 539 non
855 507 1030 540 secundum
1047 506 1276 549 accipientium

65 565 193 607 merita,
214 566 272 598 sed
287 565 355 598 aliis
377 565 434 597 Dei
454 562 670 597 misericordia
688 563 769 603 dari,
798 562 866 596 aliis
889 563 977 604 justo
995 563 1064 604 ejus
1077 562 1198 604 judicio
1216 573 1277 594 non

65 622 135 654 dari
151 622 259 655 docet.
285 625 349 656 Cur
371 633 411 654 ex
434 619 550 654 adultis
566 618 621 651 ille
642 619 746 661 potius
759 629 853 661 quam
872 619 934 652 iste
950 623 1100 652 vocetur.
1119 618 1278 662 quemad-

66 679 196 711 modum
213 683 247 712 et
263 689 302 711 ex
320 678 444 711 duobus
463 677 602 721 parvulis
618 688 674 709 cur
694 676 756 708 iste
776 678 966 713 assumatur,
994 674 1048 706 ille
1068 673 1278 716 relinquatur,

66 734 288 767 inscrutabile.
309 733 548 767 Inscrutabilius
563 743 654 773 vero,
673 742 730 764 cur
746 742 785 763 ex
803 730 925 764 duobus
948 730 1020 772 piis,
1038 728 1112 761 huic
1129 739 1280 770 perseve-

66 801 138 823 rare
160 791 311 832 donetur,
333 801 395 822 non
412 789 456 821 illi
477 801 484 821 :
503 789 560 821 sed
577 788 654 820 illud
680 792 788 819 tamen
806 786 1031 824 certissimum,
1058 783 1142 816 hunc
1158 794 1226 815 esse
1241 794 1280 815 ex

66 846 313 888 praedestinatis,
332 845 420 878 illum
435 855 499 877 non
514 855 594 877 esse.
610 842 897 875 Praedestinationis
913 840 1098 883 mysterium
1111 837 1282 872 Dominicis

68 901 230 935 verbisde
243 901 345 943 Tyriis
360 905 393 934 et
409 900 557 938 Sidoniis,
574 899 601 930 si
614 898 726 931 eadem
740 897 824 939 apud
836 897 903 928 illos
917 906 986 939 quae
1003 894 1088 937 apnd
1106 893 1280 926 Chorozain

68 957 156 999 signa
167 957 256 990 facta
274 961 395 997 essent,
411 955 631 999 poenitentiam
648 953 782 993 acturis,
797 952 967 984 monstrari
985 951 1150 982 observat.
1164 951 1280 980 Exem-

65 1013 152 1055 plum
168 1013 376 1056 parvulorum
391 1013 432 1044 ad
444 1009 744 1053 praedestinationis,
764 1013 797 1039 et
816 1007 924 1049 gratiae
947 1006 979 1037 in
1000 1005 1176 1046 majoribus
1191 1003 1281 1035 veri—

69 1075 168 1102 tatem
180 1070 367 1102 firmandam
380 1068 489 1100 valere
503 1066 644 1099 ostendit
657 1078 664 1096 2
682 1069 778 1106 atque
795 1063 835 1095 ad
847 1063 952 1094 locum
970 1061 1043 1094 libri
1057 1061 1103 1092 sui
1119 1061 1160 1092 de
1176 1059 1282 1091 ltbero

69 1125 201 1158 arbitrio
226 1126 317 1158 tertii
340 1125 382 1157 ab
403 1123 592 1156 adversariis
617 1121 701 1153 male
722 1120 785 1151 huc
808 1118 943 1150 altatum
961 1115 1149 1158 respondet·
1176 1114 1285 1146 Altera

70 1188 180 1226 postea
198 1182 303 1224 operis
319 1182 414 1224 hujus
432 1186 524 1224 parte
542 1179 661 1212 refellit
688 1177 771 1220 quod
799 1175 845 1207 illi
872 1175 972 1212 aiunt,
1000 1170 1286 1205 Praedestinationis

69 1239 287 1272 definitionem
302 1238 433 1271 utilitati
448 1235 679 1270 exhortationis
700 1238 732 1266 et
746 1231 958 1274 correptionis
973 1230 1150 1261 adversam.
1166 1225 1287 1258 Asserit

71 1301 185 1330 contra
197 1295 509 1339 praedestinationem
526 1293 648 1325 utiliter
664 1290 847 1331 praedicari,
866 1293 900 1319 ut
914 1288 1008 1319 homo
1026 1296 1088 1317 non
1106 1285 1136 1315 in
1154 1294 1187 1314 se
1204 1283 1286 1324 ipso.

72 1354 129 1386 sed
154 1354 185 1385 in
203 1353 337 1385 Domino
361 1351 526 1393 glorietur.
552 1352 625 1388 Quae
643 1354 749 1380 autem
769 1346 811 1378 ab
830 1344 889 1376 illis
908 1344 1059 1376 adversus
1075 1339 1286 1383 praedestina-

74 1410 193 1442 tionem
222 1409 444 1450 objectantur,
465 1406 576 1439 eadem
593 1413 655 1436 non
679 1402 867 1436 absimiliter
884 1399 936 1431 vel
962 1399 1112 1430 adversus
1128 1395 1185 1428 Dei
1202 1405 1287 1437 prze-

71 1466 236 1499 scientiam
252 1489 260 1504 ,
279 1465 334 1498 vel
360 1464 515 1496 adversus
533 1462 668 1505 gratiam
685 1459 785 1496 illam,
805 1467 900 1501 quam
921 1455 961 1487 ad
980 1458 1097 1486 caetera
1112 1452 1196 1484 bona
1215 1449 1287 1491 (ex-

72 1527 171 1565 cepto
196 1522 286 1554 initio
311 1520 387 1553 fidei
404 1524 438 1552 et
463 1517 712 1562 perseverantiae
737 1511 966 1557 perfectione)
983 1508 1195 1542 necessariam
1221 1516 1288 1538 esse

73 1578 298 1615 consentiunt,
324 1587 419 1620 posse
449 1574 602 1616 torqueri.
625 1569 942 1603 Praedestinationem
973 1565 1091 1608 quippe
1109 1566 1289 1594 sanctorum

75 1634 150 1666 nihil
173 1633 258 1665 aliud
274 1643 342 1664 esse
358 1643 452 1674 quam
475 1628 704 1672 przescientiam
726 1630 759 1658 et
776 1622 1041 1667 praeparationem
1059 1618 1289 1650 beneficiorum

75 1690 156 1729 Dei,
175 1688 289 1732 quibus
310 1686 487 1719 certissime
511 1684 712 1718 liberantur,
736 1674 928 1722 quicumque
952 1675 1142 1706 liberantur.
1170 1675 1288 1703 Verum

76 1744 385 1788 praedestinationem
402 1750 541 1783 congrua
557 1739 682 1770 ratione
702 1733 867 1778 praedicari
881 1733 989 1773 jubet,
1003 1740 1041 1760 ac
1059 1738 1123 1758 nou
1140 1736 1177 1757 eo
1196 1723 1290 1755 modo

76 1805 112 1833 ut
128 1800 213 1843 apud
224 1798 408 1841 imperitam
427 1794 661 1828 multitudinem
679 1789 824 1832 redargui
840 1788 908 1830 ipsa
922 1795 977 1816 sua
994 1780 1219 1824 praedicatione
1235 1778 1290 1809 vi-

77 1857 202 1889 deatur.
230 1858 396 1887 Postremo
422 1850 666 1885 illustrissimum
694 1840 979 1889 praedestinationis
1001 1836 1182 1879 exemplum
1200 1833 1291 1866 nobis

77 1913 215 1956 positum
232 1912 275 1944 ob
293 1911 400 1944 oculos
418 1907 587 1941 Dominum
604 1907 711 1937 Jesum
725 1898 942 1935 commendat.
1264 1898 1344 1931 pag.
1364 1888 1430 1918 105

33 1983 194 2016 CONTRA
218 1980 434 2014 SECUNDAM
459 1976 616 2009 JULIANI
634 1969 943 2005 RESPONSIONEM
961 1965 1062 1998 OPUS
1079 1956 1293 1994 IMPERFEc-

79 2041 174 2071 TUM.
192 2055 233 2061 —
247 2039 424 2070 Primnum.

36 2124 77 2130 —
89 2107 188 2138 Lunae
212 2117 235 2137 1.
262 2105 358 2137 Libro
376 2101 491 2135 Juliani
505 2099 544 2132 ad
558 2098 682 2130 Florum
695 2095 798 2138 primo
817 2090 1037 2134 respondetur.
1049 2088 1116 2124 Quo
1132 2082 1235 2125 primo
1251 2079 1295 2110 li—

82 2163 142 2196 bro
160 2162 314 2201 Julianus,
331 2159 504 2201 Augustino
526 2155 661 2197 fideique
684 2150 852 2185 catholicae
875 2158 937 2190 qua
953 2147 1125 2188 peccatum
1143 2135 1295 2179 originale

83 2217 480 2260 confitemu1·,{calumuias
498 2212 626 2245 instruit
640 2221 678 2242 ex
697 2207 814 2250 triplici
832 2203 1008 2247 praesertim
1021 2198 1142 2241 capite,
1157 2197 1296 2227 conten-

82 2277 158 2309 dens
175 2276 325 2317 primum,
342 2273 368 2304 si
384 2271 511 2314 quidem
531 2269 636 2309 justus
661 2269 709 2296 est
726 2265 821 2301 Deus,
846 2270 910 2291 non
927 2268 1020 2300 posse
1043 2255 1084 2287 ab
1117 2263 1154 2285 eo
1171 2258 1294 2293 pecca-

81 2338 150 2366 tum
165 2332 303 2365 alienum
325 2328 463 2373 parvulis
488 2323 647 2367 imputari.
675 2320 795 2353 Deinde
817 2327 891 2350 cum
914 2317 1086 2357 peccatum
1108 2307 1184 2341 nihil
1210 2303 1295 2337 aliud

84 2390 125 2421 sit
150 2399 244 2432 quam
277 2385 359 2419 mala
389 2384 558 2419 voluntas,
591 2379 643 2411 cui
672 2379 754 2408 esset
787 2373 924 2405 liberum
947 2369 988 2401 ab
1018 2378 1055 2400 eo
1087 2363 1171 2406 quod
1200 2369 1299 2419 prare

83 2445 221 2489 appetiit
246 2442 428 2478 abstinere,
454 2448 518 2470 non
549 2444 623 2475 ergo
650 2434 681 2464 in
706 2427 914 2462 nascentibus
944 2435 1011 2456 esse
1039 2422 1234 2464 peccatum,
1267 2425 1298 2445 m

84 2502 199 2545 quibus
228 2498 400 2531 voluntatis
428 2506 498 2527 usus
530 2502 591 2524 nen
618 2488 715 2532 possit
743 2484 890 2517 inveniri.
920 2480 1085 2514 Tertium,
1115 2475 1298 2530 libertatem

85 2556 223 2595 arbitrii,
243 2565 313 2596 quae
337 2551 456 2583 homini
480 2556 628 2580 concessa
645 2548 715 2583 est,
743 2542 773 2572 iu
795 2535 984 2571 admittendi
1004 2532 1132 2576 peccati
1149 2534 1182 2561 et
1196 2527 1300 2589 absu-

88 2611 183 2645 nendi
206 2621 224 2643 a
247 2611 383 2652 peccalo
401 2603 608 2648 possibilitate
627 2598 824 2635 consistere3
846 2594 953 2635 itaque
971 2589 1107 2622 liberum
1134 2583 1301 2617 arbitrium

1370 2010 1426 2039 171
