1884 3285
1854 0 1864 41 ἴ

1854 0 1884 155 {l

1855 193 1859 260 j»

1855 263 1859 299 l

1879 124 1884 142 t

442 260 524 296 290
882 265 914 292 s.
953 266 1180 292 mensum
1218 266 1397 292 Ei’lsCOPl

437 340 613 385 cuntur,
638 339 686 374 ut
702 330 913 374 nonnulla
936 331 981 374 in
1003 330 1062 375 eis
1088 330 1221 375 nimia
1239 329 1516 375 deformitate
1532 331 1661 375 etiam
1682 347 1823 378 mons·
1878 355 1884 378 ι

436 411 502 445 tra
523 400 739 444 dicantur.
766 402 864 445 Non
889 400 1005 444 enim
1028 400 1136 444 alius
1155 400 1262 444 deus
1279 433 1290 455 ‚
1316 400 1428 444 sicut
1453 400 1720 445 Maniehaeus
1739 402 1823 448 fln-
1855 401 1884 476 ⁵

434 470 499 528 git
521 503 533 523 ‚
555 478 634 512 aut
661 468 723 513 dii
756 469 943 514 minores
968 504 979 524 ,
1019 470 1130 514 sicut
1163 470 1284 514 Plato
1307 477 1451 524 errat,
1469 479 1571 514 sunt
1588 486 1822 530 corporum
1856 479 1884 524 {q

433 538 679 584 conditores
716 559 725 584 :
769 539 844 584 sed
878 541 1029 601 utique
1058 544 1174 585 Deus
1201 541 1342 585 bonus
1374 549 1416 584 et
1447 540 1591 600 justus
1618 551 1823 601 operatur
1855 529 1880 601 ᾗ·

433 609 562 653 etiam
585 625 766 669 corpora
788 611 890 655 talia
914 630 924 656 2
947 627 1048 671 quae
1067 611 1104 654 si
1127 610 1286 655 reseras
1303 610 1358 654 ad
1377 624 1503 669 grave
1520 612 1674 670 jugum
1696 627 1824 671 super
1855 610 1884 674 ᾖ]

432 679 542 724 filios
554 679 915 736 Adam,invenies
933 697 1032 725 eum
1057 696 1136 725 nec
1159 680 1338 735 malum,
1357 679 1534 740 qualem
1555 682 1825 727 Manichaeus
1855 678 1884 743 {z

430 748 694 795 fabricandis
729 752 981 810 corporibus
1010 751 1220 796 adhibet¹
1256 769 1267 802 3
1304 766 1383 795 nec
1421 751 1587 795 victum
1611 751 1824 812 malisque
1856 742 1880 796 3'

431 820 703 879 implicatum
727 831 858 881 atque
880 823 1166 867 commixtum
1183 857 1194 878 ‚
1220 822 1338 882 quod
1362 822 1630 867 Manichaeus
1658 822 1713 866 de
1737 826 1825 869 Deo
1855 827 1860 893 ζ

431 890 552 935 bono
570 892 747 935 credere
762 908 852 937 non
876 893 999 937 timet
1023 913 1034 949 3
1064 893 1139 937 sed
1159 892 1288 952 plane
1305 893 1473 952 justum
1496 902 1672 952 propter
1695 893 1826 952 origi·

429 960 527 1004 nale
542 971 786 1020 peccatum,
812 963 987 1023 qualem
1009 963 1117 1007 fides
1139 962 1352 1007 catholica
1376 962 1515 1015 novit,
1536 978 1559 1006 a
1576 978 1665 1023 qua
1686 971 1826 1008 vester
1855 967 1863 1022 {1v

430 1047 550 1076 error
571 1034 843 1079 exorbitavit.
878 1037 1029 1095 Neque
1057 1035 1172 1077 enim
1189 1069 1199 1089 ,
1220 1034 1254 1077 si
1283 1048 1412 1077 nemo
1440 1043 1679 1093 peccasset,
1704 1032 1827 1078 foeda
1855 1035 1861 1083 ἱ

431 1111 563 1163 atque
586 1114 828 1149 monstrosa
856 1106 985 1148 etiam
1016 1105 1061 1147 in
1083 1103 1282 1163 paradiso
1319 1118 1500 1163 corpora
1523 1113 1820 1148 nascerentur.
1854 1091 1860 1156 ᾗ

489 1175 670 1218 CXVII.
715 1178 739 1219 J
747 1191 942 1219 nmmos.
967 1178 1104 1220 «Non
1140 1174 1337 1228 timuisti,
1373 1173 1666 1218 scelestissime
1689 1209 1701 1230 ,
1742 1175 1826 1219 hoc
1854 1167 1864 1242 ξ

428 1242 646 1302 applicare
670 1247 759 1289 Deo
777 1279 788 1299 ‚
813 1245 933 1305 quod
960 1260 1014 1289 ne
1037 1245 1076 1288 ei
1110 1244 1363 1289 admoveret
1385 1245 1653 1289 Manichaeus
1672 1279 1684 1300 ‚
1708 1260 1827 1289 com·

429 1322 603 1357 mentus
626 1323 690 1358 est
712 1314 847 1359 alium
865 1314 1137 1360 conditorem
1160 1334 1169 1359 :
1196 1315 1325 1360 ambo
1348 1315 1526 1375 quidem
1548 1316 1647 1360 estis
1669 1316 1826 1361 verita·
1854 1316 1861 1364 ἰ

432 1382 482 1425 tis
499 1383 679 1439 inimici,
705 1384 781 1429 sed
804 1385 1042 1445 putabatur
1058 1395 1158 1430 ante
1176 1395 1219 1429 te
1239 1401 1330 1430 non
1354 1400 1475 1445 posse
1503 1384 1576 1429 ille
1603 1386 1826 1445 impietate
1853 1368 1858 1416 l

429 1466 642 1512 superari.
668 1472 686 1495 »

490 1526 783 1570 Aueuszrnws.
826 1530 939 1570 Ante
972 1541 1041 1569 me
1071 1535 1162 1570 erat
1196 1526 1472 1581 Ambrosius,
1503 1527 1580 1586 qui
1618 1542 1707 1571 non
1735 1534 1827 1571 erat

429 1594 697 1639 Manichaeus
728 1617 739 1653 3
771 1604 871 1639 ante
893 1597 1034 1656 ipsum
1069 1595 1257 1640 Hilarius
1280 1631 1292 1651 ‚
1318 1596 1551 1655 Gregorius
1577 1617 1588 1653 ς
1614 1606 1714 1656 ante
1747 1598 1827 1641 hos
1853 1596 1857 1622 ‘

430 1665 689 1723 Cyprianus,
712 1675 754 1710 et
772 1667 932 1717 caeteri,
953 1682 1062 1727 quos
1080 1681 1421 1711 commemorare
1442 1666 1624 1726 longum
1647 1676 1727 1722 est,
1750 1667 1827 1728 qui

430 1750 520 1779 non
551 1746 674 1781 erant
715 1737 962 1782 Manichaei.
1000 1741 1056 1782 Et
1092 1747 1236 1782 tamen
1279 1737 1517 1782 Ecclesiam
1557 1738 1823 1794 docuerunt,

431 1805 554 1864 quod
583 1806 628 1850 in
660 1807 852 1852 Ecclesia
881 1807 1152 1863 didicerunt,
1188 1808 1360 1852 trahere
1385 1807 1587 1867 parvulos
1619 1808 1829 1867 originale
1858 1827 1859 1830 ¹

430 1885 657 1934 peccatum
679 1912 691 1932 ‚
711 1887 753 1921 et
787 1879 1077 1924 exsufflandos
1098 1879 1143 1923 in
1164 1879 1410 1923 exorcismis
1431 1913 1442 1933 ,
1469 1889 1518 1923 ut
1541 1888 1752 1924 eruantur
1773 1879 1828 1924 de
1852 1859 1858 1960 ι

432 1954 641 2003 potestate
664 1948 968 2004 tenebrarum,
993 1958 1036 1993 et
1054 1950 1099 1993 in
1123 1964 1306 2007 regnum
1335 1950 1401 1993 sui
1426 1949 1657 1995 Salvatoris
1673 1959 1716 1994 et
1739 1953 1827 1994 Do·
1851 1967 1859 2005 ρ

432 2015 539 2060 mini
568 2016 901 2064 transferantur.
927 2019 1142 2073 Quoniam
1163 2019 1361 2064 Christus
1377 2054 1388 2074 ,
1413 2019 1446 2063 si
1469 2019 1598 2063 etiam
1626 2035 1704 2079 pro
1726 2019 1827 2078 ipsis
1852 2007 1857 2031 ³

433 2095 632 2131 mortuus
654 2091 764 2143 est²‚
780 2089 901 2148 quod
923 2098 966 2133 et
990 2098 1040 2134 tu
1055 2098 1230 2134 coactus
1245 2105 1286 2134 es
1307 2090 1506 2134 confiteri
1528 2109 1536 2135 ε
1556 2105 1659 2149 ergo
1677 2105 1827 2135 omnes
1850 2034 1858 2144 i

432 2158 596 2202 mortui
625 2169 727 2203 sunt
757 2179 765 2204 ε
807 2170 851 2205 et
879 2176 958 2220 pro
983 2162 1188 2205 omnihus
1218 2170 1417 2206 mortuus
1454 2170 1518 2205 est
1546 2164 1562 2187 ³
1589 2181 1600 2219 3
1624 2161 1744 2222 quod
1767 2146 1856 2219 aitl

434 2228 668 2288 Apostolus
694 2231 805 2290 :qui
838 2231 1035 2290 profecto
1067 2232 1101 2275 si
1134 2231 1375 2276 secundum
1417 2232 1550 2277 verba
1587 2241 1664 2278 tua
1696 2218 1857 2304 etiam?

433 2298 525 2359 ipse
545 2300 816 2346 Manichaeus
836 2302 939 2356 erit,
958 2304 1051 2363 jam
1073 2311 1122 2347 tu
1143 2302 1251 2362 quid
1265 2303 1347 2346 eris
1368 2304 1386 2344 ‘3

494 2373 696 2416 CXVIII.
723 2375 748 2416 J
755 2390 950 2417 omnus.
991 2392 1010 2415 «
1038 2376 1104 2417 Tu
1128 2379 1228 2417 vero
1245 2374 1513 2433 justificasti,
1535 2384 1584 2419 ut
1607 2375 1825 2434 Propheta
1873 2345 1883 2429 i

436 2441 517 2497 ait,
547 2458 740 2488 sororem
757 2453 880 2488 tuam
902 2443 1132 2488 Sodomam
1158 2445 1174 2469 ‘²
1207 2462 1216 2489 ι
1242 2443 1409 2490 absolvi
1433 2445 1658 2505 putabitur
1678 2446 1826 2492 Mani·
1848 2469 1854 2502 ς
1875 2451 1883 2491 ι’

484 2551 493 2567 ¹
515 2545 613 2579 Eccli.
634 2556 686 2584 xm,
711 2558 739 2579 1.
755 2564 796 2571 —-
812 2553 827 2569 ²
847 2547 967 2580 Coloss.
996 2559 1018 2589 1,
1044 2548 1093 2580 ¹3.
1109 2563 1148 2571 ——·
1163 2545 1177 2571 ³
1207 2555 1226 2580 2
1255 2548 1328 2580 Cor·
1359 2557 1390 2586 v,
1426 2546 1463 2587 ¹4
1488 2552 1523 2581 et
1552 2549 1602 2582 15.
1621 2548 1689 2579 —4
1707 2547 1823 2583 Ezech.

438 2612 504 2641 xvn,
525 2600 579 2634 5ι.

1876 2560 1881 2581 ³

1845 2897 1850 2972 ἓ

1845 2979 1849 3008 1

1844 3019 1849 3062 ἶ
