1821 3264
246 252 387 279 orl-:ars
420 251 595 279 mrem.
631 251 794 279 CONTRA
827 253 994 280 summ.
1031 256 1112 280 Lis.
1152 257 1199 281 11.
1337 243 1415 283 431

0 315 3 349 s
41 324 141 364 tuus
168 324 264 360 est:
289 324 333 359 et
355 324 500 359 tamen
528 331 614 375 qua
644 315 788 360 fronte
820 317 963 361 nescio
989 353 999 375 ,
1030 318 1242 362 transiisse
1274 319 1320 362 in
1349 335 1421 365 eos

39 385 303 444 originaliter
337 386 604 445 impietatem
638 387 764 445 primi
800 388 987 432 hominis
1014 403 1159 447 negas.
1190 391 1421 442 Quomodo

0 452 2 463 ¹
38 471 140 516 ergo
157 456 376 515 pertinent
393 455 449 500 ad
467 471 583 513 eum,
609 457 685 516 qui
699 473 776 516 pro
796 458 937 517 impiis
957 468 1152 504 mortuus
1169 469 1232 504 est
1256 462 1275 504 P

94 528 267 573 CLXX.
302 529 529 572 JIJLIANUS.
559 527 678 571 «Vix
707 529 820 572 enim
846 544 923 588 pro
940 530 1057 589 justo
1079 531 1173 590 quis
1204 532 1416 576 moritur:

38 612 177 641 »nam
199 612 278 657 pro
312 597 430 642 bono
454 597 634 642 forsitan
665 598 761 658 quis
795 598 952 643 audeat
974 600 1098 644 mori.
1131 602 1421 645 Commendat

37 685 59 710 »
81 676 226 712 autem
244 671 358 712 Deus
381 668 634 712 charitatem
649 684 770 714 suam
787 670 831 714 in
849 670 976 714 nobis
1000 689 1008 714 :
1034 671 1241 730 quoniam
1264 671 1297 714 si
1319 686 1418 715 cum

37 757 56 781 n
73 740 216 783 adhuc
233 749 482 799 peccatores
505 754 691 784 essemus
715 744 746 794 1,
769 741 966 786 Christus
989 757 1067 800 pro
1085 741 1210 785 nobis
1223 750 1420 786 mortuus

37 820 138 855 »est
160 831 172 867 3
205 810 346 856 multo
376 811 509 869 magis
542 811 767 871 justificati
798 828 916 856 nunc
940 813 985 855 in
1011 813 1220 871 sanguine
1254 812 1385 871 ipsius
1404 847 1441 868 ‚a

34 879 178 924 »salvi
200 881 360 925 erimus
383 896 459 940 per
476 896 576 925 eum
597 881 652 925 ab
676 881 753 925 ira.
789 883 831 927 Si
855 882 969 925 enim
997 898 1094 926 cum
1123 882 1283 926 inimici
1306 898 1420 927 esse-

31 965 144 1009 mus,
170 950 433 995 reconciliati
455 967 604 995 sumus
623 954 712 996 Deo
728 967 804 1011 per
822 961 1006 996 mortem
1025 951 1123 996 Filii
1139 953 1228 1011 ejus
1246 973 1257 1010 3
1281 952 1421 997 multo

35 1040 53 1063 »
74 1022 211 1081 magis
234 1022 501 1067 reconciliati
539 1022 645 1067 salvi
670 1024 828 1067 erimus
849 1024 893 1067 in
910 1024 995 1067 vita
1028 1024 1133 1083 ejus.
1162 1025 1258 1067 Non
1280 1022 1421 1067 solum

32 1107 54 1133 »
73 1101 220 1136 autem
239 1093 323 1137 hoc
343 1127 353 1147 ‚
380 1092 456 1136 sed
478 1101 520 1136 et
538 1092 770 1152 gloriantes
786 1094 830 1137 in
856 1097 945 1138 Deo
962 1109 1038 1152 per
1062 1093 1293 1138 Dominum
1318 1109 1419 1138 nos-

33 1179 54 1204 »
73 1171 189 1206 trum
209 1165 356 1207 Jesum
373 1163 612 1218 Christum,
637 1179 714 1222 per
736 1179 865 1223 quem
887 1179 1005 1208 nunc
1029 1163 1420 1208 reconciliationem

32 1251 53 1276 »
73 1234 333 1293 accepimus.
386 1235 569 1293 Aperuit
615 1244 779 1294 quanta
820 1244 963 1280 totum
1009 1236 1206 1280 Christus
1261 1236 1420 1294 pietate

32 1304 264 1363 »gessisset
284 1339 295 1360 ,
316 1304 392 1365 qui
418 1305 530 1350 mori
557 1304 762 1364 dignatus
792 1315 855 1350 est
876 1321 955 1365 pro
982 1305 1092 1350 nihil
1120 1305 1225 1349 boni
1246 1321 1420 1350 meren-

10 1397 15 1401 ·
32 1391 54 1416 »
73 1375 204 1419 tibus.
222 1393 242 1417 »

86 1448 379 1491 Amesmus.
416 1447 520 1490 Haec
554 1445 687 1489 verba
720 1454 795 1490 tua
826 1446 884 1488 sic
919 1453 1157 1503 temperata
1192 1453 1292 1489 sunt
1313 1480 1324 1500 ‚
1370 1453 1421 1488 ut

29 1515 155 1560 etiam
175 1516 379 1576 parvulos
408 1525 585 1573 tangere
607 1515 840 1559 videantur
863 1515 1096 1574 3quoniam
1119 1524 1162 1558 et
1181 1515 1294 1573 ipsos
1312 1513 1423 1558 nihil

27 1586 134 1631 boni
151 1588 353 1631 meruisse
369 1586 624 1641 conceditis7
645 1601 754 1646 quos
777 1585 888 1629 nihil
911 1585 1016 1629 boni
1039 1584 1172 1643 egisse
1193 1583 1386 1628 fatemini
1410 1603 1419 1628 2

31 1658 116 1703 Sed
145 1659 379 1717 Apostolus
407 1673 498 1703 non
531 1658 591 1702 ita
618 1656 791 1701 locutus
813 1665 877 1700 est
902 1691 912 1710 ‚
938 1658 1013 1716 qui
1036 1657 1142 1700 dixit
1162 1690 1173 1710 ‚
1199 1656 1422 1700 Christum

28 1743 108 1787 pro
124 1728 264 1787 impiis
292 1737 336 1772 et
358 1727 662 1787 peccatoribus
685 1735 909 1771 mortuum
932 1724 1077 1770 fuisse.
1111 1728 1288 1769 Frustra
1318 1740 1421 1784 ergo

29 1807 79 1842 tu
104 1813 304 1856 magnam
333 1798 495 1843 Christi
521 1796 855 1842 misericordiam
880 1796 1196 1840 extenuandam
1220 1796 1380 1854 putasti
1409 1814 1417 1838 :

30 1867 104 1913 ille
124 1869 240 1913 enim
263 1885 342 1929 pro
367 1869 478 1913 male
500 1869 769 1913 merentibus
791 1876 988 1911 mortuus
1013 1875 1077 1910 est
1104 1885 1111 1911 :
1141 1881 1162 1910 a
1187 1882 1275 1925 quo
1299 1874 1421 1909 tanto

27 1939 242 1985 beneficio
254 1940 484 1985 Salvatoris
506 1939 709 1999 parvulos
724 1939 945 1998 separatis,
963 1938 1169 1997 quoniam
1189 1936 1328 1980 salvos
1350 1951 1422 1980 eos

31 2011 171 2056 dicitis
197 2031 205 2055 :
231 2011 304 2056 ille
321 2020 466 2055 autem
489 2011 620 2055 dicit:
651 2030 669 2052 «
686 2014 784 2055 Non
807 2019 990 2068 estopus
1004 2008 1115 2051 sanis
1130 2008 1322 2052 medicus
1341 2010 1358 2032 ‘³
1380 2026 1417 2050 ι»

29 2097 121 2127 non
138 2091 202 2127 est
223 2098 326 2141 ergo
341 2098 450 2142 opus
470 2081 658 2141 parvulis
680 2082 893 2134 Christus,
919 2079 1080 2139 quihus
1101 2079 1252 2136 utique
1274 2092 1420 2121 secun-

30 2152 136 2196 dum
159 2168 234 2198 vos
257 2169 346 2198 non
369 2162 433 2196 est
448 2155 572 2196 Jesus
595 2171 603 2195 :
623 2151 781 2210 quibus
797 2159 941 2194 autem
962 2164 1070 2207 opus
1092 2156 1171 2202 est,
1187 2148 1253 2190 his
1267 2149 1422 2206 procul

31 2223 168 2269 dubio
185 2233 247 2268 est
265 2227 404 2268 Jesus.
434 2223 517 2268 Sed
539 2223 747 2267 discedite
770 2221 945 2279 maligni
969 2240 977 2264 :
998 2235 1106 2278 opus
1129 2228 1191 2262 est
1212 2217 1416 2277 parvulis.

31 2295 89 2338 Et
102 2294 216 2353 ipsos
238 2310 341 2353 ergo
355 2310 377 2338 a
391 2294 577 2353 peccatis
595 2307 746 2336 eorum
768 2291 905 2335 salvos
920 2287 1039 2343 facit,
1065 2290 1272 2348 quoniam
1294 2302 1422 2346 prop-

33 2374 149 2410 terea
171 2365 257 2410 tale
280 2380 438 2410 nomen
471 2365 637 2423 accepit
664 2383 673 2408 ;
698 2363 776 2407 ubi
796 2361 988 2420 Angelus
1021 2360 1128 2405 dixit
1155 2379 1163 2403 ε
1191 2378 1210 2400 «
1237 2357 1422 2402 Vocabis

36 2455 56 2478 »
82 2452 245 2481 nomen
277 2437 367 2496 ejus
391 2439 539 2481 Jesum
566 2470 577 2491 ‚
602 2436 692 2494 ipse
717 2435 832 2479 enim
857 2433 1023 2478 salvum
1052 2430 1182 2475 faciet
1204 2428 1420 2489 populum

38 2526 57 2549 »
83 2522 211 2552 suum
228 2523 252 2552 a
272 2506 454 2566 peccatis
472 2520 625 2552 eorum
643 2507 675 2548 3.
700 2522 720 2545 »

85 2599 94 2615 ¹
115 2595 205 2626 Rom.
235 2603 267 2634 v,
287 2601 304 2635 7
323 2595 358 2624 et
373 2601 462 2635 seqq.
478 2607 520 2615 --
537 2596 550 2613 ²
569 2589 684 2622 Matth.
705 2599 749 2630 ix,
772 2596 823 2620 12.
840 2604 880 2611 —
897 2583 911 2609 3
930 2586 978 2618 Id.
1002 2597 1027 2626 1,
1047 2593 1100 2617 21=
