1884 3285
417 268 498 306 398
858 272 890 299 S.
928 273 1159 300 AUGUSTfflI
1194 273 1375 299 Ei‘iscorr

474 341 655 385 CXXII.
683 341 909 382 lenimus.
940 356 960 379 (ι
985 337 1112 390 Quod
1131 352 1230 381 cum
1256 344 1477 395 receptum
1502 345 1564 380 est
1585 353 1606 380 a
1626 345 1694 392 te,
1722 353 1802 397 ap·

414 411 559 470 paruit
575 408 738 452 nullam
762 408 892 452 fuisse
909 407 1205 451 necessitatem
1226 416 1394 451 naturae
1415 407 1620 450 humanae
1638 407 1806 453 calum-

414 483 532 526 niam
545 479 810 535 concitandi,
823 479 881 524 ob
900 480 981 524 hoc
994 478 1151 534 solum,
1173 495 1226 523 ne
1242 478 1508 538 baptismatis
1523 479 1657 538 magis
1672 479 1807 538 gratia

414 552 553 598 varios
565 551 727 595 habere
745 566 824 610 pro
841 550 1044 594 aetatibus
1057 550 1274 595 diceretur
1296 550 1492 594 effectus.
1513 552 1610 603 Quo
1628 566 1807 610 persua-

415 623 544 669 sionis
562 622 706 667 colore
720 621 910 676 sublato,
932 622 964 665 si
981 621 1089 681 quid
1103 636 1336 666 nervorum
1352 620 1503 674 habes,
1517 621 1549 663 si
1567 620 1673 680 quid
1687 622 1809 680 inge-

415 695 492 749 nii,
514 693 673 754 siquid
696 693 883 746 virtutis,
909 693 1104 736 annitere
1133 693 1318 752 probare
1341 691 1540 736 naturale
1557 701 1807 752 peccatum,

415 764 536 825 quod
550 763 669 808 vides
690 764 873 817 ratione,
893 763 1169 816 auctoritate,
1184 764 1391 823 aequitate
1414 762 1701 806 destructum.
1714 765 1811 815 Quo

416 836 531 879 enim
567 851 609 879 es
637 836 845 893 deceptus
865 834 1051 889 intuitu,
1089 844 1138 878 ut
1168 834 1521 879 commixtionem
1551 849 1808 893 corporum,
1867 838 1884 892 i:

416 921 547 966 quam
559 909 671 949 Deus
691 904 893 959 instituit,
920 913 963 948 et
975 904 1312 949 conciliatricem
1335 904 1469 963 ipsius
1491 904 1812 949 commixtionis
1869 907 1884 954 {-

416 977 686 1037 voluptatem
710 991 1019 1036 sexuum,quae
1042 985 1128 1019 tam
1145 976 1189 1019 in
1208 977 1458 1020 hominibus
1477 991 1608 1035 quam
1625 977 1669 1019 in
1683 991 1813 1035 peco-

418 1048 535 1091 ribus
553 1048 701 1106 vigens
721 1082 731 1101 ‚
758 1055 980 1091 auctorem
1004 1061 1131 1090 suum
1160 1061 1259 1089 eum
1283 1061 1414 1105 quem
1440 1061 1672 1105 corporum
1695 1045 1814 1090 indi-

417 1129 486 1164 cat
504 1118 791 1172 conditorem,
810 1115 973 1161 diaboli
989 1132 1097 1176 opus
1113 1126 1156 1160 et
1181 1115 1381 1160 fruticem
1405 1118 1609 1161 vocares?

477 1193 767 1233 ΑιέιτεΤιΝυε.
804 1187 1024 1231 Erubesce
1062 1206 1070 1231 2
1102 1196 1150 1230 tu
1186 1203 1229 1230 es
1262 1185 1335 1230 ille
1366 1186 1568 1231 laudator
1595 1186 1811 1231 libidinis.

420 1259 666 1314 Erubesce,
699 1259 879 1317 inquam
906 1277 914 1302 ;
951 1257 1091 1302 libido
1129 1259 1223 1314 ista,
1251 1275 1351 1318 quae
1380 1258 1459 1302 tibi
1491 1258 1681 1302 multum
1717 1258 1815 1317 pla-

419 1340 502 1385 cet,
538 1339 687 1374 contra
711 1345 842 1389 quam
875 1344 1048 1373 necesse
1067 1339 1129 1373 est
1154 1339 1202 1372 ut
1225 1339 1418 1388 pugnet,
1440 1330 1516 1389 qui
1544 1345 1633 1374 non
1653 1328 1750 1374 vult
1777 1329 1816 1373 ei

419 1402 669 1447 sollicitanti
695 1400 1011 1446 consentiendo
1041 1411 1289 1461 perpetrare
1319 1411 1570 1460 peccatum,
1602 1417 1691 1446 non
1725 1409 1817 1445 erat

420 1475 463 1516 in
492 1473 688 1532 paradiso
722 1481 820 1516 ante
844 1481 1087 1531 peccatum.
1123 1476 1211 1516 Aut
1241 1488 1345 1531 ergo
1376 1471 1498 1517 nulla
1520 1473 1582 1516 ibi
1606 1481 1714 1527 erat,
1739 1481 1816 1517 aut

420 1543 691 1588 voluntatem
724 1543 881 1586 mentis
905 1558 984 1586 nec
1007 1542 1300 1602 praecedebat,
1327 1558 1409 1587 nex
1431 1543 1682 1587 excedebat.
1719 1545 1817 1589 Non

421 1624 484 1659 est
507 1615 601 1659 talis
630 1613 763 1659 modo
787 1632 794 1658 :
830 1614 973 1658 hocin
1003 1630 1046 1658 se
1075 1615 1168 1673 ipso
1204 1615 1336 1658 sentit
1369 1615 1508 1659 omnis
1530 1615 1689 1673 homo3
1710 1623 1752 1658 et
1771 1623 1818 1659 tu

422 1687 554 1730 homo
579 1700 636 1729 es.
674 1685 842 1729 Cohibe
873 1685 1089 1730 renitendi
1124 1684 1321 1730 studium
1339 1722 1350 1741 ‚
1385 1696 1427 1730 et
1453 1701 1636 1745 agnosce
1662 1686 1817 1730 vitium

423 1756 742 1813 undetrahitur
758 1755 965 1814 originale
982 1766 1227 1815 peccatum.
1257 1759 1351 1802 Hoc
1373 1757 1419 1800 in
1436 1757 1692 1801 hominibus
1713 1772 1817 1816 pro-

422 1827 586 1885 pagatis
603 1826 863 1870 invenerunt
884 1827 1067 1884 nuptiae,
1090 1842 1179 1871 non
1198 1825 1400 1872 fecerunt
1426 1847 1434 1872 ε
1455 1827 1539 1872 hoc
1565 1827 1819 1872 necessitate

424 1906 625 1952 utuntur,
664 1896 859 1941 castitate
898 1897 1009 1940 bene
1050 1906 1265 1952 utuntur,
1304 1896 1466 1942 idcirco
1501 1897 1622 1942 nulla
1653 1899 1818 1942 ratione

424 1967 673 2028 culpantur.
702 1970 794 2011 Hoc
826 1967 870 2010 in
899 1968 1130 2026 pecoribus
1160 1967 1258 2013 ideo
1284 1984 1372 2013 non
1405 1978 1469 2013 est
1499 1971 1687 2024 malum,
1718 1969 1820 2029 quia

426 2039 574 2082 nonin
592 2039 649 2082 eis
672 2053 771 2081 caro
790 2037 1060 2096 concupiscit
1082 2038 1289 2082 adversus
1320 2038 1519 2098 spiritum
1541 2058 1550 2083 ι
1577 2038 1697 2099 quod
1723 2054 1819 2084 ma-

424 2109 515 2153 lum
533 2109 578 2153 in
596 2108 845 2153 hominibus
864 2108 1106 2152 sanandum
1128 2119 1192 2154 est
1216 2110 1410 2154 bonitate
1431 2109 1599 2164 divina,
1625 2126 1715 2155 non
1738 2111 1817 2154 hm

426 2195 553 2223 mana
575 2180 765 2223 vanitate
787 2178 1076 2224 laudandum.

484 2251 688 2295 CXXIII.
716 2252 943 2294 JL‘LIANL‘S.
976 2269 996 2291 «
1027 2253 1135 2303 Quae
1155 2260 1299 2295 autem
1325 2251 1433 2296 ratio
1463 2250 1571 2306 fuit,
1606 2259 1653 2295 ut
1681 2251 1821 2311 primo

426 2320 719 2365 innocentiam
743 2320 923 2363 crimine
944 2321 1153 2364 sauciares
1169 2319 1336 2376 alieno,
1361 2321 1520 2366 dehinc
1542 2337 1631 2366 rem
1650 2321 1819 2367 studio-

427 2406 524 2434 rum
544 2390 722 2434 miscere
745 2389 981 2433 seminibus
1005 2390 1236 2434 conareris.
1262 2409 1281 2431 »

487 2465 778 2506 Auensmus.
805 2460 968 2505 Eadem
989 2476 1064 2520 per
1083 2459 1232 2504 eadem
1257 2460 1361 2505 dicis
1382 2480 1390 2506 ι
1414 2460 1489 2505 sed
1513 2463 1665 2522 procul
1683 2462 1820 2509 dubio

428 2541 530 2576 sunt
552 2548 661 2576 vana
677 2548 776 2591 quae
793 2530 913 2576 dicis.
940 2533 1104 2577 Natura
1122 2531 1234 2576 bona
1254 2541 1355 2576 sunt
1370 2533 1533 2577 semina
1546 2568 1556 2588 ‚
1574 2533 1649 2578 sed
1666 2533 1820 2578 vitian-

430 2611 501 2647 tur
523 2611 565 2648 ct
588 2602 767 2658 semina,
794 2601 940 2661 eisque
959 2602 1115 2646 vitiatis
1132 2611 1426 2667 propagantur
1449 2611 1492 2647 et
1518 2602 1633 2648 vitia.
1658 2602 1816 2649 Saltem
