1884 3285
1860 0 1884 211 l

1864 161 1872 206 l

1866 220 1884 234 ·.

1866 234 1884 266 l:

448 301 527 339 104
591 313 620 338 s.
657 311 885 338 mers-nm
909 310 962 336 DE
984 309 1384 338 ruffinsssTmATmNE
1405 311 1668 338 sfoc'roRuM.
1867 282 1884 347 l,

442 377 685 421 voluntates
707 374 876 433 operari
894 376 1030 418 Deum
1043 409 1053 429 ,
1076 383 1118 418 et
1135 373 1187 418 ad
1205 375 1514 433 capessendum
1533 389 1716 434 regnum
1733 390 1820 420 coe·
1868 333 1884 490 ἱ

440 449 581 491 lorum
605 446 799 491 homines
822 446 989 505 operari
1011 444 1254 490 voluntates
1276 461 1386 490 suas.
1870 497 1874 509 ,

497 519 660 560 XLIII.
693 515 831 561 Multa
865 516 1074 571 diximus,
1100 526 1143 560 et
1164 515 1341 561 fortasse
1370 517 1460 576 jam
1481 515 1651 560 dudum
1675 519 1821 576 potui·
1872 518 1876 573 ξ

440 602 534 630 mus
556 587 815 646 persuadere
837 602 936 646 quae
957 585 1157 631 volumus
1178 622 1188 641 ,
1215 596 1257 631 et
1279 586 1420 630 adhuc
1444 594 1533 630 tam
1556 585 1682 631 bonis
1703 587 1821 646 inge·
1872 576 1884 652 ξ

440 657 521 702 niis
545 658 604 701 sic
633 657 855 717 loquimur
876 658 998 717 quasi
1027 657 1215 711 obtusis,
1247 657 1404 718 quibus
1430 665 1473 700 et
1494 656 1615 716 quod
1636 657 1822 701 nimium
1874 653 1881 723 ξ

439 738 502 773 est
523 744 613 773 non
635 738 698 773 est
720 729 835 772 satis.
862 727 944 773 Sed
958 728 1064 772 dent
1085 728 1279 785 veniam;
1299 744 1410 773 nova
1427 727 1542 771 enim
1563 728 1746 787 quaestio
1766 729 1822 772 ad
1874 726 1880 744 ‘

436 801 520 844 hoc
543 815 620 843 nos
647 799 873 858 compulit.
900 799 1011 852 Quia
1039 814 1141 843 curn
1168 800 1213 843 in
1236 799 1453 859 prioribus
1476 798 1696 858 opusculis
1718 813 1821 844 nos·

436 869 532 913 stris
559 869 656 912 satis
678 868 844 913 idoneis
870 869 1125 914 testimoniis
1153 870 1408 927 egissemus,
1433 869 1598 913 donum
1633 868 1711 912 Dei
1733 883 1822 913 esse
1877 869 1882 925 ξ

436 941 565 984 etiam
589 938 721 984 fidem
743 959 752 985 :
777 939 1004 984 inventum
1026 950 1089 985 est
1106 940 1226 1000 quod
1248 940 1640 995 contradiceretur,
1663 938 1717 984 ad
1737 941 1822 984 hoc

435 1009 577 1054 valere
614 1009 687 1055 illa
718 1011 985 1065 testimonia,
1016 1020 1066 1054 ut
1095 1011 1328 1056 ostendant
1352 1012 1425 1055 Dei
1450 1011 1616 1056 donum
1639 1025 1728 1055 esse
1755 1011 1823 1054 in-

435 1090 705 1125 crementum
731 1081 856 1138 fidei,
879 1081 1052 1126 initium
1073 1097 1175 1127 vero
1198 1081 1299 1126 fidei
1321 1097 1409 1142 quo
1428 1082 1474 1126 in
1496 1082 1718 1127 Christum
1735 1082 1825 1140 pri·

436 1153 567 1197 mitus
588 1153 781 1196 creditur
796 1187 806 1207 ,
825 1152 878 1196 ab
894 1152 1071 1197 homine
1089 1153 1182 1212 ipso
1203 1168 1313 1208 esse,
1334 1168 1414 1197 nec
1437 1167 1525 1196 esse
1542 1150 1708 1196 donum
1726 1152 1820 1207 Dei,

434 1222 509 1266 scd
533 1224 614 1267 hoc
633 1223 799 1280 exigere
817 1225 978 1277 Deum,
1000 1232 1048 1266 ut
1067 1237 1166 1266 cum
1189 1223 1235 1266 id
1254 1223 1539 1281 praecesserit,
1561 1232 1715 1268 caetera
1733 1231 1823 1267 tan·
1882 1228 1884 1264 ἓ

433 1309 564 1353 quam
589 1295 670 1337 hoc
692 1294 847 1337 merito
880 1303 1204 1353 consequantur
1225 1310 1324 1353 quae
1348 1295 1423 1338 Dei
1446 1295 1561 1339 dona
1589 1303 1719 1352 sunt3
1744 1309 1823 1338 nec

434 1364 574 1408 ullum
597 1380 747 1409 eorum
771 1365 863 1409 dari
887 1365 1036 1423 gram,
1062 1381 1162 1409 cum
1185 1365 1231 1409 in
1253 1366 1311 1410 eis
1335 1366 1411 1410 Dei
1436 1366 1592 1424 gratia,
1613 1381 1713 1426 quae
1735 1381 1824 1410 non

434 1435 513 1477 nisi
537 1436 722 1491 gratuita
752 1444 843 1488 est,
874 1434 1150 1494 praedicetur.
1180 1436 1311 1488 Quod
1339 1434 1493 1480 videtis
1516 1450 1648 1494 quam
1670 1436 1723 1480 sit
1745 1435 1821 1480 ab—

434 1503 640 1559 surdum,
670 1514 847 1563 propter
869 1504 991 1565 quod
1008 1505 1275 1549 instituimus
1291 1541 1301 1560 ,
1327 1516 1543 1565 quantum
1567 1506 1792 1565 potuimus
1810 1541 1821 1562 ,

434 1585 482 1618 ut
505 1575 632 1618 etiam
656 1576 798 1634 ipsum
831 1576 1004 1620 initium
1030 1576 1131 1620 fidei
1154 1578 1319 1621 donum
1352 1577 1427 1621 Dei
1458 1593 1546 1622 esse
1569 1576 1823 1622 ostendere-

435 1661 545 1689 mus,
567 1645 691 1698 Quod
712 1656 754 1690 et
771 1647 804 1690 si
823 1647 985 1690 diutius
1008 1647 1189 1691 fecimus
1207 1682 1218 1701 ,
1238 1663 1368 1707 quam
1396 1648 1575 1693 forsitan
1598 1647 1761 1694 vellent
1778 1649 1824 1692 hi

435 1725 612 1774 propter
634 1732 742 1775 quos
765 1715 973 1775 fecimus,
1008 1717 1109 1761 hinc
1133 1717 1187 1761 ab
1220 1718 1279 1762 eis
1301 1719 1560 1778 reprehendi
1582 1719 1721 1778 parati
1750 1734 1825 1763 su-

436 1802 531 1830 mus
558 1807 565 1832 :
597 1787 704 1831 dum
739 1797 883 1832 tamen
907 1789 984 1832 etsi
1007 1789 1148 1833 multo
1177 1789 1342 1833 diutius
1364 1806 1494 1849 quam
1525 1789 1714 1845 vellent,
1747 1790 1826 1834 etsi

435 1873 534 1901 cum
554 1857 726 1903 fastidio
744 1875 792 1903 ac
812 1859 941 1904 taedio
959 1860 1322 1919 intelligentium,
1344 1860 1564 1905 fateantur
1583 1876 1661 1905 nos
1677 1859 1825 1906 fecisse

437 1928 557 1988 quod
582 1928 782 1983 fecimus,
806 1930 959 1985 idest,
981 1932 1108 1974 etiarn
1127 1931 1299 1975 initium
1323 1931 1448 1986 fidei,
1470 1933 1581 1976 sicut
1597 1933 1825 1977 continen-

435 2002 537 2043 tiam
552 2034 562 2053 ,
585 2001 860 2058 patientiam,
876 2002 1089 2060 justitiam
1106 2037 1116 2056 ,
1140 2003 1366 2060 pietatem,
1388 2011 1430 2046 et
1447 2011 1600 2047 caetera
1614 2038 1624 2057 ,
1647 2003 1702 2047 de
1720 2006 1819 2063 qui-

440 2070 517 2113 bus
543 2085 643 2113 oum
677 2070 742 2113 his
776 2071 896 2115 nulla
932 2073 1154 2116 contentio
1189 2082 1273 2126 est,
1307 2072 1471 2117 donum
1510 2075 1584 2118 Dei
1619 2089 1708 2118 esse
1741 2073 1824 2118 do-

435 2141 587 2184 cuisse.
616 2141 696 2185 Hic
714 2156 814 2199 crgo
835 2142 887 2186 sit
905 2143 1033 2203 liujus
1049 2143 1282 2188 voluminis
1302 2145 1533 2201 terminus,
1554 2160 1609 2189 ne
1627 2143 1825 2189 offendat

439 2212 568 2255 unius
590 2211 722 2256 nimia
742 2211 987 2271 longitudo.

1024 2458 1263 2476 -Ἐοῦ-
