1821 3264
256 306 400 333 ommis
433 307 608 333 lMPEnF.
644 306 806 333 CONTRA
840 307 1009 335 ιυιιΑΝ.
1046 308 1127 334 Lm,
1164 308 1212 333 ιι.
1344 294 1421 334 341

47 374 183 427 ciens,
211 372 424 431 profiteris
449 381 489 416 te
512 371 565 416 ad
600 373 680 415 hoc
705 373 825 431 quod
846 374 1132 426 extruximus,
1159 372 1427 417 imbecillum

47 459 161 501 esse3
186 441 429 501 apostolum
454 441 638 486 Paulum
656 441 739 485 illis
762 443 964 488 omnibus
987 459 1084 502 quae
1107 443 1294 488 diximus
1310 479 1320 498 ,
1346 444 1428 488 ob-

45 515 186 570 viare,
210 527 342 572 quem
365 521 510 556 tamen
531 512 700 556 inducis
722 512 872 557 eadem
898 530 996 573 quae
1018 523 1066 558 tu
1090 514 1290 569 dederas,
1321 530 1429 559 con-

46 584 287 629 cedentem.
314 583 386 627 Ais
415 584 552 638 enim,
578 583 810 642 Apostolus
833 599 975 644 neque
997 584 1265 628 voluntatem
1290 586 1431 643 arguit

46 652 241 714 parvuli,
262 669 360 713 quae
382 653 555 712 propria
574 652 619 695 in
637 652 712 697 illo
735 653 930 698 nondum
951 664 1013 698 est
1032 654 1085 698 ad
1103 655 1396 712 peccandum¹
1417 675 1426 700 :

46 741 134 785 quo
153 724 277 778 dato,
294 725 382 784 jam
404 724 652 768 convictum
676 733 761 779 est,
788 741 868 769 nec
890 740 1013 784 posse
1030 726 1074 768 in
1094 724 1171 769 illo
1193 724 1430 785 quodpiam

45 811 133 840 esse
164 805 388 855 peccatum
408 830 418 849 ,
453 796 575 855 cujus
605 794 725 840 nulla
751 796 831 840 alia
855 798 1047 840 conditio
1070 806 1153 850 est,
1190 796 1429 841 secundum

46 866 344 911 definitionem
378 881 554 926 quoque
586 875 736 920 tuam,
772 882 903 926 quam
939 867 1140 912 voluntas
1173 869 1432 912 admittendi

45 936 164 997 quod
178 936 343 996 justitia
364 945 506 991 vetat,
533 945 574 980 et
598 935 715 980 unde
737 936 923 981 liberum
946 947 1008 980 est
1032 938 1262 982 abstinere.
1294 958 1310 979 »

102 1010 396 1051 Avensa—mus.
426 1009 529 1051 Haec
558 1005 754 1052 definitio
782 1008 947 1067 peccati
971 1016 1032 1052 est
1056 1010 1169 1068 ejus,
1195 1008 1316 1068 quod
1343 1024 1433 1053 non

44 1086 108 1121 est
127 1077 256 1121 etiam
285 1092 415 1136 poena
437 1078 618 1136 peccati.
639 1079 747 1122 Nam
766 1078 843 1121 ubi
861 1078 985 1122 malas
1003 1079 1330 1123 consuetudinis
1352 1094 1433 1123 vo-

45 1162 113 1191 ces
129 1162 218 1191 esse
236 1146 523 1191 contenditis²
535 1182 546 1202 ,
568 1156 698 1207 atque
712 1148 770 1192 ita
789 1163 914 1192 voces
931 1149 1059 1192 vestri
1075 1147 1290 1208 dogmatis
1305 1149 1436 1193 suffo-

45 1218 149 1263 catis
165 1253 175 1272 ,
202 1217 271 1262 dic
288 1253 298 1272 ,
318 1218 352 1262 si
375 1219 508 1262 audes
524 1253 534 1273 ,
559 1218 783 1278 quomodo
801 1219 1015 1263 voluntati
1036 1219 1222 1264 hominis
1245 1219 1434 1264 liberum

44 1289 97 1333 sit
119 1289 332 1334 abstinere
350 1305 372 1333 a
395 1289 512 1333 malo
527 1325 537 1343 ‚
564 1290 641 1333 ubi
665 1290 787 1334 audis
803 1326 812 1341 ,
844 1309 863 1332 «
884 1292 980 1335 Non
1006 1289 1126 1351 quod
1150 1291 1247 1335 volo
1266 1306 1347 1350 ago
1369 1310 1377 1335 :
1408 1309 1429 1332 »

40 1370 115 1404 aut
141 1375 250 1419 nega
272 1375 361 1404 esse
384 1359 548 1403 malum
567 1395 576 1414 ‚
603 1361 681 1404 ubi
704 1361 826 1404 audis
845 1396 854 1415 ,
886 1380 905 1402 «
930 1364 1026 1406 Non
1048 1362 1169 1421 quod
1194 1361 1295 1406 volo
1316 1360 1428 1406 facio

46 1450 66 1473 »
94 1432 285 1486 bonum,
312 1430 385 1475 sed
412 1431 532 1490 quod
555 1430 658 1475 nolo
681 1431 843 1475 malum
869 1432 952 1476 hoc
975 1434 1096 1490 ago3.
1127 1451 1146 1473 »
1176 1432 1259 1477 Sed
1282 1434 1436 1492 utique

44 1503 338 1561 agnoscimus,
363 1502 448 1546 hoc
478 1510 705 1560 peccatum
738 1517 914 1560 poenam
945 1517 1034 1545 esse
1056 1503 1246 1561 peccati,
1272 1513 1315 1547 et
1336 1504 1436 1548 ideo

44 1571 380 1616 discernendum
399 1571 454 1615 ab
469 1570 542 1614 illa
561 1570 815 1615 definitione
833 1572 1019 1631 peccati,
1042 1572 1116 1615 ubi
1134 1571 1336 1616 voluntas
1354 1573 1436 1618 hoc

43 1642 302 1695 committit,
345 1641 464 1685 unde
491 1640 679 1685 liberum
713 1651 774 1685 est
813 1641 1044 1685 abstinere.
1085 1642 1285 1701 Intellige
1316 1642 1438 1702 quod

44 1713 165 1770 dico,
197 1721 240 1755 et
261 1710 332 1755 dic
348 1712 438 1771 jam
467 1726 639 1770 quaeso,
666 1711 890 1771 quomodo
919 1712 973 1754 sit
996 1711 1299 1770 accipiendum
1319 1747 1329 1766 ,
1356 1716 1438 1756 Per

46 1797 180 1826 unum
206 1782 427 1826 hominem
448 1790 676 1840 peccatum
699 1782 875 1824 intravit
897 1781 941 1824 in
965 1780 1192 1824 mundum⁸

106 1854 312 1896 XXXIX.
350 1855 578 1896 humus.
619 1871 638 1893 «
664 1854 778 1910 Ergo
804 1852 836 1895 si
862 1852 1093 1911 Apostolus
1117 1867 1204 1896 non
1228 1852 1370 1910 arguit
1391 1853 1437 1897 in

46 1923 120 1968 illo
152 1924 369 1983 propriam
396 1923 692 1975 voluntatem,
732 1937 862 1982 quam
896 1922 1096 1980 intelligit
1119 1938 1199 1968 nec
1230 1938 1319 1967 esse
1353 1939 1436 1983 po—

47 1996 199 2052 tuisse,
225 1995 481 2054 pronuntiat
501 1995 655 2053 utique
669 2029 680 2048 ,
707 2008 787 2037 nec
809 1993 980 2052 signum
1010 1994 1054 2037 in
1076 2009 1128 2039 eo
1149 1995 1338 2039 criminis
1360 2010 1437 2054 ap-

46 2081 219 2126 parere,
248 2081 295 2109 ea
325 2065 510 2109 maxime
540 2066 763 2124 judicante
786 2066 981 2124 justitia,
1012 2081 1110 2125 quae
1137 2081 1226 2110 non
1248 2066 1438 2126 imputat

46 2147 273 2197 peccatum
290 2173 299 2191 ,
325 2138 406 2180 nisi
431 2153 453 2180 a
482 2153 570 2196 quo
599 2137 785 2180 liberum
810 2145 873 2180 est
895 2137 1125 2181 abstinere.
1157 2140 1318 2182 Verum
1347 2154 1436 2183 non

45 2210 129 2253 hoc
158 2207 298 2252 solum
332 2207 532 2251 tribuisse
560 2216 817 2260 contentuS‚
851 2206 997 2261 addis,
1034 2226 1052 2247 »
1082 2211 1232 2267 Neque
1262 2210 1436 2268 nuptias

47 2279 187 2338 arguit
209 2276 464 2337 Apostolus,
490 2278 532 2321 in
551 2286 763 2336 quantum
783 2278 949 2337 nuptiae
968 2287 1091 2331 sunt,
1115 2295 1214 2338 quae
1233 2279 1398 2323 habent
1412 2295 1434 2323 a

47 2353 137 2394 'Deo
171 2365 259 2393 non
294 2348 434 2392 solum
456 2348 774 2392 institutionem
793 2384 802 2402 ‚
830 2363 981 2393 verum
1005 2349 1132 2393 etiam
1163 2349 1436 2394 benedictio-

49 2436 148 2464 nem
160 2422 190 2463 4.
216 2439 236 2461 «
256 2418 386 2473 Quod
407 2434 483 2478 per
496 2434 541 2463 se
559 2418 699 2463 solum
717 2435 842 2479 aeque
859 2429 1000 2479 posset
1024 2419 1077 2463 ad
1095 2419 1436 2478 expugnandum

51 2501 275 2550 peccatum
307 2489 502 2534 naturale
531 2489 728 2534 sufficere
761 2510 769 2535 ε
804 2492 905 2550 quia
937 2492 968 2534 si
998 2491 1076 2534 scit
1100 2490 1359 2550 Apostolus,
1386 2500 1436 2537 ut

97 2611 108 2625 ¹
133 2603 211 2635 Vide
226 2603 282 2635 lib.
301 2614 325 2635 ιι
339 2603 380 2635 dc
393 2603 530 2645 Nuptiis,
550 2613 623 2645 cap.
643 2612 696 2645 27.
714 2610 778 2627 -ἱ
799 2604 904 2636 Forte
924 2602 1176 2637 conceditis.—3
1191 2606 1282 2637 Rom.
1302 2614 1360 2646 vii,
1383 2615 1433 2646 ¹9·

53 2657 116 2687 -4
136 2659 215 2692 Vide
230 2659 288 2691 lib.
306 2669 331 2692 ιι
347 2659 388 2692 de
404 2659 541 2701 Nuptiis,
555 2669 626 2701 cap.
647 2668 700 2701 27.
