1821 3264
420 301 472 327 DE
506 300 617 326 nono
650 299 1015 327 PERSEVERANTIAE.
1327 286 1408 323 117

35 366 287 415 venerabilis
315 375 493 422 martyr.
525 367 630 409 Nam
658 378 758 406 cum
789 363 991 407 eumdem
1021 363 1166 406 locum
1192 363 1410 406 Orationis

34 443 284 496 exponeret,
303 436 361 478 ait
383 444 480 494 post
496 442 665 477 caetera.
695 451 715 474 «
735 432 923 484 Quando
942 441 1087 475 autem
1110 446 1332 489 rogamus,
1356 446 1411 475 ne

33 508 76 552 in
98 505 381 550 tentationem
401 504 650 560 veniamus,
671 501 956 546 admonemur
977 501 1239 544 infirmitatis
1263 510 1305 543 et
1330 501 1413 543 im-

33 574 273 622 becillitatis
292 583 471 628 nostrae,
491 574 598 616 dum
616 573 674 616 sic
695 585 912 630 rogamus,
932 585 986 613 ne
1004 570 1098 629 quis
1116 584 1159 612 se
1176 569 1413 612 insolenter

33 645 230 700 extollat,
255 661 309 688 ne
331 645 426 704 quis
450 644 530 688 sibi
552 643 737 701 superbe
758 651 801 685 et
825 650 1075 700 arroganter
1098 639 1263 698 aliquid
1291 653 1412 682 assu-

32 726 147 771 mat,
172 730 226 758 ne
247 714 344 774 quis
367 724 441 757 aut
460 712 738 763 confessionis
767 720 842 755 aut
864 710 1067 770 passionis
1089 708 1265 765 gloriam
1291 722 1414 750 suam

33 788 162 832 ducat
189 804 197 830 :
224 800 323 829 cum
359 785 568 828 Dominus
590 784 680 842 ipse
703 781 991 826 humilitatem
1015 780 1198 833 docens,
1225 778 1379 821 dixerit
1403 796 1411 821 :

36 875 56 898 «
84 855 267 914 Vigilate
295 863 337 898 et
359 862 478 898 orate
498 888 509 909 ,
532 869 586 897 ne
608 852 789 897 veniatis
810 852 856 894 in
879 851 1189 894 tentationem¹
1208 869 1218 904 3
1243 849 1416 907 spiritus

35 946 54 969 »
74 926 249 987 quidem
269 934 493 984 promptus
506 934 585 979 est,
604 939 704 968 caro
719 932 863 967 autem
877 922 1047 965 infirma
1064 940 1072 964 :
1091 937 1109 960 »
1130 928 1179 963 ut
1190 918 1296 962 dum
1309 934 1416 977 prae-

31 999 143 1044 cedit
164 997 338 1041 humilis
359 1005 402 1040 et
429 996 638 1040 submissa
660 994 895 1047 confessio,
922 1001 964 1036 et
985 992 1114 1036 datur
1136 1000 1277 1034 totum
1302 992 1414 1043 Deo,

30 1068 246 1130 quidquid
263 1068 517 1128 suppliciter
531 1082 631 1112 cum
650 1067 805 1111 timore
822 1065 899 1109 Dei
915 1065 1093 1124 petitur,
1113 1062 1244 1121 ipsius
1258 1061 1418 1120 pietate

29 1147 278 1199 praestetur.
309 1157 328 1179 »

86 1212 210 1253 XIII.
250 1209 292 1254 Si
315 1224 419 1267 ergo
443 1208 524 1252 alia
547 1207 811 1252 documenta
835 1220 924 1250 non
953 1212 1116 1257 essent,
1148 1203 1240 1245 haee
1271 1201 1418 1245 Domi-

31 1280 125 1324 nica
156 1280 292 1323 oratio
319 1279 444 1322 nobis
468 1278 520 1322 ad
545 1293 717 1322 causam
752 1277 927 1335 gratiae,
954 1289 1084 1334 quam
1109 1271 1385 1316 defendimus
1405 1306 1415 1323 ,

32 1351 119 1395 sola
141 1350 360 1394 sufficeret
382 1368 390 1393 ι
417 1349 517 1408 quia
537 1348 647 1391 nihil
665 1347 788 1391 nobis
812 1347 1013 1405 reliquit,
1034 1345 1080 1387 in
1104 1359 1193 1401 quo
1210 1352 1419 1400 tanquam

30 1422 72 1464 in
104 1428 249 1464 nostro
278 1418 529 1477 gloriemur.
565 1418 606 1461 Si
630 1416 806 1475 quidem
842 1425 884 1458 et
905 1424 955 1457 ut
977 1429 1065 1456 non
1097 1412 1368 1456 discedamus
1399 1426 1421 1452 a

32 1494 119 1535 Deo
148 1505 238 1534 non
260 1489 451 1533 ostendit
473 1487 669 1531 dandum
700 1502 788 1530 esse
810 1486 891 1529 nisi
914 1501 935 1528 a
958 1487 1049 1528 Deo
1066 1518 1075 1536 ,
1107 1497 1206 1526 cum
1234 1495 1421 1540 poscen-

32 1561 134 1605 dum
164 1559 355 1605 ostendit
377 1576 399 1603 a
424 1562 526 1603 Deo.
554 1559 639 1611 Qui
668 1558 783 1600 enim
816 1572 905 1599 non
934 1554 1121 1597 infertur
1144 1554 1186 1596 in
1213 1551 1420 1595 tentatio-

31 1646 154 1685 nem,
181 1647 270 1674 non
298 1629 476 1673 discedit
498 1645 521 1672 a
546 1632 648 1673 Deo.
671 1631 766 1673 Non
797 1636 859 1670 cst
883 1627 966 1669 hoc
984 1625 1161 1668 omnino
1186 1623 1229 1665 in
1257 1622 1421 1665 viribus

31 1701 154 1745 liberi
176 1701 340 1744 arbitrii
361 1735 371 1754 ,
398 1699 547 1758 quales
570 1714 688 1742 nunc
711 1707 813 1741 sunt
842 1716 849 1740 :
876 1695 1018 1739 fuerat
1048 1694 1090 1736 in
1121 1693 1298 1736 homine
1321 1700 1422 1735 ante

32 1786 159 1830 quam
193 1770 381 1814 caderet.
420 1772 528 1821 Quae
565 1778 710 1812 tamen
744 1767 920 1809 libertas
952 1763 1187 1808 voluntatis
1225 1762 1269 1804 in
1303 1760 1419 1803 illius

30 1841 179 1899 primae
202 1838 461 1883 conditionis
480 1837 727 1896 praestantia
747 1845 961 1895 quantum
980 1832 1164 1876 valuerit
1183 1866 1195 1884 ,
1218 1830 1418 1888 apparuit

31 1910 74 1953 in
96 1909 295 1967 Angelis,
323 1909 398 1967 qui
422 1907 599 1951 diabolo
619 1923 718 1950 cuin
743 1907 827 1948 suis
850 1904 1030 1948 cadente
1054 1904 1098 1945 in
1126 1901 1301 1944 veritate
1331 1907 1416 1941 ste—

30 1988 200 2033 terunt,
226 1988 268 2023 et
285 1979 339 2022 ad
358 1979 632 2023 securitatem
656 1986 907 2035 perpetuam
928 1989 1016 2017 non
1039 1970 1246 2024 cadendi,
1268 1970 1313 2012 in
1331 1985 1418 2027 qua

30 2064 147 2093 nunc
180 2064 252 2092 eos
284 2063 373 2092 esse
410 2047 635 2092 certissimi
667 2061 843 2098 sumus,
883 2042 1107 2102 pervenire
1141 2047 1414 2082 meruerunt.

31 2122 131 2163 Post
167 2133 314 2162 casum
347 2127 494 2161 autem
533 2116 750 2169 hominis,
789 2113 957 2158 nonnisi
987 2112 1041 2155 ad
1080 2110 1258 2169 gratiam
1294 2123 1417 2151 suam

31 2192 144 2233 Deus
163 2188 302 2233 voluit
325 2188 539 2247 pertinere
557 2221 567 2241 ,
594 2195 644 2230 ut
673 2187 804 2229 homo
833 2183 1009 2228 accedat
1037 2182 1090 2225 ad
1121 2195 1249 2236 eum,
1275 2194 1418 2237 neque

31 2259 109 2302 nisi
137 2258 192 2302 ad
215 2258 393 2316 gratiam
418 2272 538 2300 suam
562 2256 701 2300 voluit
724 2255 940 2314 pertinere
964 2287 974 2307 ,
1007 2261 1056 2295 ut
1085 2252 1218 2294 homo
1244 2265 1330 2292 non
1354 2263 1417 2290 re-

32 2329 154 2374 cedat
179 2330 233 2373 ab
256 2344 321 2373 eo.

84 2401 204 2442 XIV.
245 2401 364 2442 Hanc
393 2398 574 2455 gratiam
610 2397 753 2455 posuit
795 2415 814 2436 «
840 2397 884 2438 in
913 2393 1015 2447 illo,
1052 2393 1097 2435 in
1129 2405 1217 2449 quo
1252 2397 1413 2432 sortem

35 2487 55 2511 »
84 2470 305 2514 consecuti
339 2483 486 2512 sumus
506 2503 516 2521 ,
550 2467 845 2526 praedestinati
872 2463 1112 2508 secundum
1142 2459 1414 2519 propositum

35 2555 56 2579 »
85 2540 174 2598 ejus
204 2540 280 2599 qui
306 2539 504 2582 universa
537 2540 781 2596 operatur2.
814 2554 832 2575 »
863 2539 921 2577 Ac
952 2549 1028 2593 per
1058 2532 1140 2575 hoc
1167 2531 1277 2574 sicut
1307 2543 1415 2586 ope·
1461 2559 1468 2564 .

87 2631 92 2643 ·
113 2623 224 2655 Matth.
245 2633 333 2664 xxvr,
353 2622 407 2663 ι’μ.
425 2639 465 2646 -·-
484 2629 494 2643 ²
520 2621 630 2662 Epic&
652 2632 673 2661 ι,
700 2632 746 2651 ιι.
