1821 3264
227 224 371 253 opums
406 225 586 252 ιΜΡΕκΡ.
623 225 785 253 confirm
819 226 987 255 summ.
1023 230 1105 257 Lus.
1143 232 1190 257 11.
1320 219 1403 259 463

23 286 126 346 dine
152 288 516 347 praevaricationis
536 291 627 350 ejus
646 324 657 345 ,
677 306 766 335 non
788 293 1035 352 exemplum
1058 297 1275 354 peccantis
1299 295 1406 341 ada·-

23 367 252 409 ‚maverunt
275 377 284 404 :
311 368 528 420 quantum
554 361 671 405 enim
692 361 747 405 ab
781 363 860 407 hac
881 364 1160 410 similitudine
1191 367 1407 426 peccantis

22 429 153 489 hujus
176 464 188 485 ,
222 439 394 476 tantum
415 432 471 476 ab
494 432 733 477 imitatione
757 435 942 494 exempli
974 436 1105 496 hujus
1132 436 1258 481 alieni
1288 447 1403 482 sunt.

22 501 136 550 Cum
152 501 285 561 igitur
311 512 354 547 et
376 503 419 547 in
442 519 514 548 eos
538 504 733 562 regnavit
750 520 866 550 mors
883 541 893 560 ‚
916 507 1021 565 quid
1051 517 1114 552 est
1135 509 1254 568 quod
1277 507 1405 562 dicis,

27 589 48 616 «
72 580 123 616 ut
144 587 273 618 nemo
296 583 477 633 cogatur
495 575 539 618 in
555 584 755 630 mortem,
776 576 945 636 nisiqui
960 578 1204 637 exemplum
1224 595 1410 638 peccan-

23 643 80 687 tis
94 643 375 700 adamaverit,
390 663 409 687 »
430 647 522 706 ejus
541 646 759 702 videlicet,
777 663 908 707 quem
932 658 1106 708 propter
1123 650 1410 694 imitationem

18 711 207 762 ..formam
230 715 293 760 vis
313 716 445 761 fuisse
472 718 637 776 peccati
658 720 676 762 P
698 721 810 763 Ecce
846 735 935 764 non
963 719 1276 765 adamaverunt
1309 736 1412 779 pec-

21 785 160 831 cantis
181 786 426 846 exemplum
446 822 457 842 ‚
482 788 558 848 qui
580 804 669 832 non
691 789 736 832 in
758 791 1119 848 praevaricationis
1139 793 1232 850 ejus
1258 791 1410 835 simili-

21 855 175 903 tudine
188 867 505 916 peccaverunt3
529 867 572 902 et
594 868 737 903 tamen
751 861 881 903 etiam
905 862 1098 918 regnavit
1116 862 1161 905 in
1181 877 1253 906 eos
1275 876 1407 906 mors.

16 929 91 985 An
107 926 169 972 vis
193 927 334 972 redire
363 929 418 973 ad
441 929 697 974 catholicam
721 930 947 974 veritatem
966 966 976 985 ‚
1002 941 1051 975 ut
1072 933 1116 976 in
1139 948 1210 976 eos
1234 947 1412 993 quoque

6 1007 209 1044 ,mortem
235 1014 434 1058 regnasse
454 1001 626 1045 fatearis
649 1036 658 1055 ‚
685 1002 760 1061 qui
783 1017 872 1046 non
896 1013 1185 1062 peccaverunt
1203 1039 1213 1058 ,
1239 1004 1414 1063 propria

18 1085 112 1115 non
129 1068 330 1116 faciendo
348 1081 524 1130 peccata
546 1107 557 1126 ,
581 1070 657 1116 sed
678 1088 862 1131 regnum
886 1074 1036 1118 mortis
1065 1074 1110 1118 in
1130 1073 1414 1118 similitudine

5 1142 389 1200 ⁴praevaricationis
420 1143 529 1202 ejus,
555 1142 610 1187 de
647 1144 770 1203 cujus
797 1143 930 1202 stirpe
950 1152 1053 1188 sunt
1073 1146 1162 1189 nati
1187 1154 1415 1204 ,tanquam

4 1212 298 1258 ›haereditario
334 1215 516 1258 miseriae
554 1215 649 1274 jure
691 1215 920 1260 subierunt
951 1217 968 1257 ἰ)
1004 1216 1072 1261 Sic
1113 1231 1249 1276 prope
1281 1214 1413 1259 intel-

23 1282 223 1329 lexerunt
242 1285 335 1329 haec
357 1284 590 1344 apostolica
614 1286 743 1330 verba
779 1285 978 1330 doctores
1009 1285 1231 1342 Ecclesiae,
1257 1286 1334 1346 qui
1354 1285 1416 1329 vi·

4 1353 184 1400 ÷derunt
205 1371 254 1399 ea
273 1371 362 1401 non
384 1371 507 1415 posse
530 1366 645 1401 recte
667 1356 882 1416 intelligi,
904 1357 984 1402 nisi
1006 1358 1052 1402 in
1071 1359 1130 1401 eis
1145 1357 1415 1416 intelligatur

0 1479 1 1482 Ἰ
23 1425 224 1471 obnoxiae
260 1427 540 1472 successionis
564 1427 683 1485 origo
707 1428 872 1486 peccati
897 1448 908 1485 3
941 1437 1115 1487 propter
1148 1427 1268 1489 quod
1290 1427 1415 1471 dixe-

23 1506 128 1541 runt
152 1531 164 1552 ,
190 1496 397 1542 Parvulos
418 1497 660 1554 secundum
682 1499 822 1542 Adam
845 1500 1074 1543 carnaliter
1094 1509 1218 1544 natos
1243 1502 1281 1554 ²,
1306 1514 1416 1543 con-

24 1568 191 1626 tagium
219 1568 371 1613 mortis
388 1570 578 1629 antiquae
608 1569 743 1628 prima
767 1570 993 1615 nativitate
1016 1571 1272 1615 contrahere
1297 1585 1306 1611 ε
1335 1583 1417 1613 nec

24 1639 258 1686 Manichaei
285 1639 468 1685 fuerunt
485 1676 496 1696 ‚
523 1639 596 1685 sed
622 1656 697 1685 vos
724 1641 976 1700 Pelagianos
993 1677 1004 1697 ‚
1028 1642 1104 1686 Dei
1130 1642 1314 1701 spiritu,
1340 1641 1418 1700 qui

25 1726 103 1770 per
116 1726 188 1756 eos
210 1711 383 1757 locutus
399 1721 478 1768 est,
505 1712 839 1757 damnaverunt.

83 1784 256 1829 CCXV.
292 1786 316 1828 J
323 1800 519 1829 nmmos.
564 1802 585 1826 «
610 1783 709 1828 Vita
727 1793 872 1828 autem
892 1783 939 1827 in
960 1798 1046 1843 qua
1066 1781 1290 1841 regnaturi
1310 1789 1416 1825 sunt

19 1855 177 1911 sancti,
201 1864 364 1901 aeterna
385 1864 672 1900 monstratur:
697 1870 800 1914 ergo
822 1864 865 1899 et
881 1870 996 1899 mors
1019 1870 1118 1914 quae
1140 1853 1417 1914 iniquitatem

0 1947 1 1987 3
28 1923 318 1970 voluntariam
341 1926 553 1987 sequitur,
577 1935 740 1970 aeterna
761 1925 976 1970 credatur.
999 1943 1018 1967 «
1037 1928 1190 1985 Itaque
1212 1925 1321 1968 sicut
1342 1937 1420 1982 per

32 2014 52 2038 υ
77 1997 207 2041 unius
230 1996 437 2042 delictum
461 1998 507 2041 in
534 2013 683 2042 omnes
700 1997 894 2042 homines
914 1997 959 2041 in
981 1995 1417 2049 condemnationem,

0 2092 1 2098 =
32 2085 53 2110 »
77 2068 138 2112 sic
158 2077 202 2112 et
223 2084 299 2128 per
330 2069 460 2114 unius
475 2070 683 2129 justitiam
702 2070 747 2113 in
774 2084 924 2113 omnes
958 2069 1158 2113 homines
1190 2068 1236 2111 in
1262 2066 1421 2127 justifi-

32 2155 53 2180 »
78 2138 295 2183 cationem
325 2139 442 2184 vitae.
487 2140 607 2184 Sicut
636 2140 750 2183 enim
794 2154 870 2198 per
907 2140 1035 2183 unius
1077 2137 1422 2183 inobedientiam

31 2226 53 2251 »
79 2219 327 2268 peccatores
354 2211 580 2255 constituti
609 2218 710 2254 sunt
743 2210 893 2265 multi,
928 2209 989 2254 ita
1010 2218 1053 2254 et
1071 2224 1148 2269 per
1167 2208 1296 2252 unius
1313 2208 1422 2251 obe-

32 2297 53 2322 »
78 2279 289 2326 dientiam
305 2283 413 2342 justi
436 2283 756 2327 constituentur
773 2281 901 2326 multi
924 2284 956 2324 2.
981 2299 1001 2323 »
1026 2281 1178 2325 Omnis
1198 2289 1261 2323 est
1281 2278 1423 2323 soluta

30 2351 310 2411 perplexitas,
340 2353 620 2412 impudenter
646 2354 701 2396 de
722 2353 1002 2398 universitate
1023 2352 1242 2396 calumnia
1271 2349 1421 2394 conci-

29 2430 149 2470 tatur
168 2458 180 2479 ‚
206 2424 468 2483 ineptissime
498 2424 543 2468 in
573 2424 715 2483 scirpo
735 2423 878 2469 nodus
905 2423 1132 2483 quaeritur.
1160 2419 1424 2465 Pronuntiat

31 2493 284 2554 Apostolus,
302 2510 393 2539 non
405 2510 554 2540 omnes
571 2510 677 2550 esse,
695 2493 772 2539 sed
790 2493 966 2549 multos,
979 2493 1055 2553 qui
1073 2507 1150 2552 per
1164 2489 1424 2537 inobedien-
1473 2527 1481 2533 .

84 2586 93 2604 ¹
113 2579 249 2624 cyprian
263 2580 362 2624 Epist.
382 2592 466 2621 mxiv,
482 2581 521 2614 ad
533 2581 654 2616 Fidum.
669 2597 710 2605 —
725 2585 740 2604 ²
759 2582 854 2614 Rom.
874 2590 908 2622 v,
932 2581 971 2613 18
985 2582 1018 2613 et
1039 2589 1091 2621 ¹9·
