1884 3285
412 224 496 264 214
843 243 877 269 s.
912 239 1142 272 Avensa-nu
1174 247 1354 277 muscom

410 299 486 342 Dei
501 300 666 344 audetis
682 303 912 359 maculare,
932 307 1179 365 reprobravi
1199 329 1207 355 :
1228 321 1466 370 protestans
1481 318 1600 365 aliud
1613 337 1683 367 me
1696 340 1787 371 non

408 376 553 411 tenere
571 403 582 422 ,
613 386 745 428 quam
771 373 965 419 instituta
994 379 1194 434 mysteria
1222 383 1368 427 iisdem
1385 420 1400 440 ,
1432 389 1594 446 quibus
1627 396 1785 441 tradita

405 446 507 480 sunt
535 439 700 495 verbis,
736 441 781 484 in
806 444 924 487 omni
952 461 1126 504 prorsus
1153 459 1279 495 aetate
1306 469 1395 498 esse
1419 460 1642 505 tractanda
1661 497 1673 518 ,
1705 480 1786 510 nec

402 522 482 565 pro
502 522 730 555 causarum
754 512 959 559 varietate
982 516 1142 564 debere
1164 524 1321 567 mutari
1349 543 1358 569 :
1386 541 1538 573 verum
1559 531 1652 576 fieri
1679 550 1785 594 pec-

402 585 592 623 catorem
615 595 667 623 ex
683 582 799 628 malo
818 585 1006 642 perfecte
1028 589 1193 635 bonum
1211 613 1222 650 3
1243 593 1519 642 innocentem
1539 610 1684 647 autem
1707 607 1784 666 qui

402 646 574 692 nullum
606 651 739 696 habet
767 655 931 700 malum
960 660 1147 718 propriae
1180 663 1438 723 voluntatis,
1470 684 1522 713 ex
1545 671 1664 718 bono
1689 675 1784 720 fieri

399 717 641 776 meliorem,
671 721 716 766 id
746 733 825 779 est,
857 728 1071 785 optimum
1099 750 1108 776 :
1134 741 1184 778 ut
1205 736 1334 780 ambo
1356 738 1531 797 quidem
1555 743 1600 786 in
1625 744 1784 792 Christi

397 791 593 835 membra
624 801 844 841 transeant
872 802 1138 861 consecrati,
1168 806 1242 850 sed
1272 823 1384 853 unus
1415 811 1710 870 deprehensus
1736 818 1783 863 in

397 859 511 903 mala
541 860 626 904 vita
643 897 654 917 ,
685 863 793 908 alter
822 866 866 910 in
891 868 1005 915 bona
1032 882 1202 920 natura.
1239 876 1317 922 Ille
1341 880 1458 925 enim
1484 882 1782 933 innocentiam

395 945 524 989 quam
571 943 743 979 exortus
781 951 1035 998 acceperat,
1076 959 1206 1002 prava
1243 949 1412 994 actione
1444 956 1639 1014 corrupit
1669 975 1679 1001 :
1709 958 1782 1003 hic

394 1015 497 1045 vero
515 1001 606 1046 sine
621 1002 774 1061 laude,
793 1008 885 1052 sine
901 1011 1079 1056 crimine
1095 1015 1351 1074 voluntatis,
1371 1021 1455 1065 hoc
1471 1023 1610 1068 solum
1627 1026 1778 1083 habet,

393 1071 514 1130 quod
538 1087 560 1114 a
586 1075 675 1118 Deo
695 1077 921 1123 conditore
951 1085 1158 1143 suscepit,
1184 1088 1259 1145 qui
1281 1088 1474 1135 infucata
1494 1095 1781 1151 primaevitate

392 1140 584 1196 felicior,
613 1143 778 1190 bonum
794 1149 1079 1208 simplicitatis
1099 1170 1188 1198 suae
1210 1157 1360 1202 vitiare
1382 1176 1471 1204 non
1493 1165 1659 1221 potuit,
1685 1167 1780 1212 nul-

390 1209 482 1253 lum
517 1213 682 1258 habens
719 1215 774 1259 de
806 1220 973 1264 actibus
1006 1224 1240 1282 meritum,
1277 1227 1352 1272 sed
1380 1230 1465 1276 hoc
1497 1233 1640 1280 solum
1673 1238 1779 1283 reti-

389 1295 497 1324 nens
510 1315 520 1335 ,
545 1284 665 1341 quod
683 1287 792 1330 tanti
810 1289 976 1347 opificis
992 1291 1246 1351 dignatione
1261 1301 1464 1356 possedit.
1488 1320 1509 1344 »

448 1353 736 1399 Arcrsmvns.
773 1359 916 1410 Quare
937 1376 1039 1420 ergo
1060 1378 1187 1421 grave
1204 1368 1360 1426 jugum
1379 1385 1509 1430 super
1532 1387 1633 1417 eum
1663 1390 1686 1420 a
1706 1377 1779 1421 die

388 1420 527 1465 exitus
562 1424 617 1467 de
650 1436 799 1490 ventre
827 1431 974 1475 matris
1003 1433 1151 1491 ejus¹?
1179 1438 1269 1482 Cur
1293 1447 1413 1485 tanta
1438 1445 1778 1503 corruptibilitas

387 1494 599 1551 corporis,
622 1505 670 1539 ut
691 1498 772 1542 hac
794 1512 1050 1558 aggravetur
1073 1507 1215 1552 anima
1231 1510 1354 1569 ejus?
1372 1513 1462 1557 Cur
1478 1522 1598 1560 tanta
1617 1519 1776 1563 mentis

387 1564 618 1621 obtunsio,
648 1577 697 1612 ut
729 1570 858 1614 etiam
896 1572 1029 1632 plagis
1064 1578 1288 1623 erudiatur
1317 1582 1492 1628 tarditas
1525 1587 1653 1645 ejus?
1677 1592 1775 1642 Quo

386 1649 546 1694 usque,
576 1639 601 1681 J
606 1637 771 1695 uliane,
804 1644 942 1701 gravis
964 1660 1007 1688 es
1029 1647 1189 1692 corde?
1212 1653 1309 1703 Quo
1331 1668 1471 1713 usque
1488 1655 1631 1716 diligis
1653 1661 1775 1704 vani-

385 1713 536 1761 tatem,
563 1717 606 1751 et
628 1711 783 1768 quaeris
805 1715 1081 1760 mendacium
1092 1719 1124 1773 ²,
1146 1735 1234 1779 quo
1260 1732 1399 1767 vestra
1419 1725 1590 1771 haeresis
1614 1729 1774 1775 fulcia-

384 1776 482 1818 tur?
502 1778 725 1837 Numquid
743 1781 777 1824 si
800 1797 929 1827 nemo
956 1798 1183 1844 peccasset,
1209 1791 1242 1834 si
1265 1802 1420 1838 natura
1441 1795 1633 1842 humana
1655 1799 1701 1844 in
1723 1815 1773 1846 ea

384 1860 471 1904 qua
501 1847 676 1893 condita
698 1859 761 1895 est
787 1851 982 1900 bonitate
1003 1860 1227 1905 mansisset
1241 1897 1251 1917 ‚
1278 1865 1409 1909 etiam
1429 1866 1476 1910 in
1496 1869 1695 1927 paradiso
1716 1873 1772 1917 ad

383 1914 483 1959 istas
506 1917 638 1962 homo
660 1921 864 1979 miserias,
890 1935 940 1969 ut
963 1926 1046 1972 alia
1069 1938 1251 1988 taceam,
1275 1940 1556 1982 nasceretur?

440 1989 530 2030 LV.
567 1991 795 2037 JULIANFS.
832 2013 852 2035 «
877 1998 999 2041 AEtas
1031 1999 1161 2056 igitur
1195 2001 1267 2048 illa
1299 2006 1410 2051 sicut
1432 2008 1770 2057 misericordiam

381 2056 542 2101 Christi
574 2060 780 2118 praedicat
812 2064 1046 2124 innovata,
1086 2070 1132 2114 id
1167 2082 1258 2129 est,
1296 2076 1542 2123 innovantis
1575 2083 1771 2139 mysterii

380 2126 542 2172 virtute
563 2142 790 2192 provecta,
815 2135 872 2180 ita
890 2136 1164 2198 iniquitatem
1186 2143 1346 2202 judicis
1363 2182 1374 2202 ,
1401 2148 1624 2195 infamiam
1646 2153 1770 2212 justi-

380 2198 451 2242 tiae
469 2234 480 2253 ,
505 2210 580 2245 aut
597 2214 795 2250 accusata
811 2241 822 2261 ,
843 2218 918 2252 aut
939 2221 1167 2270 aggravata
1187 2217 1422 2264 convincit.
1447 2238 1467 2262 >›

438 2271 728 2319 Amusnm-s.
765 2277 829 2320 Ex
861 2294 947 2338 qua
976 2291 1189 2329 vetustate
1212 2296 1315 2331 aetas
1342 2288 1415 2334 illa
1451 2289 1610 2336 dicitur
1637 2293 1767 2340 inno-

378 2347 476 2383 vata
494 2374 505 2394 ‚
531 2357 631 2386 cum
661 2344 713 2388 sit
743 2355 843 2391 ortu
871 2353 1018 2395 nova?
1040 2354 1173 2398 Labia
1203 2355 1352 2402 dolosa
1374 2369 1476 2405 sunt
1501 2362 1580 2407 ista
1605 2380 1616 2407 :
1644 2365 1679 2409 si
1701 2366 1764 2411 vis

380 2423 610 2466 agnoscere
626 2425 906 2474 vetustatem,
927 2435 978 2464 ex
996 2437 1081 2482 qua
1103 2425 1271 2483 parvuli
1289 2429 1521 2477 christiana
1544 2435 1679 2492 gratia
1695 2451 1763 2481 rc-

379 2492 622 2540 novantur,
649 2487 751 2531 audi
773 2489 959 2535 fideliter
985 2494 1106 2552 quod
1133 2497 1192 2540 ait
1217 2498 1350 2546 homo
1375 2503 1451 2547 Dei
1485 2505 1676 2552 Reticius
1705 2508 1761 2552 ab

430 2570 437 2585 ¹
460 2568 556 2599 Eccli.
575 2580 625 2611 xt,
650 2583 677 2603 ι.
692 2590 732 2597 -
747 2581 759 2596 ²
779 2576 854 2618 Sap.
873 2586 918 2618 ix,
941 2578 991 2610 15.
1005 2596 1044 2604 -
1062 2578 1076 2601 3
1094 2581 1173 2614 Psal.
1194 2592 1240 2624 ιν,
1262 2584 1291 2616 3.
