1821 3264
2 182 7 284 ‚i
389 246 441 272 DE
472 244 761 272 connsspnonn
795 245 846 271 ET
879 243 1053 272 cuum.
1365 234 1414 271 31

34 326 122 357 nou
143 310 351 371 aequales,
377 310 452 355 sed
473 310 685 354 beatiores
705 309 867 353 erimus
884 312 914 353 ¹.
946 311 1107 354 Veritas
1125 318 1271 354 autem
1293 310 1419 354 nobis

34 396 184 426 eorum
214 380 410 440 promiSit
437 379 748 440 aequalitatem.
775 381 955 424 Certum
984 389 1048 424 est
1077 380 1210 439 igitur
1236 381 1320 425 hoc
1347 395 1420 426 eos

34 466 158 496 nosse
181 466 257 510 per
279 451 486 510 speciem,
515 448 636 509 quod
662 464 741 494 nos
771 464 848 508 per
880 449 1011 493 fidem
1028 485 1040 504 ,
1070 449 1236 494 nullam
1260 450 1422 495 scilicet

0 518 2 550 l
34 523 203 567 ruinam
226 523 483 583 cujusquam
516 521 651 566 sancti
675 520 831 579 Angeli
856 522 946 581 jam
975 520 1185 566 futuram.
1216 521 1420 567 Diabolus

33 607 136 639 vero
161 601 205 638 et
226 593 367 651 angeli
387 594 506 654 ejus,
539 593 619 637 etsi
638 593 755 637 beati
778 601 901 637 erant
923 601 1158 652 antequam
1186 592 1417 648 caderent,

33 673 77 708 et
105 678 150 708 se
179 665 225 708 in
255 663 472 709 miseriam
503 679 676 708 casuros
711 679 800 708 esse
834 663 1113 718 nesciebant,
1149 672 1240 708 erat
1274 673 1421 708 tamen

33 732 176 778 adhuc
192 733 314 794 quod
330 749 481 779 eorum
505 733 738 778 adderetur
760 734 1047 789 beatitudini,
1068 734 1103 778 si
1125 749 1202 793 per
1230 734 1420 778 liberum

32 804 262 849 arbitrium
276 806 321 849 in
337 806 518 850 veritate
535 805 769 861 stetissent,
790 805 930 850 donec
947 806 1071 849 istam
1090 821 1270 849 summae
1289 805 1423 849 beati-

31 874 193 920 tudinis
214 875 532 935 plenitudinem
547 912 557 932 ,
578 886 787 937 tanquam
811 876 1041 936 praemium
1063 877 1196 936 ipsius
1214 891 1420 935 perman-

30 945 160 990 sionis
180 948 428 1007 acciperent
446 983 457 1004 ,
477 948 521 992 id
540 957 605 992 est
621 983 632 1003 ,
655 957 702 992 ut
721 963 876 1007 magna
896 962 973 1007 per
991 947 1199 1006 Spiritum
1223 956 1420 992 sanctum

29 1017 126 1062 data
160 1017 429 1065 abundantia
455 1019 677 1064 charitatis
712 1020 816 1074 Dei,
841 1019 996 1063 cadere
1030 1018 1212 1063 ulterius
1239 1019 1422 1062 omnino

29 1101 119 1132 non
138 1098 339 1147 possent,
365 1099 407 1134 et
439 1090 523 1135 hoc
546 1090 601 1134 de
626 1105 670 1134 se
693 1089 928 1135 certissime
961 1098 1152 1134 nossent.
1179 1092 1302 1134 Hanc
1330 1088 1424 1147 ple-

28 1159 273 1204 nitudinem
289 1160 570 1206 beatitudinis
586 1177 677 1206 non
694 1161 915 1206 habebant
932 1180 940 1206 :
962 1161 1037 1205 sed
1053 1161 1157 1221 quia
1170 1160 1425 1205 nesciebant

28 1244 148 1274 suam
186 1231 382 1276 futuram
415 1232 631 1276 miseriam
652 1267 663 1287 ,
708 1233 876 1276 minore
909 1232 1090 1292 quidem
1112 1267 1123 1288 ,
1162 1232 1237 1276 sed
1277 1241 1424 1275 tamen

28 1299 300 1344 beatitudiue
334 1302 425 1346 sine
458 1302 551 1346 ullo
573 1303 679 1347 vitio
701 1302 978 1347 fruebantur.
1011 1305 1120 1348 Nam
1144 1303 1178 1347 si
1198 1318 1326 1347 suum
1351 1317 1424 1346 ca-

30 1385 126 1414 sum
162 1370 363 1416 futurum
404 1382 581 1417 nossent
619 1382 922 1433 aeternumque
963 1374 1226 1431 supplicium
1253 1407 1264 1428 ,
1305 1373 1423 1416 beati

29 1441 181 1501 utique
198 1457 289 1486 esse
310 1458 400 1487 non
417 1452 617 1502 possent,
643 1458 752 1503 quos
774 1444 905 1503 hujus
922 1444 1031 1487 tanti
1053 1442 1152 1487 mali
1177 1451 1318 1487 metus
1332 1443 1423 1502 jam

27 1519 134 1556 tunc
157 1513 333 1558 miseros
356 1529 446 1558 esse
465 1513 765 1573 compelleret.

84 1584 294 1629 XXVIII.
323 1585 392 1630 Sic
414 1594 456 1629 et
478 1585 700 1629 hominem
723 1583 827 1629 fecit
856 1599 958 1628 cum
988 1584 1129 1628 libero
1152 1583 1348 1637 arbitrio,
1378 1592 1423 1626 et

28 1655 225 1713 quamvis
258 1656 325 1700 sui
352 1654 491 1700 futuri
521 1671 643 1701 casus
670 1656 871 1714 ignarum
890 1691 900 1710 ,
928 1665 1073 1700 tamen
1106 1655 1205 1699 ideo
1224 1655 1420 1709 beatum,

27 1725 130 1784 quia
154 1735 207 1770 'et
238 1742 329 1772 non
351 1729 463 1772 mori
500 1737 542 1772 et
564 1728 768 1772 miserum
791 1743 881 1771 non
908 1727 1001 1770 fieri
1033 1727 1079 1769 in
1101 1741 1178 1770 sua
1208 1735 1422 1785 potestate

29 1809 119 1839 esse
135 1797 365 1841 sentiebat.
387 1801 438 1841 In
455 1813 544 1856 quo
561 1806 675 1841 statu
693 1806 811 1841 recto
825 1813 873 1841 ac
894 1797 985 1840 sine
1002 1796 1124 1850 vitio,
1140 1796 1172 1839 si
1187 1812 1263 1854 per
1281 1796 1423 1854 ipsum

27 1863 215 1909 liberum
243 1866 471 1911 arbitrium
502 1882 677 1911 manere
699 1867 935 1921 voluisset,
969 1866 1166 1924 profecto
1200 1867 1293 1908 sine
1330 1864 1422 1908 ullo

29 1935 180 1980 mortis
200 1944 244 1980 et
260 1935 526 1980 infelicitatis
542 1937 856 1995 experimento,
878 1936 1091 1993 acciperet
1105 1935 1242 1989 illam,
1267 1935 1423 1978 merito

28 2006 160 2066 hujus
186 2008 528 2067 permansionis,
567 2006 847 2051 beatitudinis
879 2004 1200 2064 plenitudinem
1219 2038 1230 2059 ,
1262 2020 1350 2064 qua
1380 2013 1424 2048 et

28 2078 166 2122 sancti
182 2078 338 2138 Angeli
354 2088 456 2124 sunt
476 2079 607 2133 beati,
625 2077 670 2122 id
693 2087 773 2133 est,
792 2086 840 2121 ut
862 2075 1019 2121 cadere
1042 2091 1132 2120 non
1147 2084 1290 2135 posset
1312 2074 1420 2119 ulte-

29 2149 134 2204 rius,
153 2158 198 2193 et
209 2150 294 2194 hoc
310 2150 546 2195 certissime
563 2149 703 2194 sciret,
731 2151 841 2195 Nam
858 2162 1001 2208 neque
1018 2148 1109 2206 ipse
1126 2156 1270 2206 posset
1292 2147 1422 2191 etiam

29 2218 75 2262 in
110 2218 310 2279 paradiso
346 2221 499 2265 beatus
538 2235 629 2265 esse
649 2255 660 2275 ,
686 2220 774 2264 imo
808 2219 869 2263 ibi
904 2234 994 2263 non
1042 2227 1180 2273 esset,
1213 2218 1290 2262 ubi
1332 2231 1422 2261 esse

32 2289 237 2333 miserum
271 2305 361 2335 non
382 2290 584 2345 deceret,
614 2291 647 2334 si
679 2305 779 2334 eum
812 2290 879 2334 sui
908 2305 1031 2334 casus
1062 2289 1331 2348 praescientia
1366 2288 1422 2331 ti-

30 2375 150 2404 more
165 2361 276 2405 tanti
307 2360 410 2405 mali
428 2362 637 2406 miserum
658 2362 834 2406 faceret.
860 2361 971 2414 Quia
995 2375 1098 2405 vero
1122 2376 1198 2419 per
1234 2360 1422 2403 liberum

32 2431 256 2475 arbitrium
278 2435 417 2476 Deum
441 2431 647 2487 deseruit,
667 2433 835 2492 justum
852 2431 1071 2491 judicium
1105 2432 1183 2476 Dei
1217 2440 1420 2490 expertus

33 2511 122 2559 est,
143 2512 193 2548 ut
209 2519 310 2548 cum
333 2512 426 2549 tota
448 2519 523 2549 sua
545 2504 693 2564 stirpe,
717 2520 816 2564 quae
838 2504 884 2547 in
902 2503 979 2548 illo
1001 2502 1146 2548 adhuc
1171 2502 1311 2562 posita
1330 2510 1422 2547 tota

79 2594 91 2611 ¹
110 2587 222 2622 Matth.
243 2599 328 2631 xxu,
345 2588 400 2622 30.
