1884 3285
436 280 519 320 362
877 285 912 317 s.
946 286 1178 319 Aueus‘ruu
1208 286 1389 319 291000121

434 363 612 399 rtuntur
647 366 799 401 omnes
833 371 842 398 :
874 352 967 411 ipse
1003 360 1066 396 est
1094 350 1234 399 Adam
1254 385 1265 405 ‚
1300 351 1346 394 in
1367 364 1457 410 quo
1483 350 1517 394 si
1545 349 1715 409 parvuli
1736 365 1825 402 non

434 425 705 477 moriuntur,
737 420 935 482 profecto
968 436 1048 466 nec
1079 422 1124 464 in
1156 421 1330 466 Christo
1349 419 1688 467 vivificabuntur
1720 421 1826 474 :sed

433 496 641 557 quoniam
656 495 768 539 sicut
787 494 833 537 in
845 492 985 539 Adam
1003 507 1154 537 omnes
1167 492 1432 546 moriuntur,
1447 492 1507 539 ita
1527 501 1572 536 et
1592 492 1639 536 in
1654 492 1827 543 Chiisto
1856 528 1860 552 ἑ

435 582 584 613 omnes
612 565 979 612 vivificabuntur¹
1011 563 1140 622 3ideo
1162 564 1240 623 qui
1266 562 1422 607 volunt
1453 563 1548 607 haec
1575 562 1707 611 verba
1734 578 1827 623 per-

435 647 618 691 vertere,
647 637 725 696 ipsi
739 636 798 679 eis
820 635 1098 678 manentibus
1109 642 1378 678 evertuntur.

495 710 655 752 LXIX.
677 709 935 751 JULIANts.«
960 704 1044 749 Sed
1055 705 1145 764 jam
1160 718 1390 763 pergamus
1407 703 1466 747 ad
1481 701 1666 762 reliqua,
1687 711 1737 750 ut
1758 703 1828 751 cui
1858 726 1861 752 ε

436 779 628 837 dogmati
651 776 885 836 Apostolus
908 776 1125 830 concinat,
1145 776 1258 820 sicut
1275 791 1326 819 ex
1347 773 1487 818 multa
1508 782 1630 832 parte
1653 772 1825 830 claruit,
1855 784 1858 789 '

434 849 704 910 processibus
728 849 835 893 sacri
856 848 1065 892 sermonis
1095 847 1310 891 ostendat.
1338 864 1356 887 »
1383 844 1501 898 Quid
1536 854 1681 894 autem
1710 843 1828 891 aliud
1858 889 1863 900 ,

434 920 630 965 indicant
645 920 774 964 etiam
797 919 1023 979 sequentia
1044 919 1175 962 verba
1194 916 1455 977 apostolica?
1472 918 1585 962 Cum
1608 916 1723 963 enim
1744 916 1829 961 hoc
1858 954 1862 955 γ

433 1062 479 1108 id
509 1072 573 1107 est
594 1099 606 1120 ,
630 1062 731 1122 quia
754 1077 834 1105 nec
865 1061 935 1104 lex
964 1060 1108 1119 potuit
1127 1058 1297 1103 auferre
1319 1063 1562 1118 peccatum.
1594 1061 1827 1107 Peccatum
1862 1105 1863 1111 χ

435 1143 579 1178 autem
604 1148 693 1176 non
725 1131 1018 1190 deputabatur
1041 1165 1051 1184 ‚
1077 1144 1176 1174 cum
1200 1128 1269 1173 lex
1302 1144 1392 1173 non
1423 1137 1548 1172 esset.
1575 1130 1680 1172 Erat
1701 1142 1825 1186 ergo²
1859 1147 1864 1181 ⁴.

433 1204 512 1249 sed
540 1218 629 1247 non
657 1201 950 1260 deputabatur
971 1235 981 1255 ‚
1017 1200 1120 1260 quia
1143 1215 1232 1244 non
1267 1198 1580 1245 ostendebatur
1608 1196 1731 1258 quod
1750 1197 1828 1243 de·=

434 1283 662 1334 putaretur
689 1292 698 1320 :
723 1274 835 1316 sicut
855 1273 971 1315 enim
1004 1270 1107 1315 alibi
1135 1269 1270 1315 dicit:
1307 1289 1327 1312 «
1348 1273 1430 1313 Per
1451 1272 1612 1328 Legem
1636 1269 1828 1328 cognitio
1861 1294 1865 1309 <-

435 1365 456 1387 »
482 1345 648 1404 peccati
672 1345 703 1388 ³.
729 1362 748 1384 »
774 1342 858 1388 Sed
881 1343 1078 1402 regnavit
1093 1377 1104 1395 ‚
1130 1342 1296 1402 inquit,
1314 1356 1429 1385 mors
1449 1342 1504 1385 ab
1526 1339 1666 1386 Adam
1689 1354 1828 1400 usque
1863 1341 1865 1393 ἰ

435 1416 491 1461 ad
514 1418 710 1473 Moysen.
727 1417 819 1459 Hoc
834 1423 898 1457 est
919 1412 1039 1473 quod
1056 1428 1184 1472 supra
1200 1411 1381 1467 dixerat,
1402 1425 1541 1470 usque
1557 1409 1613 1455 ad
1627 1411 1825 1470 Legem&
1861 1398 1867 1454 ἶ

434 1490 532 1534 Non
553 1503 691 1547 usque
714 1486 769 1531 ad
792 1489 997 1543 Moysen,
1022 1494 1072 1528 ut
1093 1484 1299 1543 deinceps
1321 1499 1411 1528 non
1434 1492 1543 1527 esset
1564 1491 1826 1542 peccatum3
1864 1464 1866 1503 Ι

434 1560 509 1603 sed
531 1559 631 1619 quia
654 1573 733 1601 nec
755 1560 843 1601 Lex
864 1572 940 1617 per
963 1559 1145 1614 Moysen
1173 1556 1272 1600 data
1296 1570 1480 1614 regnum
1510 1554 1655 1614 potuit
1676 1555 1828 1598 mortis
1864 1547 1867 1580 '²

434 1630 621 1683 auferre,
638 1644 737 1689 quae
752 1643 840 1672 non
854 1636 1006 1686 regnat
1021 1629 1170 1687 utique
1188 1626 1270 1670 nisi
1283 1641 1359 1686 per
1372 1627 1826 1685 peccatum.Regnum
1864 1667 1867 1683 Ι

433 1716 563 1759 porro
580 1701 670 1759 ejus
687 1708 829 1751 est‚ut
849 1698 1072 1742 hominem
1093 1695 1320 1741 mortalem
1343 1697 1389 1740 in
1410 1695 1648 1740 secundam
1671 1694 1824 1750 etiam,

433 1786 532 1830 quae
546 1769 807 1828 sempiterna
831 1777 911 1822 est,
931 1768 1175 1826 praecipitet
1197 1775 1397 1810 mortem.
1425 1765 1640 1823 Regnavit
1660 1774 1823 1820 autem,
1866 1816 1868 1828 ³

433 1843 477 1885 in
503 1841 664 1901 quibus
685 1842 702 1881 ’ἲ
728 1840 857 1883 etiam
880 1839 926 1882 in
954 1839 1019 1883 his
1043 1874 1054 1895 ,
1081 1837 1226 1897 inquit
1245 1839 1276 1892 ⁵,
1302 1836 1380 1896 qui
1399 1852 1488 1881 non
1514 1844 1823 1896 peccaverunt,
1864 1829 1869 1865 {

433 1913 478 1956 in
505 1910 834 1955 similitudinem
854 1908 1220 1968 praevaricationis
1242 1906 1350 1952 Adae
1367 1942 1379 1962 ‚
1404 1907 1481 1967 qui
1503 1916 1567 1951 est
1590 1905 1728 1951 forma
1750 1905 1826 1950 fu-

434 1983 535 2026 turi.
573 1983 709 2041 Cujus
737 1980 906 2033 futuri,
938 1979 1018 2023 nisi
1048 1979 1223 2023 Chisti?
1257 1986 1301 2021 et
1334 1976 1473 2037 qualis
1498 1975 1638 2021 forma
1658 2011 1670 2031 ,
1700 1977 1827 2021 nisia

433 2053 651 2098 contrario
671 2055 688 2093 ‘3
710 2051 842 2105 Quod
864 2050 968 2095 alibi
989 2051 1119 2094 etiam
1141 2049 1247 2093 dicit
1267 2068 1275 2093 :
1304 2068 1323 2090 «
1347 2049 1465 2093 Sicut
1486 2048 1532 2092 in
1558 2047 1699 2096 Adam
1728 2062 1825 2093 om·
1866 2041 1869 2080 ἶ

437 2142 457 2165 π
485 2139 559 2167 nes
581 2124 844 2177 moriuntur,
865 2123 924 2167 ita
940 2121 987 2166 in
1007 2120 1180 2166 Christo
1203 2134 1353 2164 omnes
1375 2119 1718 2163 vivificabuntur
1741 2119 1774 2162 ⁰.
1801 2137 1822 2160 »

437 2195 556 2240 Sicut
575 2194 621 2237 in
643 2193 719 2238 illo
740 2192 868 2248 illud,
889 2194 949 2237 ita
965 2192 1011 2236 in
1029 2192 1112 2237 isto
1134 2191 1249 2235 istud
1273 2191 1364 2250 ipsa
1380 2199 1443 2234 est
1459 2188 1613 2235 forma.
1637 2188 1826 2238 Sedhaec
1865 2184 1871 2221 «ἶ

435 2263 573 2308 forma
597 2278 686 2307 non
708 2263 828 2309 omni
850 2278 902 2306 ex
924 2271 1045 2321 parte
1067 2261 1302 2306 conformis
1327 2269 1390 2304 est
1415 2279 1424 2305 ε
1451 2259 1567 2304 unde
1591 2260 1667 2304 hic
1685 2262 1825 2320 Apos-
1868 2266 1871 2307 ἶ

434 2334 550 2380 tolus
583 2343 756 2378 secutus
778 2333 976 2393 adjunxit
1001 2352 1010 2378 :
1039 2352 1060 2376 «
1087 2332 1170 2378 Sed
1203 2348 1292 2377 non
1324 2333 1434 2376 sicut
1453 2330 1679 2384 delictum,
1698 2330 1757 2375 ita
1780 2340 1824 2376 et
1869 2352 1871 2357 ·

437 2424 458 2447 »
484 2405 678 2450 donatio.
708 2405 750 2449 Si
769 2405 885 2448 enim
910 2404 968 2448 ob
990 2404 1119 2447 unius
1143 2402 1351 2446 delictum
1373 2401 1502 2446 multi
1525 2401 1684 2446 mortui
1700 2409 1820 2456 sunt,

436 2495 457 2518 n
483 2476 623 2520 multo
645 2475 777 2534 magis
799 2475 933 2533 gratia
957 2475 1033 2519 Dei
1054 2483 1097 2518 et
1112 2473 1280 2517 donum
1300 2472 1346 2516 in
1368 2473 1504 2530 gratia
1528 2472 1658 2517 unius
1685 2472 1824 2517 homi·
1866 2489 1870 2496 ·

484 2584 490 2600 ¹
522 2589 531 2609 1
558 2580 628 2610 Cor.
657 2589 712 2619 xv,
733 2586 786 2610 Ἦ.
804 2595 845 2600 -
863 2583 875 2599 ²
895 2576 974 2609 Vide
990 2576 1035 2609 lib
1051 2588 1072 2609 11
1098 2576 1139 2609 de
1155 2575 1292 2619 Nuptiis,
1315 2583 1388 2618 cap.
1409 2583 1463 2616 27.
1485 2575 1569 2608 Beda
1587 2578 1619 2608 et
1641 2575 1763 2617 Florum,
1783 2575 1824 2607 ad
1870 2611 1872 2624 Ι

434 2635 524 2666 Rom.
543 2645 574 2673 v,
598 2633 647 2665 13.
669 2649 706 2656 -
720 2630 735 2655 3
750 2635 841 2665 Rom.
861 2643 908 2673 ιιι,
926 2641 978 2665 20.
996 2630 1127 2665 -41d.
1149 2642 1181 2670 v,
1204 2631 1253 2674 ¹4·
1269 2629 1337 2654 —5
1362 2630 1443 2662 Ibid.
1461 2647 1502 2654 -
1517 2630 1533 2654 6
1560 2642 1570 2662 ι
1594 2631 1668 2664 Cor.
1686 2641 1743 2671 xv,
1764 2638 1820 2664 22.
