1884 3285
431 264 517 305 354
863 272 897 302 s.
932 273 1162 302 Aucus-nm
1193 272 1375 300 Eplscol’l

425 339 562 399 magis
580 338 771 383 historiae
791 337 1086 397 congruebat?
1101 339 1265 382 Verum
1282 335 1389 380 nihil
1407 335 1550 394 potuit
1571 333 1627 379 ab
1646 348 1698 379 eo
1714 346 1813 393 pru·
1861 371 1864 398 ξ

425 408 599 453 dentius
620 409 714 453 fieri
747 427 756 454 :
782 407 894 453 vidit
914 408 1031 452 enim
1051 407 1086 452 si
1105 408 1214 452 duos
1232 407 1517 460 nominasset,
1541 405 1618 466 qui
1643 419 1814 464 praeva-
1861 403 1864 431 ¹

429 479 626 524 ricationi
654 479 826 524 initium
858 478 1195 538 exemplumque
1228 477 1539 537 praestiterant,
1573 484 1616 519 et
1643 488 1721 535 per
1741 473 1818 520 eos‘
1860 483 1865 512 ἕ

430 549 686 593 affirmasset
703 549 903 593 transisse
924 556 1170 607 peccatum,
1197 547 1331 591 errori
1353 546 1620 591 occasionem
1641 554 1810 604 patere,
1864 562 1865 568 ¹

425 628 476 664 ut
495 628 725 679 putaretur
747 635 825 680 per
848 621 1038 664 duorum
1063 620 1241 663 nomina
1262 619 1615 677 conjunctionem
1637 615 1814 661 foecun—

422 688 693 750 ditatemque
715 689 958 734 damnasse.
988 688 1182 748 Ideoque
1199 688 1534 748 prudentissime
1556 701 1694 731 unum
1721 701 1815 730 ma·-
1864 704 1867 746 j

421 759 505 805 luit
516 761 762 815 nominare,
781 762 859 821 qui
874 775 964 804 non
983 760 1201 804 sufficiens
1213 758 1267 804 ad
1285 759 1570 817 generationis
1584 757 1811 812 indicium,
1866 779 1867 786 κ

425 829 482 875 ad
511 830 683 888 signum
707 830 950 876 abundaret
971 829 1178 889 exempli3
1215 839 1345 890 atque
1378 830 1662 874 imitationem
1685 843 1813 872 accu-
1864 838 1867 872 ἒ

421 909 539 945 satus
567 911 787 960 gravaret,
825 917 905 946 nec
943 901 1276 946 foecunditatem
1309 909 1560 945 numeratus
1593 907 1809 959 argueret.

420 972 479 1015 Et
514 979 566 1015 ut
600 971 791 1018 breviter
821 973 942 1033 quod
983 973 1149 1031 egimus
1183 971 1440 1030 colligatur,
1471 970 1736 1015 foecunditas
1769 970 1815 1013 in
1865 1022 1868 1026 ¹

420 1041 568 1100 primis
590 1043 844 1087 hominibus
866 1043 1081 1095 instituta,
1104 1042 1186 1086 nisi
1208 1057 1286 1101 per
1306 1041 1417 1086 duos
1436 1041 1503 1098 agi
1527 1056 1617 1085 non
1634 1049 1777 1099 potest
1802 1058 1812 1085 :
1865 1030 1870 1074 ἶ

417 1121 648 1171 peccatum
677 1122 826 1158 autem
854 1112 1088 1172 Apostolus
1120 1113 1300 1156 intrasse
1331 1112 1610 1171 pronuntiat,
1640 1112 1717 1156 sed
1735 1125 1815 1170 per
1864 1108 1869 1162 s

422 1197 583 1226 unum.
611 1200 633 1224 »

482 1254 771 1296 Aucusrmus.
800 1252 1088 1298 Praedixeram
1114 1260 1155 1296 te
1179 1251 1290 1295 nihil
1310 1267 1404 1296 esse
1426 1251 1669 1308 dictorum3
1689 1259 1733 1294 et
1754 1251 1814 1295 ita

422 1336 535 1378 esse,
559 1323 696 1368 cuivis
717 1322 962 1367 tardissimo
991 1323 1158 1367 clarum
1185 1333 1261 1367 est.
1289 1321 1514 1382 Numquid
1540 1323 1655 1366 enim
1677 1325 1816 1366 Evam
1866 1331 1870 1378 ζ

421 1407 512 1437 non
535 1393 765 1438 imitantur
797 1402 1051 1454 peccantes,
1080 1402 1154 1438 aut
1176 1402 1404 1453 peccatum
1434 1394 1601 1452 generis
1631 1391 1814 1437 humani
1868 1438 1871 1453 Ι

419 1477 511 1507 non
533 1463 668 1523 magis
696 1479 747 1508 ex
766 1464 857 1523 ipsa
882 1465 1064 1523 sumpsit
1080 1464 1284 1508 initium?
1319 1483 1339 1506 «
1373 1467 1407 1508 A
1433 1463 1616 1507 muliere
1641 1463 1814 1507 initium
1868 1457 1871 1482 ³

425 1552 444 1575 »
468 1534 634 1578 factum
655 1544 719 1579 est
740 1536 922 1595 peccati,
943 1544 987 1579 et
1010 1544 1186 1594 propter
1204 1534 1338 1589 illam,
1364 1536 1476 1580 sicut
1498 1535 1706 1594 scriptum
1730 1543 1812 1589 est,

422 1620 443 1645 »
469 1604 680 1648 morimur
696 1607 889 1649 omnes¹.
921 1623 942 1646 »
967 1607 1058 1651 Cur
1080 1620 1184 1664 ergo
1211 1621 1302 1649 non
1321 1606 1384 1649 vis
1407 1604 1655 1659 attendere,
1678 1619 1814 1664 prop·
1868 1604 1872 1651 ἶ

418 1681 536 1717 terea
556 1675 702 1733 potius
716 1675 975 1733 Apostolum
991 1689 1132 1719 unum
1153 1675 1310 1719 dixisse
1326 1675 1564 1729 hominem,
1585 1689 1662 1734 per
1681 1689 1814 1734 quem
1868 1670 1872 1710 ἕ

417 1752 646 1802 peccatum
667 1745 845 1789 intravit
865 1747 911 1790 in
933 1745 1166 1800 mundum,
1192 1747 1293 1806 quia
1312 1761 1401 1790 non
1418 1745 1722 1799 imitationem,
1737 1744 1814 1790 sed
1848 1741 1850 1743 ¹
1870 1733 1872 1770 3

417 1816 742 1872 generationem
764 1814 940 1860 volebat
963 1816 1177 1875 intelligi?
1201 1817 1321 1862 Sicut
1343 1817 1458 1860 enim
1483 1833 1506 1860 a
1529 1815 1710 1861 muliere
1725 1816 1812 1860 ini·
1870 1839 1873 1862 ;

419 1883 531 1928 tium
566 1885 732 1944 peccati
764 1886 850 1930 fuit
868 1921 878 1942 ‚
912 1888 970 1931 sic
997 1887 1170 1930 initium
1205 1887 1493 1945 generationis
1529 1903 1551 1931 a
1587 1887 1681 1931 viro
1716 1896 1780 1931 est
1800 1905 1810 1931 z
1870 1918 1873 1936 2

418 1955 538 2014 prior
554 1957 670 2001 enim
685 1957 751 2001 vir
767 1957 967 2012 seminat,
994 1966 1043 2001 ut
1057 1957 1238 2001 foemina
1262 1958 1401 2017 pariat
1423 1978 1430 2002 :
1456 1958 1556 2002 ideo
1576 1973 1652 2017 per
1673 1971 1813 2001 unum

418 2025 644 2070 hominem
667 2037 897 2086 peccatum
924 2029 1100 2072 intravit
1122 2029 1167 2072 in
1190 2029 1423 2084 mundum,
1449 2029 1550 2089 quia
1568 2043 1645 2087 per
1666 2043 1814 2073 semen

420 2097 706 2153 generationis
739 2098 936 2153 intravit,
964 2099 1084 2158 quod
1109 2115 1131 2143 a
1152 2099 1246 2143 viro
1269 2099 1484 2158 excipiens
1506 2101 1708 2159 concepit
1728 2098 1812 2142 foe·
1871 2144 1873 2146 ,

418 2165 539 2210 mina
563 2182 680 2227 :quo
703 2183 823 2213 more
842 2169 960 2214 nasci
981 2169 1148 2225 noluit,
1175 2170 1253 2229 qui
1279 2169 1396 2214 solus
1419 2171 1512 2214 sine
1543 2178 1724 2229 peccato
1749 2177 1813 2214 est
1870 2203 1874 2222 2

421 2245 550 2281 natus
567 2252 618 2281 ex
633 2237 830 2284 foemina.

480 2309 613 2353 LVII.
627 2311 653 2353 J
657 2327 855 2355 numus.
888 2330 908 2354 (ι
929 2311 1262 2356 Irrefutabiliter
1284 2312 1533 2357 confectum
1551 2322 1630 2364 est,
1655 2325 1811 2372 pecca·
1872 2315 1875 2362 :³

426 2386 519 2423 tum
548 2379 658 2425 illud
680 2381 848 2427 ostendi
867 2384 921 2427 ab
949 2383 1158 2442 Apostolo
1190 2384 1382 2428 moribus
1405 2383 1460 2429 ad
1484 2394 1696 2444 posterOS,
1723 2398 1814 2428 non

423 2450 659 2496 seminibus
674 2451 804 2497 fuisse
817 2453 1047 2498 devectum
1066 2473 1073 2498 :
1092 2463 1254 2514 quanta
1273 2470 1376 2514 ergo
1388 2454 1442 2499 de
1452 2470 1525 2499 ore
1540 2464 1615 2500 tuo
1627 2455 1811 2499 effluxe-
1872 2451 1875 2478 ³

424 2520 481 2564 rit
499 2519 676 2579 falsitas,
691 2524 875 2569 intuere.
898 2543 918 2566 »
940 2524 1023 2570 Sed
1037 2524 1133 2570 ideo
1146 2541 1222 2584 per
1235 2541 1373 2570 uuum
1388 2526 1611 2571 hominem
1624 2529 1810 2586 Aposto-
1874 2524 1875 2551 ³

477 2611 486 2628 ¹
508 2607 593 2640 Beda
613 2612 645 2641 et
664 2608 785 2647 Florus,
802 2611 843 2642 ad
860 2612 950 2643 Rom.
966 2621 1011 2643 vr.
1024 2628 1065 2634 -
1081 2618 1094 2634 ²
1115 2611 1212 2644 Eccli.
1234 2623 1312 2652 xxv,
1336 2612 1390 2644 33.
