1884 3285
385 261 468 297 500
909 263 1176 294 ANNOLATION
1184 266 1243 293 Es.

384 342 471 387 tur,
489 329 586 375 ideo
607 329 838 388 inscriptus
858 328 913 373 de
927 344 1109 385 amore,
1119 331 1221 390 quia
1242 330 1397 374 amoris
1417 330 1525 374 sacri
1538 345 1586 374 ac
1598 330 1771 389 profani

381 403 426 446 in
444 417 495 446 eo
518 401 748 445 discrimen
771 400 936 459 aperire
960 399 1262 447 destinaverat.
1288 400 1373 446 Sed
1390 415 1507 456 eum,
1533 401 1640 444 dum
1662 400 1773 444 illud

383 471 631 530 argumenti
651 480 836 515 tractare
855 485 899 514 se
921 469 1031 514 velle
1047 470 1280 515 simulabat
1297 505 1308 526 ,
1329 469 1556 515 firmandae
1578 485 1666 515 suae
1686 471 1774 514 hae-

383 543 464 587 resi
487 542 704 586 laborasse
725 550 937 587 asseverat
959 542 1076 586 Beda
1101 561 1110 586 ε
1137 544 1214 602 qui
1236 551 1278 586 et
1296 543 1434 587 varios
1464 542 1583 586 locos
1610 551 1702 586 tum
1722 557 1773 585 ex

384 614 468 657 hoc
484 622 687 668 tractatu,
711 622 808 657 tum
835 627 886 657 ex
908 612 1076 673 reliquo
1093 614 1417 658 Commentario
1432 611 1563 657 refert
1583 622 1626 656 et
1649 611 1774 656 refel-

380 682 455 727 lit:
477 683 694 743 simulque
709 691 875 737 monet,
892 683 986 726 haee
997 684 1172 727 nonnisi
1188 698 1344 742 magna
1359 682 1555 727 adhibita
1574 683 1775 726 cautione

380 752 565 811 legenda
596 768 686 798 esse
707 788 718 808 ,
743 762 818 797 aut
844 754 992 813 potius
1022 754 1207 799 omnino
1235 770 1325 799 non
1351 753 1551 812 legenda.
1577 752 1776 797 Meminit

379 833 587 882 praeterea
623 824 851 884 cujusdam
884 824 1275 869 Commentationis
1297 859 1308 879 ,
1341 839 1427 882 qua
1459 822 1532 866 ille
1563 821 1621 866 de
1653 820 1774 865 bono

374 895 659 939 constantiae
681 894 947 954 disputabat.
970 897 1079 940 Nam
1102 895 1328 953 epistolam
1356 894 1411 938 ad
1433 893 1768 947 Demetriadem,

385 979 518 1022 quam
540 964 681 1008 eidem
703 963 776 1008 ille
799 963 1019 1024 adjudicat
1037 999 1048 1018 ,
1074 965 1207 1022 ipsius
1229 979 1318 1008 esse
1336 963 1495 1020 Pelagii
1512 963 1557 1006 in
1578 962 1774 1007 confesso

381 1043 460 1078 est.

436 1104 663 1149 Julianum
685 1118 862 1163 quoque
879 1137 890 1158 ,
916 1103 1046 1148 tradit
1071 1104 1234 1149 Marius
1251 1106 1483 1158 Mercator,
1508 1103 1708 1162 pluribus
1725 1102 1769 1146 id

377 1174 498 1217 libris
521 1174 788 1228 defendisse,
810 1173 931 1232 quod
950 1173 1144 1231 Pelagius
1167 1174 1511 1233 dogmatizabat,
1528 1174 1769 1227 hominem,

377 1245 412 1288 si
433 1243 579 1299 vellet,
606 1244 696 1287 sine
731 1253 910 1303 peccato
933 1258 1022 1287 esse
1044 1259 1182 1303 posse.
1209 1247 1305 1298 Qua
1327 1254 1474 1289 tamen
1493 1244 1548 1288 de
1565 1259 1611 1287 re
1630 1243 1769 1288 Julia-

376 1329 458 1357 nus
480 1314 525 1356 in
547 1314 634 1357 suis
651 1313 772 1357 libris
790 1348 800 1368 ,
826 1315 902 1372 qui
926 1312 1104 1372 quidem
1128 1323 1302 1368 extent,
1326 1315 1463 1358 rarius
1482 1313 1693 1374 loquitur.
1716 1316 1772 1357 Et

375 1385 478 1427 hinc
496 1393 733 1442 auguratur
750 1387 774 1428 J
778 1399 938 1428 oannes
957 1386 1190 1429 Garnerius
1210 1385 1313 1429 alios
1328 1385 1452 1428 illum
1472 1385 1653 1429 forsitan
1675 1385 1769 1428 edi-

377 1454 488 1498 disse
516 1474 525 1498 :
551 1470 639 1513 quo
673 1456 801 1498 etiam
835 1463 1093 1513 argumento
1124 1454 1381 1510 adducitur,
1414 1464 1464 1498 ut
1493 1455 1770 1499 definitiones

379 1523 491 1579 illas,
516 1540 624 1583 quas
643 1525 689 1568 in
712 1524 824 1568 libro
845 1523 899 1568 de
913 1524 1180 1583 perfectione
1197 1526 1376 1585 justitiae
1394 1523 1593 1569 confutat
1608 1527 1771 1581 Augus-

378 1594 496 1636 tinus
518 1628 529 1648 ,
562 1594 702 1637 eidem
735 1593 1010 1637 ascribendas
1052 1603 1194 1652 putet.
1230 1597 1541 1638 Verumtamen
1577 1594 1771 1652 Pelagia-

377 1679 485 1707 num
515 1665 649 1707 hocce
671 1664 882 1722 placitum
912 1679 963 1707 eo
1000 1663 1092 1707 solo
1120 1664 1275 1708 nititur
1297 1664 1589 1708 fundamento
1615 1698 1626 1718 ,
1650 1665 1772 1722 quod

377 1733 449 1776 ille
487 1734 716 1777 haereticus
750 1744 952 1778 naturam
985 1734 1225 1778 etiamnum
1258 1749 1383 1793 aeque
1421 1733 1608 1778 validam
1640 1743 1771 1793 atquc

375 1818 524 1847 sanam
547 1818 635 1847 esse
655 1804 703 1847 in
724 1804 927 1847 omnibus
948 1803 1200 1848 hominibus
1219 1839 1230 1859 ,
1258 1813 1389 1863 atque
1405 1804 1450 1847 in
1468 1803 1636 1847 Adamo
1655 1804 1739 1847 fuit
1753 1839 1764 1859 ,

379 1873 675 1917 contendebat
705 1891 715 1919 :
748 1874 793 1917 in
839 1888 929 1933 quo
965 1873 1286 1932 propugnando
1322 1882 1559 1933 perpetuus
1593 1883 1655 1917 est
1689 1876 1710 1917 J
1718 1889 1771 1916 u-

378 1943 533 1987 lianus.

439 2015 553 2058 Huic
575 2013 752 2072 insuper
769 2013 1003 2057 Garnerius
1019 2013 1175 2057 tribuit
1196 2014 1375 2058 latinam
1391 2048 1403 2069 ‚
1428 2029 1560 2074 quam
1583 2014 1771 2059 jacobus

381 2084 636 2128 Sirmondus
665 2099 718 2127 ex
738 2084 928 2143 antiquis
950 2084 1176 2128 codicibus
1203 2085 1316 2129 eruit
1331 2120 1343 2141 ,
1369 2087 1771 2145 interpretationem

376 2153 514 2197 libelli
550 2156 678 2210 fidei,
708 2171 733 2199 a
767 2156 930 2200 Rufino
965 2154 1206 2200 Palaestinae
1241 2158 1472 2216 provinciae
1510 2158 1767 2217 presbytero

378 2239 518 2282 graece
539 2225 701 2283 scripti.
739 2225 886 2269 Alium
909 2225 1059 2270 itidem
1086 2226 1189 2271 fidei
1217 2226 1416 2272 libellum
1438 2228 1573 2273 latine
1595 2243 1770 2287 compo-

377 2294 507 2338 situm
524 2329 535 2348 ,
560 2304 603 2339 et
620 2295 675 2338 ad
694 2296 987 2353 Apostolicam
1008 2296 1155 2341 sedem
1170 2296 1385 2342 directum
1407 2299 1584 2343 nomine
1603 2301 1768 2358 episco-

376 2380 533 2423 porum
571 2363 737 2424 aliquot
765 2365 1154 2420 heterodoxorum,
1190 2368 1266 2426 qui
1296 2368 1458 2426 Pelagii
1491 2383 1539 2412 ac
1575 2369 1767 2413 Coelestii

373 2434 698 2478 damnationem
720 2434 990 2478 subscribere
1021 2435 1311 2480 detrectantes
1333 2447 1571 2496 provocant
1594 2440 1647 2481 ad
1670 2437 1765 2497 ple-

370 2504 535 2547 nariam
565 2504 785 2561 synodum
805 2538 815 2558 ,
847 2505 987 2547 eidem
1019 2506 1183 2549 auctori
1214 2508 1237 2548 J
1245 2505 1389 2551 uliano
1407 2542 1417 2561 ,
1450 2507 1566 2550 haud
1596 2507 1762 2552 levibus

364 2571 576 2631 impulsus
613 2572 876 2628 rationibus,
910 2573 1111 2632 assignat.
1140 2575 1243 2634 Ejus
1266 2576 1455 2636 denique
1482 2576 1643 2634 stylum
1671 2592 1760 2621 non
