1821 3264
259 282 402 308 OPERIS
435 282 609 309 IMPERF.
645 283 803 309 CONTRA
839 286 1006 312 JULIAN.
1044 287 1122 313 Lln.
1163 290 1206 314 11.
1342 277 1424 316 485

53 346 191 400 enim,
220 361 319 389 cum
349 362 438 406 quo
460 348 592 391 homo
619 349 831 400 nascitur,
867 365 952 393 non
984 360 1045 394 est
1068 352 1184 409 quod
1207 353 1244 396 ci
1273 354 1426 411 praeci-

57 426 222 475 piatur,
251 432 332 460 nlst
357 427 403 462 ut
425 426 685 462 renascatur.

110 488 389 531 CCXXXVI.
425 490 649 532 ermrs.
693 490 855 533 Justius
895 490 1199 535 admoneretur
1236 494 1290 536 ab
1327 495 1391 537 his
1415 528 1426 548 ,

49 571 158 616 quos
180 556 412 601 emendare
433 557 664 613 studebat,
686 568 734 602 ut
757 568 968 618 quantum
991 560 1240 618 imperaret,
1267 578 1428 622 expen-

48 627 193 684 derct3
226 637 268 671 et
291 628 417 672 sciret
439 629 626 687 primum
650 644 739 673 esse
772 628 936 673 consilii
959 632 1193 675 constantis
1222 634 1401 689 gradum
1416 668 1427 689 ,

50 698 219 756 imperii
242 698 421 743 modum
445 708 606 743 tenere.
634 702 916 744 Exauctorata
938 701 1100 760 quippe
1122 702 1317 747 doctrina
1341 712 1426 757 est,

49 783 181 827 quam
210 783 300 812 non
330 777 477 813 tuetur
505 770 709 828 aequitas,
745 779 788 814 et
816 771 943 829 plena
977 772 1264 827 auctoritatis,
1300 788 1428 832 quam

43 838 221 897 jnstitiae
248 838 358 883 libra
391 841 682 884 commendat.
710 845 771 885 Ac
804 857 879 899 per
909 842 990 885 hoc
1009 877 1020 895 ,
1050 852 1218 886 constat
1246 847 1431 902 Aposto-

47 910 138 953 lum
157 945 167 963 ,
200 911 485 954 reverendum
517 910 807 955 Ecclesiarum
835 912 1183 967 informatorem,
1219 915 1428 959 rationem

47 980 280 1037 magisterii
295 980 384 1034 sui,
405 981 607 1036 consilio,
625 982 850 1040 aequitate,
871 983 1138 1027 humanitate
1159 984 1428 1039 reddentem,

47 1050 156 1093 nihil
180 1049 233 1093 de
255 1051 442 1094 naturali
476 1053 653 1095 sensisse
676 1061 876 1110 peccato,
905 1052 978 1096 sed
1003 1051 1236 1097 ineul'casso
1254 1089 1263 1107 ,
1295 1064 1344 1097 ut
1366 1069 1431 1097 res

46 1129 137 1164 erat
152 1155 162 1174 ,
181 1129 224 1164 et
239 1121 442 1165 vitiorum
462 1137 537 1164 nos
553 1137 697 1166 servos
716 1123 887 1166 nonnisi
905 1138 979 1180 per
995 1123 1263 1167 voluntatem
1284 1122 1427 1177 fuisse,

47 1201 88 1236 et
106 1191 283 1251 justitiae
310 1207 387 1236 nos
410 1192 560 1236 eadem
583 1209 732 1252 posse,
761 1194 792 1237 si
815 1195 1053 1251 corrigatur
1070 1229 1079 1247 ,
1102 1193 1326 1237 voluntate
1344 1209 1431 1237 ser-

47 1262 149 1305 vire.
178 1263 341 1305 Verum
363 1262 568 1320 quoniam
594 1264 639 1306 in
663 1263 927 1322 expositione
951 1263 1033 1307 loci
1051 1264 1179 1322 hujus
1202 1263 1265 1307 fui
1284 1264 1432 1307 hacte-

45 1346 127 1375 nus
157 1341 418 1391 occupatus,
448 1342 498 1375 ut
531 1334 801 1376 ostenderem
834 1349 910 1392 per
934 1333 1113 1391 apostoli
1148 1334 1267 1376 Pauli
1299 1334 1429 1377 verba

44 1402 308 1447 Manichaeos
337 1402 445 1445 nihil
476 1418 592 1459 posse
626 1403 825 1460 desendi3
852 1403 1078 1462 patuitque
1102 1413 1307 1447 contextu
1332 1420 1428 1447 ora-

47 1474 172 1517 tionis
190 1475 282 1532 ejus
299 1475 473 1529 veritas,
500 1491 629 1535 quam
650 1490 725 1534 per
748 1490 877 1519 omne
895 1474 1113 1518 dictorum
1136 1490 1313 1518 suorum
1331 1490 1430 1518 eor·

44 1560 124 1604 pus
149 1544 378 1604 exequitur
411 1564 419 1589 :
457 1545 524 1589 hic
559 1546 612 1589 sit
643 1544 823 1588 secundi
856 1545 952 1587 finis
974 1543 1133 1600 libelli,
1169 1560 1256 1602 quo
1286 1554 1429 1587 tamen

44 1615 282 1659 necessario
299 1630 627 1659 commonemus
644 1651 654 1670 ,
675 1614 783 1658 nihil
809 1614 1086 1658 Traducianis
1108 1624 1265 1673 praeter
1286 1615 1431 1672 impu-

45 1685 235 1729 dentiam
258 1686 532 1741 remansisse,
553 1686 655 1746 quia
678 1700 779 1729 cum
801 1700 845 1728 se
861 1685 1175 1728 confiterentur
1196 1683 1368 1727 nullum
1386 1685 1431 1726 in

47 1756 211 1800 ratione
227 1756 389 1800 habere
411 1756 659 1816 praesidium
677 1791 687 1810 ,
713 1755 767 1799 de
789 1754 985 1814 Apostoli
1008 1754 1156 1809 dictis,
1182 1769 1282 1813 quae
1304 1767 1431 1812 expo-

47 1827 127 1871 sita
156 1835 284 1882 sunt,
318 1835 458 1870 totum
482 1827 562 1871 sibi
588 1826 790 1871 solatium
817 1824 1098 1869 vindicabant
1125 1843 1134 1868 ε
1160 1833 1204 1868 et
1224 1824 1430 1883 quoniam

48 1897 228 1952 claruit,
256 1897 365 1941 nihil
386 1898 429 1940 in
455 1891 518 1941 his
540 1897 736 1941 deforme
753 1932 763 1951 ,
788 1895 897 1940 nihil
933 1911 1020 1939 non
1044 1894 1260 1938 sanctitati
1289 1903 1332 1937 et
1359 1909 1430 1937 ra-

48 1968 156 2012 tioni
183 1968 455 2012 consentiens
484 1967 616 2012 fuisse
646 1967 977 2026 praescriptum,
1019 1974 1196 2024 apparet
1230 1964 1432 2009 cecidisse

48 2039 304 2082 sententiam
319 2073 329 2090 ‚
370 2054 498 2099 quam
546 2047 588 2082 et
627 2039 734 2082 ratio
776 2052 874 2080 cum
915 2034 1062 2079 multis
1104 2035 1432 2079 auctoritatibus

51 2110 392 2168 Scripturarum,
428 2119 470 2152 et
501 2124 599 2168 quae
623 2111 666 2152 in
690 2112 780 2152 Deo
814 2116 895 2162 est,
936 2105 1085 2164 religio
1116 2105 1432 2150 catholicorum

48 2180 236 2239 promit,
258 2181 400 2239 etjam
424 2181 505 2223 loci
527 2180 646 2223 istius
665 2179 812 2238 opinio
831 2193 919 2222 non
940 2186 1098 2221 tuetur.
1126 2195 1145 2217 »

107 2255 397 2295 Arctsrfflrs.
436 2254 626 2310 Apparet
653 2249 856 2293 omnibus
888 2249 964 2308 qui
997 2263 1101 2291 sano
1130 2247 1269 2305 capite
1302 2254 1432 2304 atque

48 2321 341 2380 intelligenter
372 2323 466 2366 haec
490 2320 666 2380 legunt,
691 2336 791 2365 cum
822 2329 973 2364 contra
997 2317 1155 2372 verba,
1183 2332 1271 2360 non
1301 2315 1434 2373 magis

48 2409 141 2437 mea
160 2428 170 2447 ,
195 2408 325 2452 quam
352 2394 465 2436 beati
487 2391 703 2451 Apostoli,
731 2390 867 2434 multa
889 2400 957 2434 tua
981 2389 1163 2442 diceres,
1185 2386 1293 2429 nihil
1311 2395 1351 2429 te
1369 2386 1431 2429 in-

48 2465 212 2508 venisse
248 2463 367 2523 quod
415 2464 600 2519 diceres3
644 2472 686 2506 et
723 2471 916 2505 tortuoso
945 2460 1127 2518 strepitu
1160 2457 1429 2517 loquacitatis

49 2535 204 2593 egisse,
225 2542 274 2577 ut
295 2534 354 2577 eis
371 2534 446 2592 qui
469 2548 557 2578 non
575 2531 840 2589 intelligunt,
861 2529 1012 2573 dixisse
1029 2527 1191 2588 aliquid
1209 2526 1429 2578 videreris,

97 2615 106 2630 1
132 2608 231 2644 Forte
250 2606 280 2638 iu
302 2608 409 2638 Deam.
