1884 3285
434 260 517 301 314
865 267 899 294 s.
935 262 1167 292 Avensa-nu
1199 263 1383 292 Emscom

438 357 454 378 »
484 335 702 392 Scriptura
733 330 972 384 Pharaoni,
1005 329 1107 388 quia
1128 327 1183 372 ad
1200 329 1284 372 hoc
1304 336 1348 371 te
1370 326 1576 381 excitavi,
1601 336 1651 371 ut
1668 335 1815 371 osten·
1863 322 1872 346 ¹'

436 424 456 447 »
483 404 584 448 dam
613 403 659 446 in
689 410 733 445 te
761 400 968 445 virtutem
995 414 1161 454 meam,
1192 408 1236 442 et
1261 407 1312 442 ut
1345 397 1630 442 annuntietur
1655 412 1816 442 nomen
1863 389 1869 447 ]‘

436 495 457 518 υ
483 489 631 519 meum
649 475 692 517 in
711 473 911 517 universa
929 480 1041 515 terra
1055 472 1086 515 1.
1111 487 1131 511 n
1151 473 1253 514 Post
1272 470 1367 513 haec
1382 469 1437 512 ad
1453 477 1691 528 utrumque
1712 483 1818 513 oon·

435 547 629 591 cluditur
650 563 659 590 ε
688 563 708 586 «
730 547 846 603 Ergo
861 543 986 602 cujus
1003 540 1099 586 vult
1119 542 1368 594 miseretur,
1393 547 1437 582 et
1452 553 1584 598 quem
1605 537 1722 592 vult,
1743 538 1819 583 ob·
1864 529 1870 548 ³

438 637 457 660 »
483 618 613 661 durat
641 634 649 661 ε
678 615 754 659 sed
778 614 1006 659 miseretur
1032 611 1184 672 utique
1215 610 1457 655 secundum
1480 610 1687 668 gratiam,
1719 624 1819 669 quae
1864 604 1868 605 ⁷

437 708 456 731 »
483 688 612 747 gratis
630 686 780 739 datur,
802 701 891 730 non
906 683 1067 728 meritis
1083 682 1328 740 redditur²3
1349 699 1369 722 »
1389 680 1576 726 obdurat
1593 689 1740 724 autem
1754 695 1820 724 se·

435 758 629 805 cundum
641 757 873 818 judicium,
889 755 1012 816 quod
1028 754 1187 798 meritis
1200 752 1412 797 redditur.
1428 755 1491 796 De
1506 767 1642 796 massa
1658 751 1822 812 quippe
1860 764 1862 811 ζ

435 830 640 875 damnata
663 827 805 873 facere
825 842 899 871 vas
921 828 965 871 in
980 827 1211 880 honorem,
1233 823 1462 869 manifesta
1483 832 1547 867 est
1561 823 1694 882 gratia
1719 839 1727 863 :
1753 821 1821 866 fa-

435 917 533 946 cere
547 909 690 944 autem
710 899 813 943 inde
827 913 900 943 vas
918 898 963 941 in
981 896 1290 942 contumeliam
1301 930 1312 950 ,
1332 897 1500 955 justum
1511 893 1725 955 judicium
1741 901 1820 937 est.

497 973 609 1016 Hinc
626 971 713 1030 jam
734 969 964 1030 subjiciens
978 968 1111 1012 verba
1133 982 1302 1021 eorum,
1327 966 1490 1026 quibus
1506 965 1591 1009 hoc
1607 963 1822 1023 displicet,

437 1044 525 1088 ait:
555 1061 575 1084 «
601 1041 716 1086 Dicis
738 1041 887 1100 itaque
917 1039 1049 1093 mihi,
1076 1036 1184 1098 quid
1214 1036 1358 1081 adhuc
1386 1035 1695 1095 conqueritur?
1716 1037 1827 1080 Nam
1867 1030 1871 1039 ”

441 1131 460 1155 »
487 1112 703 1158 voluntati
730 1112 820 1170 ejus
852 1110 947 1170 quis
985 1108 1166 1152 resistit?
1191 1125 1212 1149 »
1246 1110 1420 1167 Eosque
1457 1105 1666 1150 cohibens
1693 1123 1702 1150 z
1738 1125 1758 1148 «
1790 1107 1827 1150 Ο

439 1202 460 1225 »
483 1184 633 1237 homo,
654 1181 815 1240 inquit,
837 1189 886 1224 tu
907 1179 1004 1239 quis
1023 1194 1065 1222 es
1087 1179 1162 1238 qui
1185 1176 1444 1237 respondeas
1461 1177 1584 1221 Deo?
1605 1175 1829 1235 Numquid

441 1272 461 1295 »
487 1253 592 1297 dicit
614 1253 873 1311 figmentum
891 1251 929 1294 ei
951 1250 1027 1309 qui
1048 1264 1091 1292 se
1106 1248 1248 1303 finxit,
1273 1247 1392 1301 Quid
1403 1262 1474 1291 me
1489 1246 1629 1292 fecisti
1651 1247 1739 1292 sic?
1761 1249 1829 1290 An
1864 1253 1866 1257 “

443 1345 460 1365 »
483 1339 571 1369 non
593 1323 726 1367 habet
747 1330 1006 1381 potestatem
1027 1320 1189 1380 figulus
1210 1318 1318 1374 luti,
1349 1334 1400 1362 ex
1422 1318 1574 1363 eadem
1602 1333 1738 1362 massa
1769 1317 1829 1361 fa-
1871 1352 1873 1354 .

444 1417 462 1437 »
489 1410 585 1439 cere
608 1393 726 1438 aliud
747 1392 925 1454 quidem
948 1407 1021 1436 vas
1053 1392 1097 1435 in
1126 1392 1361 1445 honorem,
1394 1389 1514 1434 aliud
1541 1389 1587 1434 in
1607 1398 1831 1434 contume—
1869 1445 1871 1447 ῃ

441 1484 461 1507 »
487 1465 589 1510 liam
603 1467 648 1507 3?
664 1484 683 1506 »
710 1465 823 1508 Vide
843 1464 980 1508 sinon
1003 1471 1214 1507 consonat
1235 1460 1531 1520 superioribus
1547 1460 1633 1505 suis
1647 1494 1659 1516 ,
1682 1469 1724 1503 et
1741 1457 1831 1503 dis-

438 1538 569 1581 sentit
597 1553 620 1580 a
653 1536 739 1580 tuis
773 1554 782 1580 z
811 1535 888 1595 qui
922 1543 1049 1594 putas
1082 1534 1166 1577 hoc
1199 1531 1370 1577 dictum
1403 1530 1644 1576 secundum
1678 1531 1832 1574 merita

440 1606 733 1662 voluntatum,
751 1614 903 1651 contra
919 1605 966 1648 id
983 1603 1103 1664 quod
1118 1604 1208 1662 ipse
1223 1603 1298 1657 ait,
1324 1604 1473 1647 «Cum
1495 1602 1612 1645 enim
1634 1600 1833 1646 nondum

444 1698 462 1719 n
489 1679 578 1722 nati
606 1687 770 1734 essent,
801 1692 882 1721 nec
910 1675 1078 1735 aliquid
1103 1675 1290 1734 egissent
1317 1674 1423 1718 boni
1450 1672 1521 1718 vel
1541 1672 1669 1728 mali,
1695 1681 1745 1716 ut
1767 1687 1834 1717 se-

444 1768 462 1790 »
487 1748 684 1793 cundum
714 1748 972 1792 electionem
1000 1746 1272 1805 propositum
1302 1745 1380 1788 Dei
1410 1753 1634 1798 maneret,
1665 1759 1754 1788 non
1783 1759 1834 1787 ex

444 1838 463 1860 »
488 1819 716 1877 operibus,
739 1817 816 1862 sed
834 1833 884 1861 ex
899 1825 1085 1862 vocante
1107 1816 1275 1859 dictum
1299 1824 1379 1870 est,
1401 1815 1504 1874 quia
1525 1815 1661 1874 major
1678 1814 1834 1858 serviet

447 1911 463 1931 »
490 1890 674 1933 minori⁴
695 1907 704 1933 z
728 1907 748 1930 »
775 1897 819 1932 et
840 1896 993 1932 contra
1014 1886 1060 1930 id
1082 1887 1204 1946 quod
1220 1887 1310 1946 ipse
1334 1886 1410 1940 ait,
1435 1904 1456 1927 «
1479 1885 1618 1944 Igitur
1642 1900 1733 1929 non
1754 1900 1833 1929 vo-

444 1978 463 2001 »
484 1959 612 2003 lentis
629 1995 640 2014 ,
667 1974 812 2019 neque
835 1957 1070 2012 currentis,
1095 1956 1171 2001 sed
1192 1956 1435 2001 miserentis
1456 1965 1520 2000 est
1544 1955 1666 2000 Dei⁵.
1702 1974 1721 1996 »
1747 1957 1834 2001 Nec

443 2030 584 2075 solum
602 2039 753 2075 contra
769 2031 865 2073 haec
886 2044 986 2089 quae
1003 2036 1320 2088 praecesserunt
1332 2062 1344 2082 ,
1361 2042 1515 2072 verum
1532 2028 1663 2072 etiam
1683 2036 1835 2071 contra
1868 2031 1872 2085 ᾗ

440 2101 515 2146 illa
533 2118 632 2161 quae
649 2102 993 2161 subsequuntur.
1008 2102 1119 2144 Vasa
1144 2100 1307 2160 quippe
1327 2099 1403 2143 irae
1419 2098 1526 2143 dicit
1540 2100 1574 2155 ⁶,
1606 2114 1705 2158 quae
1733 2107 1836 2142 sunt

443 2172 632 2233 perfecta
653 2173 699 2216 in
719 2172 1033 2232 perditionem,
1057 2170 1178 2232 quod
1197 2171 1409 2230 injustum
1431 2179 1565 2226 esset,
1590 2170 1670 2214 nisi
1692 2168 1836 2214 omni·
1866 2204 1867 2207 ,

444 2245 525 2289 bus
553 2260 603 2288 ex
623 2259 714 2288 uno
731 2243 775 2287 in
797 2242 1208 2287 condemnationem
1228 2241 1504 2286 venientibus
1517 2242 1609 2301 jam
1631 2240 1834 2284 damnata

446 2331 581 2361 massa
604 2316 739 2359 esset⁷
769 2334 778 2359 z
798 2317 855 2359 Et
881 2330 981 2359 vasa
1013 2314 1118 2358 dicit
1141 2312 1473 2365 misericordiae,
1497 2328 1598 2372 quae
1618 2327 1835 2371 praepara-
1866 2324 1871 2348 *·

444 2387 506 2431 vit
522 2387 567 2429 in
592 2386 772 2445 gloriam
797 2403 806 2429 :
836 2383 891 2429 ad
918 2383 1257 2428 misericordiam
1286 2384 1446 2444 quippe
1468 2382 1724 2441 gratuitam,
1746 2397 1834 2426 non

446 2457 662 2512 debitam,
682 2456 871 2516 pertinet
894 2455 949 2499 de
972 2469 1110 2499 massa
1132 2455 1336 2498 damnata
1350 2469 1449 2498 vasa
1460 2453 1505 2497 in
1523 2452 1702 2512 gloriam
1723 2468 1836 2513 praeu

496 2565 502 2581 ¹
526 2561 619 2590 Rom.
637 2569 682 2598 lx,
707 2569 758 2600 ¹7·
771 2575 813 2581 —
829 2563 843 2579 2
863 2557 946 2590 Ibid.
973 2557 1024 2589 ιδ.
1039 2554 1107 2580 ——3
1126 2555 1209 2588 Ibid.
1237 2566 1276 2598 19
1295 2561 1326 2587 et
1344 2565 1433 2598 seqq.
1446 2553 1515 2584 -4
1529 2554 1610 2587 Ibid.
1636 2567 1646 2587 ι
1659 2566 1671 2587 ι
1695 2558 1728 2588 et
1743 2565 1831 2597 seqq.
1867 2576 1869 2582 Α

447 2631 488 2637 —-
501 2611 517 2636 ⁵
534 2613 614 2646 Ibid.
639 2612 692 2644 16·
709 2630 748 2637 -
761 2611 777 2635 6
795 2612 877 2645 Ibid.
896 2621 938 2645 22
959 2617 991 2644 et
1011 2612 1066 2644 023.
1081 2629 1121 2634 —-
1133 2619 1146 2644 7
1164 2611 1247 2643 Beda
1268 2615 1300 2642 et
1319 2610 1426 2642 Florus
1440 2610 1479 2642 ad
1498 2612 1588 2642 Rom.
1610 2620 1653 2641 1x.
