1884 3285
441 244 524 283 404
880 256 912 283 s.
949 258 1178 286 Aret-snm
1212 260 1390 288 emscom

438 319 506 362 nia
529 353 538 373 ,
565 328 608 362 et
624 319 906 364 multitudine
927 336 1002 365 sua
1021 322 1291 382 redarguunt
1308 324 1445 368 multa
1462 334 1505 369 et
1527 326 1671 371 inania
1687 329 1818 374 verba
1868 333 1873 364 ἲ

435 397 525 432 tua.
556 390 597 433 Si
620 398 765 433 autem
788 392 1028 435 secundum
1048 393 1303 452 Apostolum
1317 430 1327 449 ,
1348 396 1459 440 sicut
1477 407 1605 455 putas
1619 433 1630 452 ‚
1648 397 1818 444 nullum

432 457 641 503 delictum
655 460 820 504 habent
835 460 1005 520 parvuli
1019 482 1029 519 3
1051 464 1168 508 unde
1185 480 1286 523 ergo
1302 466 1542 511 secundum
1561 467 1818 527 Apostolum

431 530 592 574 mortui
614 533 747 574 sunt?
769 533 880 584 Quia
903 542 946 577 et
966 534 1206 579 secundum
1229 545 1272 580 te
1289 571 1299 591 ‚
1326 537 1454 581 etiam
1479 553 1558 598 pro
1582 539 1683 598 ipsis
1700 555 1818 584 mor-

433 609 534 645 tuus
564 609 627 644 est
654 601 848 646 Christus
883 622 890 647 :
927 622 947 646 «
975 606 1095 649 Unus
1132 606 1247 649 enim
1271 622 1350 666 pro
1385 608 1588 653 omnibus
1621 619 1819 656 mortuus

434 689 454 712 »
480 680 543 716 est
560 674 596 729 ¹3
623 689 644 713 »
672 687 773 731 ergo
795 689 946 718 omnes
968 676 1130 719 mortui
1153 685 1254 721 sunt
1281 696 1289 721 :
1316 687 1358 722 et
1379 693 1458 737 pro
1476 679 1679 724 omnihus
1700 695 1818 726 mor·

429 751 531 787 tuus
559 752 638 798 est,
673 744 874 801 Jnhane,
915 761 1005 791 non
1034 747 1117 792 hoc
1147 750 1443 808 Augustinus,
1482 750 1557 795 sed
1587 752 1819 811 Apostolus

430 812 559 871 dixit3
583 814 671 858 imo
689 814 779 874 ipse
799 829 877 874 per
893 831 1021 861 suum
1040 818 1300 877 Apostolum
1317 820 1513 866 Christus
1531 839 1542 867 ι
1562 822 1718 866 cohibe
1735 831 1778 866 te
1795 837 1819 867 a

430 883 683 943 vaniloquio
699 921 709 940 ,
735 886 842 930 cede
866 890 969 932 Deo.

488 957 732 1000 CXXXIV.
769 960 996 1003 JruAm-s.
1038 977 1059 1001 «
1094 961 1276 1004 Constat
1299 961 1368 1006 hic
1402 963 1535 1021 igitur
1563 964 1819 1023 magistrum

427 1025 621 1083 gentium
656 1042 745 1070 non
773 1028 828 1071 de
861 1029 1139 1073 nascentibus
1167 1028 1434 1089 disputasse,
1459 1033 1534 1077 sed
1563 1033 1618 1077 de
1650 1033 1717 1078 his
1743 1033 1819 1093 qui
1878 1075 1879 1078 ,

425 1095 513 1154 jam
537 1105 661 1140 motu
685 1098 872 1157 propriae
894 1099 1130 1143 voluntatis
1153 1109 1354 1144 utuntur.
1384 1120 1405 1142 »
1851 1097 1854 1108 ’

485 1168 778 1211 Ancnsnms.
814 1168 969 1227 Digere
993 1169 1216 1228 crapulam
1248 1173 1562 1227 contentionis,
1589 1182 1632 1217 et
1664 1188 1818 1233 exper-
1852 1165 1854 1179 '

426 1234 608 1291 giscere‚
634 1245 677 1280 et
699 1236 893 1296 intellige
911 1237 1141 1294 delictum,
1167 1249 1210 1284 et
1227 1241 1357 1285 unius
1375 1277 1385 1296 ,
1407 1251 1450 1287 et
1470 1259 1632 1299 unum,
1653 1245 1708 1288 de
1730 1260 1818 1304 quo
1852 1285 1866 1305 s

424 1304 591 1349 dictum
624 1315 687 1351 est
720 1326 729 1351 ι
772 1326 792 1349 «
821 1308 862 1352 Si
890 1308 1006 1353 enim
1034 1310 1091 1353 ob
1120 1310 1249 1354 unius
1273 1310 1482 1357 delictum
1507 1313 1633 1357 multi
1658 1314 1820 1358 mortui

428 1392 448 1415 »
480 1378 610 1420 sunt²
636 1396 644 1421 ε
674 1395 693 1418 »
719 1378 849 1422 multi
871 1380 1033 1439 quippe
1056 1380 1125 1424 isti
1149 1381 1231 1440 ipsi
1255 1391 1357 1426 sunt
1385 1399 1556 1440 omnes,
1581 1384 1636 1428 de
1657 1385 1818 1445 quibus
1862 1406 1865 1410 ·

423 1445 506 1491 alio
530 1446 625 1492 loco
648 1447 752 1493 dicit
774 1468 782 1494 :
812 1469 832 1491 «
855 1451 975 1495 Sicut
996 1451 1043 1495 in
1065 1451 1204 1496 Adam
1227 1468 1377 1499 omnes
1399 1456 1671 1500 moriuntur3
1696 1475 1704 1501 :
1728 1474 1748 1497 »
1775 1465 1818 1501 et
1860 1477 1861 1494 ι
1882 1480 1884 1482 ·

422 1517 484 1561 ibi
506 1518 671 1563 videbis
699 1530 741 1564 et
762 1521 968 1580 parvulos
986 1557 996 1577 ‚
1027 1524 1129 1582 quia
1153 1533 1195 1568 et
1226 1540 1305 1584 pro
1336 1527 1458 1585 ipsis,
1485 1536 1527 1571 te
1549 1528 1786 1572 confitente
1803 1563 1814 1583 ‚

424 1599 623 1634 mortuus
638 1600 702 1635 est
718 1593 914 1638 Christus
935 1613 943 1638 2
963 1594 1116 1654 utique
1133 1611 1233 1640 cum
1251 1597 1427 1642 dixisset
1445 1598 1695 1657 Apostolus,
1715 1600 1817 1659 quia
1854 1656 1856 1668 Ι

425 1675 540 1705 unus
562 1677 640 1720 pro
661 1663 866 1708 omnibus
889 1675 1086 1709 mortuus
1104 1675 1188 1721 est,
1214 1668 1423 1713 continuo
1446 1670 1555 1729 quid
1577 1670 1816 1715 necessario
1853 1669 1857 1681 '

426 1742 702 1791 sequeretur,
729 1733 920 1778 ostendit
942 1734 1089 1779 dicens
1112 1755 1120 1780 ε
1153 1755 1171 1778 «
1194 1739 1309 1795 Ergo
1331 1753 1481 1783 omnes
1496 1741 1659 1785 mortui
1681 1750 1783 1786 sunt
1801 1775 1812 1796 ,
1862 1747 1864 1752 '

431 1819 452 1842 »
480 1811 522 1845 et
550 1818 629 1861 pro
655 1804 858 1848 omnibus
880 1814 1080 1850 mortuus
1105 1815 1168 1850 est
1185 1808 1217 1850 4.
1248 1826 1268 1849 »

486 1874 706 1918 CXXXV.
743 1877 970 1920 JcLlANL's.
1012 1896 1030 1918 «
1065 1880 1163 1921 Jam
1194 1893 1298 1923 vero
1326 1881 1446 1940 quod
1481 1881 1647 1927 addidit
1673 1886 1815 1941 Apos-
1854 1916 1858 1950 3

428 1942 543 1987 tolus
561 1979 571 1999 ,
600 1962 620 1985 »
659 1962 678 1986 «
703 1945 823 1990 Sicut
846 1947 974 1990 unius
997 1946 1205 1992 delictum
1229 1949 1275 1992 in
1297 1966 1447 1995 omnes
1469 1951 1523 1996 ad
1545 1953 1815 1998 condemna·
1854 1962 1859 1998 ἓ

430 2030 452 2053 ))
477 2014 661 2069 tionem,
685 2014 743 2059 ita
767 2025 810 2059 et
831 2032 908 2075 per
929 2018 1057 2061 unius
1073 2019 1284 2077 justitiam
1304 2020 1349 2064 in
1371 2036 1520 2066 omnes
1542 2023 1739 2067 homines
1761 2022 1816 2068 ad
1855 2065 1858 2080 ,

432 2100 453 2123 »
473 2084 880 2143 justificationem,
905 2105 925 2127 »
960 2097 1131 2132 tantum
1153 2089 1245 2148 opis
1275 2090 1469 2150 impertit
1490 2092 1639 2148 nobis,
1670 2109 1814 2153 quan·
1855 2085 1858 2091 ¹

429 2161 524 2197 tum
546 2155 591 2198 in
624 2156 782 2214 dogma
809 2168 935 2202 tuum
971 2168 1115 2203 movet
1138 2159 1334 2219 fragoris.
1372 2165 1542 2207 Ponens
1575 2163 1738 2223 quippe
1769 2165 1816 2209 in
1855 2190 1858 2229 3

429 2225 654 2268 contrariis
680 2227 875 2284 partibus
899 2243 1070 2284 omnes,
1099 2231 1261 2289 quibus
1281 2232 1422 2276 verbis
1450 2249 1538 2278 non
1562 2243 1704 2293 potest
1724 2234 1813 2279 ulla

427 2307 517 2337 esse
539 2295 790 2354 conjunctio
813 2297 867 2340 ad
893 2298 1213 2357 Scripturarum
1236 2316 1313 2345 nos
1337 2317 1503 2346 morem
1531 2304 1712 2349 remittit
1727 2339 1737 2359 ‚
1764 2314 1814 2349 ut
1856 2315 1859 2364 j

426 2363 721 2424 intelligamus
749 2381 899 2411 omnes
931 2368 1017 2412 dici
1046 2370 1183 2414 solere
1205 2387 1282 2430 pro
1308 2373 1470 2417 multis.
1505 2377 1612 2419 Nam
1645 2377 1688 2419 in
1721 2375 1813 2435 ipsa
1856 2369 1860 2380 ⁵

427 2433 572 2480 fronte
591 2438 826 2481 verborum
844 2452 1000 2497 magna
1019 2439 1236 2485 barbaries
1257 2451 1342 2499 θεῖς
1363 2442 1438 2502 qui
1459 2444 1572 2488 enim
1591 2460 1741 2490 omnes
1756 2445 1812 2490 ad
1856 2467 1859 2510 3

1873 898 1878 927 ψ.
1867 699 1880 874 “·Ὰ,“
1869 629 1876 657 *-

475 2543 481 2558 ¹
505 2547 523 2569 2
551 2540 624 2570 Cor.
656 2550 688 2580 v,
716 2538 750 2580 ιζ,
775 2543 807 2571 et
832 2539 881 2571 16.
904 2556 936 2562 —
957 2547 969 2563 ²
991 2543 1084 2574 Rom.
1107 2554 1137 2584 v,
1169 2543 1217 2574 15.
1234 2542 1300 2566 -3
1332 2556 1343 2575 1
1365 2546 1438 2577 Cor.
1460 2557 1512 2588 xv,
1537 2556 1589 2579 22.
1608 2546 1679 2576 -4
1697 2556 1715 2580 2
1734 2548 1806 2580 Cor.

428 2589 467 2632 14
486 2595 518 2624 et
541 2592 587 2625 15.
608 2610 644 2617 κ-
661 2591 675 2616 ⁵
693 2596 785 2627 Rom.
805 2606 839 2635 v,
863 2606 902 2638 ¹9
