1821 3264
251 318 395 347 oratus
427 313 600 342 IMPERF.
634 310 797 340 coerA
830 309 998 338 sunnis.
1035 309 1116 337 Lm.
1154 308 1201 334 11.
1339 293 1424 333 455

45 387 115 434 vel
146 386 227 431 tibi
259 383 415 428 debeat
437 394 528 424 esse
553 376 673 438 quod
706 376 912 430 dicimus,
945 376 1198 418 innocentes
1228 369 1429 414 videlicet

49 467 148 504 ante
169 455 355 517 propriae
377 448 615 497 voluntatis
642 463 792 502 usum,
818 445 928 491 rude
951 459 1059 504 opus
1084 444 1184 498 Dei,
1217 457 1306 486 non
1327 455 1431 500 pec-

49 544 164 595 c‘asse
185 529 229 572 in
254 525 392 571 Adam
407 558 418 579 ,
438 520 634 583 quando,
654 517 862 579 Apostolo
883 524 991 561 teste
1009 549 1021 570 ,
1040 514 1167 558 etiam
1183 512 1237 557 de
1253 511 1429 571 iniquis,

51 601 128 661 qui
149 600 194 643 in
212 594 494 642 similitudine
515 588 880 652 praevaricationis
903 586 1010 632 Adae
1031 599 1120 630 non
1139 582 1403 643 deliquerint
1418 614 1430 636 ‚

49 669 224 732 plurimi
243 683 333 712 esse
349 665 574 711 doceatur.

111 745 402 787 Accusrmcs.
431 739 526 781 Jam
549 746 803 792 responsum
828 738 892 774 est
918 747 927 774 :
954 741 1063 787 opus
1085 733 1149 770 est
1175 733 1225 768 ut
1257 732 1398 767 taceas
1424 739 1434 764 :

52 829 155 859 nam
183 827 273 856 non
306 818 427 870 potes
459 807 539 851 nisi
575 818 773 865 perversa
808 801 972 853 dicere,
1014 794 1214 842 conando
1244 790 1439 853 Apostoli

55 886 186 932 verba
206 890 465 944 pervertere.
485 877 565 922 Ille
579 876 713 929 enim,
729 883 772 918 et
787 874 832 916 in
845 887 916 917 eos
933 870 1007 931 qui
1021 884 1111 913 non
1131 871 1438 927 peccaverunt,

56 957 102 1001 id
124 965 208 1011 est,
235 950 437 1013 parvulos
457 957 633 1009 peccata
662 944 836 1005 propria
857 957 946 986 non
977 940 1210 991 habentes,
1247 934 1353 978 dixit
1374 941 1442 977 ta-

57 1042 157 1072 men
191 1037 391 1083 regnasse
426 1027 612 1064 mortem
639 1016 686 1060 in
717 1010 1041 1058 similitudinem
1085 1002 1446 1066 praevaricationis

60 1097 183 1152 Adae,
208 1097 284 1157 qui
304 1103 367 1138 est
387 1092 528 1137 forma
547 1087 685 1133 futuri
704 1104 713 1131 ι
732 1084 833 1145 quia
850 1083 909 1127 ita
925 1080 1122 1127 Christus
1144 1076 1299 1136 trajicit
1320 1074 1364 1117 in
1377 1087 1448 1116 eos

55 1169 264 1232 justitiam
283 1201 294 1221 ,
314 1166 423 1209 sicut
447 1161 586 1207 Adam
607 1165 859 1220 peccatum,
877 1154 935 1198 ita
952 1151 1148 1197 Christus
1169 1148 1301 1191 vitam
1315 1180 1326 1200 ,
1340 1144 1451 1189 sicut

62 1240 202 1286 Adam
230 1245 430 1281 mortem.
460 1231 671 1291 Alioquin
691 1244 714 1272 a
736 1226 877 1272 forma
898 1222 1058 1270 Christi
1081 1219 1208 1265 alieni
1234 1224 1383 1270 erunt,
1409 1221 1453 1258 et

63 1308 299 1358 Christiani
329 1322 420 1352 non
453 1312 608 1349 erunt:
644 1299 766 1362 quod
787 1297 966 1358 quidem
987 1291 1174 1346 sentitis,
1200 1288 1276 1334 sed
1308 1293 1455 1347 aperte

65 1384 209 1428 dicere
228 1377 488 1425 formidatis.

125 1453 278 1498 CCIV.
300 1453 528 1495 JULIANt‘s.
559 1463 579 1487 «
607 1442 692 1489 Sed
711 1440 936 1487 videamus
959 1444 1002 1480 et
1022 1441 1192 1479 caetera.
1223 1448 1242 1470 «
1267 1427 1351 1474 Sed
1368 1440 1460 1470 non

72 1545 92 1568 »
118 1526 232 1569 sicut
254 1522 480 1574 delictum,
500 1519 560 1561 ita
579 1515 714 1575 gratia
734 1531 744 1558 ε
764 1512 798 1556 si
814 1509 992 1555 enimin
1005 1506 1135 1550 unius
1157 1501 1318 1546 delicto
1334 1495 1460 1542 multi

74 1615 94 1639 η
120 1595 282 1640 mortui
305 1601 406 1637 sunt
424 1625 433 1643 ,
458 1588 599 1632 multo
613 1585 749 1643 magis
771 1581 907 1641 gratia
930 1578 1009 1623 Dei
1030 1585 1074 1619 et
1090 1575 1257 1618 donum
1272 1605 1283 1625 ,
1303 1571 1350 1612 in
1372 1583 1465 1626 gra-

75 1687 95 1712 »
117 1668 174 1712 tia
199 1666 327 1710 unius
349 1660 538 1707 hominis
557 1661 662 1702 Jesu
675 1654 836 1701 Christi
851 1687 862 1706 ,
888 1652 934 1694 in
956 1648 1101 1708 plures
1134 1640 1413 1688 abundavit1.
1442 1655 1463 1678 »

77 1736 279 1797 Superari
307 1734 414 1778 dicit
440 1731 600 1774 malum
638 1725 785 1770 delicti
809 1721 932 1781 copia
954 1718 1126 1777 gratiae3
1151 1723 1193 1758 et
1220 1724 1369 1756 eorum
1391 1707 1469 1768 qui

76 1809 296 1855 salvantur
321 1817 551 1849 numerum
575 1799 676 1853 illis,
699 1810 807 1856 quos
829 1787 1182 1853 praevaricatione
1204 1782 1379 1843 periisse
1400 1793 1469 1823 as-

78 1882 150 1936 rit‚
178 1876 419 1937 anteponit.
450 1892 470 1915 »

141 1947 554 1996 AUGU5T1N1·S,Jam
587 1954 700 2000 saepe
729 1936 916 1981 diximus
949 1951 958 1977 z
990 1944 1080 1975 non
1110 1928 1169 1972 ait
1195 1924 1363 1985 plures,
1399 1920 1476 1965 sed

83 2023 243 2069 multos
259 2042 271 2080 3
291 2035 372 2064 nec
394 2016 528 2074 magis
547 2012 729 2065 multos,
746 2007 821 2054 sed
836 2004 970 2063 magis
985 1997 1225 2046 abundavit
1241 2014 1250 2040 :
1266 1992 1476 2054 quoniam

85 2098 130 2140 in
153 2104 364 2139 aeternum
389 2087 547 2133 victuri
586 2092 716 2137 sunt,
755 2081 802 2124 in
831 2091 941 2139 quos
975 2071 1146 2118 transiit
1176 2068 1262 2113 vita
1293 2062 1476 2119 Christi3

88 2167 249 2227 quibus
272 2162 327 2207 ad
342 2171 514 2219 tempus
531 2155 685 2200 nocuit
703 2166 818 2196 mors
839 2152 884 2192 in
904 2161 977 2192 eos
993 2142 1204 2190 transiens
1217 2153 1294 2198 per
1309 2136 1476 2181 Adam:

90 2253 190 2282 ecce
213 2231 437 2296 quomodo
449 2228 590 2274 multo
603 2224 736 2283 magis
755 2223 800 2266 in
823 2235 894 2265 eos
908 2214 1148 2262 abundavit
1170 2210 1326 2270 gratia,
1347 2217 1480 2266 quam

124 2317 335 2354 eecatum.

91 2325 120 2407 P
151 2381 279 2425 CCV.
307 2379 536 2421 erAm-s.
568 2389 587 2412 «
625 2368 668 2413 Si
689 2364 917 2411 veritatem
947 2354 1143 2419 Apostoli
1170 2350 1311 2398 verbis
1339 2344 1482 2392 vindi-

95 2467 182 2506 cas,
204 2464 285 2493 nec
313 2461 414 2491 eum
445 2440 727 2503 impudenter
759 2443 887 2495 putas
921 2430 1051 2474 fuisse
1080 2422 1340 2474 mentitum,
1375 2415 1484 2460 doce

96 2517 471 2583 quemadmodum
486 2513 541 2557 de
559 2508 747 2555 naturali
767 2511 947 2565 peccato
974 2495 1136 2542 dicenti
1158 2494 1252 2537 haec
1271 2485 1485 2534 sententia

98 2608 188 2638 non
210 2588 394 2634 incutiat
407 2584 595 2645 publicae
618 2576 814 2624 falsitatis
830 2571 1059 2632 pudorem.
1085 2567 1194 2611 Nam
1216 2562 1250 2608 si
1267 2567 1377 2606 esset
1396 2555 1485 2602 ori'-

149 2685 159 2701 ¹
178 2679 271 2709 Rom.
292 2685 325 2715 v,
347 2671 400 2705 15.
