1884 3285
442 263 523 301 472
885 285 918 311 s.
954 284 1184 314 Aversa-nvi
1216 290 1398 319 EPISCOPI

441 357 460 379 »
487 339 597 383 sicut
632 345 827 400 regnavit
856 359 1079 405 peccatum
1114 352 1158 395 in
1189 363 1368 399 mortem
1388 391 1399 411 ‚
1424 358 1481 402 ita
1508 361 1642 418 gratia
1670 373 1818 422 regnet

439 425 459 450 n
484 424 560 468 per
577 411 786 470 justitiam
806 416 851 459 in
872 419 1007 463 vitam
1028 430 1233 468 aeternam
1251 427 1279 468 ¹.
1312 443 1331 466 »

492 481 783 529 Aucusrnws.
820 488 1038 546 Originale
1066 503 1292 551 peccatum
1314 511 1403 541 non
1432 498 1607 558 quidem
1632 511 1729 560 post
1753 502 1816 547 le-

431 563 525 606 gem
545 553 680 597 crevit
699 572 707 598 :
727 556 802 599 sed
821 565 965 603 tamen
984 560 1052 604 lex
1068 562 1196 607 etiam
1215 565 1375 623 ipsum,
1395 568 1516 627 cujus
1534 569 1815 616 abolitionem

429 619 756 670 circumcisione
780 627 957 674 infantis
985 632 1269 691 significaret,
1295 638 1461 684 invenit
1482 659 1491 685 z
1517 640 1628 686 sicut
1650 642 1815 688 invenit

429 690 559 735 etiam
582 705 758 752 peccata
780 698 1037 756 ignorantiae
1054 737 1065 757 ,
1086 720 1184 763 quae
1206 721 1286 751 nec
1307 708 1396 767 ipsa
1422 708 1521 754 data
1547 711 1642 770 lege
1663 727 1813 759 creve—

427 770 530 806 runt
547 783 557 819 3
579 764 758 822 quando
776 769 953 827 quidem
972 774 1114 831 potius
1132 775 1221 834 ipsa
1236 778 1478 835 ignorantia
1497 780 1711 828 diminuta
1728 793 1807 840 est,

423 832 527 889 quia
548 833 724 880 scientia
741 836 847 897 legis
864 843 1053 888 accessit.
1080 845 1164 890 Sed
1187 858 1412 905 peccatum
1428 885 1439 906 ,
1465 851 1556 896 sine
1573 869 1661 912 quo
1683 869 1811 900 nemo

423 903 637 960 nascitur,
656 907 791 953 crevit
812 911 1048 959 voluntatis
1070 931 1241 962 accessu
1257 953 1268 975 ,
1287 920 1483 979 originali
1499 925 1810 984 concupiscen-

422 971 480 1016 tia
503 975 702 1022 trahente
718 983 936 1038 peccantis
960 1000 1195 1031 assensum.
1217 990 1472 1036 Abundavit
1493 1003 1638 1039 autem
1654 1011 1808 1054 pecca—

420 1050 513 1087 tum
528 1079 539 1100 ,
572 1046 616 1091 id
639 1057 724 1104 est,
761 1051 887 1097 nimis
909 1055 1044 1099 crevit
1060 1089 1071 1110 ,
1097 1066 1245 1115 postea
1273 1075 1404 1119 quam
1427 1077 1503 1120 per
1524 1063 1666 1123 legem
1694 1067 1806 1112 facta

419 1122 482 1157 est
501 1118 690 1174 cognitio
714 1123 882 1178 peccati
899 1158 910 1178 ,
939 1133 982 1168 et
1003 1127 1140 1186 coepit
1168 1129 1297 1173 etiam
1326 1135 1680 1190 praevaricatione
1702 1153 1805 1198 pec-

416 1183 544 1228 eari‘2.
571 1187 699 1238 Quod
728 1190 763 1233 si
784 1191 924 1237 velitis
952 1193 1176 1241 advertere
1195 1233 1206 1253 ,
1238 1209 1281 1244 et
1303 1203 1576 1262 acquiescere
1604 1208 1801 1265 veritati,

415 1252 535 1298 nulla
557 1259 808 1306 necessitate
830 1266 1073 1322 cogemini,
1098 1278 1245 1328 aperte
1266 1272 1476 1331 Apostolo
1505 1278 1804 1324 contradicere

416 1321 648 1383 clamanti,
684 1348 703 1372 «
736 1334 818 1376 Per
854 1349 991 1379 unum
1026 1337 1249 1384 hominem
1283 1353 1510 1402 peccatum
1554 1347 1731 1394 intravit
1758 1350 1803 1396 in

414 1412 434 1434 »
461 1399 703 1457 mundum,
730 1412 772 1447 et
794 1420 872 1464 per
893 1417 1121 1466 peccatum
1151 1426 1292 1469 mors,
1323 1423 1366 1459 et
1393 1416 1451 1461 ita
1476 1417 1522 1462 in
1545 1433 1694 1464 omnes
1719 1422 1799 1466 ho-

413 1483 433 1506 »
460 1468 597 1515 mines
619 1476 910 1530 pertransiitss.
941 1497 960 1519 »
994 1479 1074 1525 Illo
1098 1483 1213 1527 enim
1237 1484 1430 1543 dicente,
1456 1492 1703 1547 pertransiit
1724 1507 1801 1551 per

409 1550 581 1596 omnes,
607 1557 707 1588 cum
730 1561 804 1590 vos
826 1563 914 1592 non
933 1564 1010 1608 per
1032 1566 1181 1597 omnes
1203 1558 1484 1614 pertransisse
1499 1559 1640 1606 dicitis
1654 1597 1665 1617 ,
1690 1563 1799 1622 quid

407 1610 528 1656 aliud
545 1628 676 1672 quam
692 1618 902 1674 Apostolo
917 1623 1241 1670 contradicitis?
1257 1636 1299 1670 et
1321 1628 1355 1671 si
1378 1630 1589 1689 Apostolo
1605 1667 1616 1687 ‚
1642 1634 1797 1694 utique

407 1682 596 1728 Christo.
623 1687 739 1737 Quid
761 1703 864 1747 ergo
891 1692 1135 1749 miramini,
1161 1696 1281 1755 quod
1309 1699 1585 1746 abominatur
1615 1720 1691 1749 vos
1712 1707 1796 1751 Ec-

406 1752 533 1796 clesia
562 1754 747 1812 Christi,
785 1759 862 1817 qui
896 1763 1119 1808 sententiis
1149 1765 1382 1813 lethalibus
1416 1772 1566 1818 vestris
1600 1774 1794 1821 infirmos

404 1821 607 1879 parvulos
643 1826 901 1873 subtrahere
937 1834 1155 1878 conamini
1181 1838 1508 1887 medicamentis
1543 1844 1793 1892 salubribus

404 1891 595 1936 Christi?

463 1965 683 2011 CCXXII.
710 1970 937 2017 qumus.
970 1992 990 2016 «
1027 1976 1178 2034 Aperit
1210 1993 1255 2022 se
1283 1981 1516 2040 Apostolus
1557 1984 1711 2031 clarius
1747 1988 1791 2033 in

402 2049 629 2093 processu,
655 2048 699 2083 et
726 2039 878 2098 docet,
903 2044 948 2088 in
966 2045 1209 2104 perditione
1225 2050 1372 2097 salutis
1395 2054 1598 2100 humanae
1613 2092 1624 2112 ,
1650 2061 1789 2103 Deum

400 2107 523 2164 copia
545 2123 634 2152 suae
652 2110 936 2159 miserationis
959 2116 1258 2176 admonitum,
1285 2122 1520 2184 desperatis
1542 2129 1671 2174 rebus
1692 2131 1789 2175 efli-

399 2178 611 2222 caciorem
628 2181 757 2227 solito
779 2186 1041 2232 medicinam
1059 2191 1232 2250 tulisse3
1258 2204 1307 2239 ut
1328 2212 1438 2256 quos
1454 2202 1680 2261 praeceptis
1701 2219 1788 2248 non

400 2261 665 2306 correxerat,
691 2255 910 2302 beneficiis
933 2259 1168 2322 obligaret,
1193 2274 1237 2309 et
1260 2266 1318 2311 ita
1340 2268 1617 2316 devotionem
1646 2276 1787 2333 exige-

399 2328 464 2363 ret
500 2320 784 2380 infuturum,
833 2338 880 2373 ut
919 2346 1008 2375 non
1042 2333 1277 2392 imputaret
1309 2350 1506 2400 peracta,
1540 2343 1789 2391 studerent—-

398 2406 485 2449 que
504 2390 707 2454 deinceps
725 2399 944 2444 custodire
957 2403 1168 2461 justitiam
1188 2408 1400 2464 homines,
1426 2428 1557 2471 quam
1575 2430 1785 2476 compen-

397 2460 470 2504 dio
509 2463 777 2511 credulitatis
802 2467 977 2515 fuerant
1002 2477 1198 2519 assecuti.
1225 2478 1504 2527 Abundantia
1535 2500 1637 2544 ergo
1669 2503 1783 2546 prae-

395 2530 643 2577 cedentium
686 2549 963 2595 peccatorum
983 2576 993 2596 ,
1039 2552 1125 2587 tam
1175 2547 1438 2596 abundantis
1481 2555 1782 2603 misericordiae

443 2621 451 2637 ¹
474 2616 566 2649 Rom.
588 2629 622 2659 v,
642 2629 682 2651 20
702 2625 733 2653 ct
753 2631 806 2654 21.
825 2642 862 2647 —
882 2626 1028 2669 1ΜΛΝ,
1050 2637 1103 2661 20.
1120 2647 1158 2651 --
1177 2629 1189 2653 3
1209 2631 1254 2664 Id.
1275 2643 1306 2675 v,
1331 2643 1382 2667 12.
