1821 3264
312 273 365 300 DE
397 265 793 301 pampas-rmnuom:
825 264 1091 295 SANCTORrM.
1343 250 1402 287 75

22 341 264 392 doctrinam
291 352 380 384 non
408 348 557 384 omnes
583 339 843 390 sequuntur,
870 329 1081 388 (sentiunt
1103 327 1216 372 enim
1240 334 1283 369 et
1304 325 1401 385 ipsi,

20 423 298 474 nequaquam
333 408 416 451 hoc
445 412 560 451 recte
593 400 724 462 objici
763 415 912 459 posse,
945 398 1014 443 vel
1050 395 1270 457 sapientiae
1302 395 1404 455 phi-

20 483 330 545 losophorum,
367 474 437 522 vel
468 475 596 523 etiam
624 471 793 520 numini
824 469 1006 514 deorum
1042 469 1267 525 suorum),
1299 465 1406 527 quid

21 552 361 612 respondebunt,
387 548 420 595 si
442 552 618 604 excepta
640 542 711 590 illa
731 540 960 587 altitudine
982 539 1202 597 sapientiae
1220 546 1262 580 et
1277 537 1407 581 scien-

21 624 93 677 tiae
122 622 217 678 Dei,
245 621 321 667 ubi
348 616 537 664 fortassis
562 612 680 659 aliud
706 612 901 660 divinum
931 608 1158 655 consilium
1189 606 1319 665 longe
1345 621 1411 650 se-

22 693 179 740 cretius
203 691 325 744 latet,
356 690 446 733 sine
471 684 722 749 praejudicio
757 682 885 729 etiam
916 680 1095 724 aliarum
1122 675 1234 721 forte
1260 690 1410 725 causa-

22 779 137 817 rum,
162 777 261 822 quae
284 778 306 806 a
329 756 622 820 prudentibus
644 754 845 811 vestigari
867 759 1061 811 queunt,
1085 749 1169 792 hoc
1190 745 1328 791 solum
1354 747 1412 792 eis

22 833 241 881 brevitatis
263 832 395 891 gratia
416 831 460 872 in
480 828 606 886 hujus
626 822 873 885 quaestionis
892 820 1184 879 disputatione
1200 817 1410 871 dicamus,

23 914 130 951 tunc
157 901 340 946 voluisse
369 898 623 945 hominibus
654 909 858 955 apparere
885 892 1106 937 Christum
1131 898 1173 932 et
1199 886 1314 946 apud
1345 902 1416 930 eos

22 973 248 1036 praedicari
269 972 514 1015 doctrinam
538 984 676 1022 suam,
707 965 885 1026 quando
908 962 1067 1007 sciebat
1092 971 1133 1004 et
1156 959 1231 1002 ubi
1257 957 1416 1002 sciebat

25 1061 114 1090 esse
132 1044 207 1104 qui
230 1044 272 1088 in
297 1058 394 1086 eum
418 1040 591 1084 fuerant
611 1037 836 1082 credituri.
862 1035 935 1078 His
953 1033 1068 1076 enim
1089 1028 1357 1087 temporibus
1379 1036 1420 1076 et

22 1116 90 1160 his
123 1115 227 1161 locis
261 1114 421 1173 quibus
452 1109 741 1168 Evangelium
775 1108 864 1166 ejus
895 1119 981 1147 non
1014 1112 1076 1145 est
1104 1099 1415 1161 praedicatum,

23 1185 130 1230 tales
155 1199 303 1228 omnes
326 1184 370 1227 in
394 1184 483 1242 ejus
507 1179 814 1240 praedicatione
836 1175 1008 1219 futuros
1030 1188 1117 1215 esse
1136 1169 1417 1230 praesciebat,

25 1256 196 1315 quales,
223 1269 309 1296 non
335 1253 511 1312 quidem
537 1265 702 1300 omnes,
729 1245 803 1291 sed
828 1255 970 1289 tamen
994 1241 1119 1286 multi
1145 1242 1188 1284 in
1213 1241 1300 1299 ejus
1324 1253 1420 1281 cor-

22 1325 159 1386 porali
188 1323 418 1383 praesentia
446 1321 637 1373 fuerunt,
664 1319 740 1378 qui
764 1319 806 1361 in
831 1331 931 1359 eum
955 1329 1034 1357 nec
1058 1311 1268 1356 suscitatis
1292 1309 1346 1352 ab
1369 1323 1419 1351 eo

24 1395 205 1440 mortuis
224 1429 234 1447 ‚
270 1393 446 1437 credere
476 1390 742 1443 voluerunt,
777 1386 926 1446 quales
957 1384 1084 1426 etiam
1117 1397 1235 1425 nunc
1261 1378 1422 1423 multos

24 1467 242 1520 videmUS,
273 1478 370 1507 cum
408 1472 523 1505 tanta
556 1457 904 1503 manifestatione
934 1455 988 1498 de
1014 1452 1090 1496 illo
1123 1449 1426 1509 compleantur

26 1536 242 1596 praeconia
281 1534 623 1593 Prophetarum,
661 1527 777 1572 nolle
812 1526 955 1570 adbuc
989 1521 1191 1575 credere,
1226 1530 1268 1562 et
1297 1517 1426 1562 malle

28 1607 220 1651 humana
247 1604 401 1648 astutia
430 1602 652 1654 resistere,
683 1613 813 1649 Quam
842 1607 926 1640 tam
955 1593 1080 1638 clarae
1105 1602 1236 1650 atque
1259 1588 1426 1648 perspi-

30 1693 124 1722 cuae
142 1712 152 1730 ,
180 1686 360 1735 tamque
382 1672 559 1718 sublimi
583 1681 623 1714 et
648 1668 890 1713 sublimiter
914 1665 1150 1709 diffamatae
1173 1661 1331 1705 divinae
1354 1673 1426 1702 ce-

32 1746 138 1791 dere
160 1745 422 1797 auctoritati,
452 1742 648 1803 quandiu
675 1753 832 1799 parvus
859 1746 900 1780 et
924 1735 1121 1789 infirmus
1150 1742 1213 1775 est
1231 1727 1428 1773 intellec·-

31 1827 101 1862 tus
132 1817 318 1860 hominis
349 1814 508 1858 divinae
538 1809 741 1855 accedere
764 1807 950 1851 veritati.
978 1803 1090 1857 Quid
1117 1817 1220 1859 ergo
1247 1800 1425 1851 mirum,

30 1889 63 1933 si
85 1898 171 1931 tam
196 1884 445 1930 infidelibus
468 1882 645 1942 plenum
670 1881 821 1924 orbem
846 1887 1059 1920 terrarum
1084 1872 1281 1917 Christus
1306 1868 1426 1928 prio-

29 1959 150 2003 ribus
172 1956 338 2020 saeculis
367 1964 562 2006 noverat,
588 1962 638 1996 ut
665 1952 723 1994 eis
749 1962 955 2008 apparere
985 1944 1052 1988 vel
1079 1941 1302 2002 praedicari
1334 1954 1427 1982 me-

30 2029 114 2073 rito
137 2026 293 2079 nollet,
314 2040 422 2086 quos
446 2039 525 2067 nec
549 2021 706 2074 verbis,
733 2034 812 2062 nec
839 2014 1056 2060 miraculis
1079 2013 1164 2056 suis
1186 2010 1428 2054 credituros

32 2114 121 2144 esse
144 2097 424 2157 praesciebat?
451 2097 601 2153 Neque
629 2091 743 2135 enim
774 2084 1028 2132 incredibile
1060 2093 1138 2137 est,
1171 2082 1276 2125 tales
1299 2079 1430 2123 fuisse.

32 2181 139 2215 tunc
164 2185 329 2220 omnes,
362 2166 510 2226 quales
539 2167 593 2208 ab
617 2165 707 2224 ejus
738 2163 927 2205 adventu
963 2172 1101 2215 usque
1131 2154 1185 2198 ad
1212 2155 1294 2197 hoc
1319 2162 1429 2194 tem-

32 2256 113 2301 pus
138 2250 222 2283 tam
250 2237 408 2281 multos
440 2235 569 2278 fuisse
600 2243 731 2292 atque
760 2246 850 2274 esse
880 2229 1098 2272 miramur.
1126 2227 1181 2269 Et
1205 2234 1350 2267 tamen
1374 2221 1428 2263 ab

34 2307 158 2356 initio
192 2308 356 2367 generis
389 2306 584 2359 humani,
617 2304 719 2348 alias
748 2299 991 2351 occultius,
1024 2297 1127 2340 alias
1157 2293 1429 2343 evidentius,

35 2380 146 2427 sicut
167 2394 407 2438 congruere
430 2375 701 2435 temporibus
725 2371 935 2416 divinitus
957 2369 1094 2411 visum
1120 2377 1199 2417 est,
1226 2378 1305 2407 nec
1330 2376 1431 2420 pro-

34 2450 201 2511 phetari
230 2448 421 2503 destitit,
448 2462 525 2489 nec
550 2445 625 2505 qui
651 2444 695 2486 in
718 2456 819 2485 eum
843 2438 1071 2483 crederent
1093 2432 1332 2477 defuerunt
1357 2449 1364 2474 :
1392 2438 1434 2471 et

39 2522 92 2567 ab
113 2520 251 2569 Adam
273 2533 411 2578 usque
434 2516 485 2562 ad
511 2519 691 2572 Moysen
712 2548 722 2568 ,
747 2521 789 2556 et
807 2512 851 2554 in
870 2510 963 2568 ipso
981 2503 1149 2566 populo
1168 2501 1315 2555 lsrael,
1337 2514 1436 2558 quae

41 2590 210 2655 speciali
232 2590 423 2649 quodam
444 2586 649 2644 mysterio
671 2599 773 2647 gens
795 2579 1047 2642 prophetica
1071 2575 1179 2632 fuit3
1204 2582 1247 2616 et
1269 2573 1312 2616 in
1337 2570 1430 2620 aliis
1461 2598 1468 2604 -
