<?xml version="1.0" encoding="UTF-8"?>
<!DOCTYPE html PUBLIC "-//W3C//DTD XHTML 1.0 Transitional//EN"
    "http://www.w3.org/TR/xhtml1/DTD/xhtml1-transitional.dtd">
<html xmlns="http://www.w3.org/1999/xhtml" xml:lang="en" lang="en">
 <head>
  <title>
</title>
<meta http-equiv="Content-Type" content="text/html;charset=utf-8" />
  <meta name='ocr-system' content='tesseract 3.04.00' />
  <meta name='ocr-capabilities' content='ocr_page ocr_carea ocr_par ocr_line ocrx_word'/>
</head>
<body>
  <div class='ocr_page' id='page_1' title='image "./operaomniaaccura36auguuoft/operaomniaaccura36auguuoft_0057.png"; bbox 0 0 1821 3264; ppageno 0'>
   <div class='ocr_carea' id='block_1_1' title="bbox 0 235 1450 2662">
    <p class='ocr_par' dir='ltr' id='par_1_1' title="bbox 0 235 1450 2539">
     <span class='ocr_line' id='line_1_1' title="bbox 413 235 1442 271; baseline 0.01 -10"><span class='ocrx_word' id='word_1_1' title='bbox 413 238 464 263; x_wconf 68' lang='lat' dir='ltr'><strong>ua</strong></span> <span class='ocrx_word' id='word_1_2' title='bbox 497 236 786 264; x_wconf 57' lang='lat' dir='ltr'><strong>construunt}</strong></span> <span class='ocrx_word' id='word_1_3' title='bbox 819 241 869 266; x_wconf 69' lang='lat' dir='ltr'><strong>m·</strong></span> <span class='ocrx_word' id='word_1_4' title='bbox 902 242 1072 268; x_wconf 64' lang='lat' dir='ltr'><strong>unum.</strong></span> <span class='ocrx_word' id='word_1_5' title='bbox 1390 235 1442 271; x_wconf 73' lang='lat'><strong>33</strong></span> 
     </span>
     <span class='ocr_line' id='line_1_2' title="bbox 61 302 1447 366; baseline 0.008 -24"><span class='ocrx_word' id='word_1_6' title='bbox 61 308 204 343; x_wconf 87' lang='lat' dir='ltr'><strong>tamen</strong></span> <span class='ocrx_word' id='word_1_7' title='bbox 234 302 479 359; x_wconf 85' lang='lat' dir='ltr'><strong>potentiore</strong></span> <span class='ocrx_word' id='word_1_8' title='bbox 509 302 643 358; x_wconf 82' lang='lat' dir='ltr'><strong>gratia</strong></span> <span class='ocrx_word' id='word_1_9' title='bbox 672 302 869 359; x_wconf 83' lang='lat' dir='ltr'><strong>indigent</strong></span> <span class='ocrx_word' id='word_1_10' title='bbox 897 305 965 349; x_wconf 90' lang='lat' dir='ltr'><strong>isti</strong></span> <span class='ocrx_word' id='word_1_11' title='bbox 995 326 1002 350; x_wconf 91' lang='grc'>;</span> <span class='ocrx_word' id='word_1_12' title='bbox 1029 315 1073 351; x_wconf 85' lang='lat' dir='ltr'><strong>et</strong></span> <span class='ocrx_word' id='word_1_13' title='bbox 1095 321 1195 366; x_wconf 77' lang='lat' dir='ltr'><strong>quae</strong></span> <span class='ocrx_word' id='word_1_14' title='bbox 1226 309 1447 366; x_wconf 80' lang='lat' dir='ltr'><strong>potentior</strong></span> 
     </span>
     <span class='ocr_line' id='line_1_3' title="bbox 58 371 1442 434; baseline 0.008 -21"><span class='ocrx_word' id='word_1_15' title='bbox 58 386 189 429; x_wconf 84' lang='lat' dir='ltr'><strong>quam</strong></span> <span class='ocrx_word' id='word_1_16' title='bbox 210 372 283 415; x_wconf 79' lang='lat' dir='ltr'><strong>Dei</strong></span> <span class='ocrx_word' id='word_1_17' title='bbox 308 371 556 427; x_wconf 74' lang='lat' dir='ltr'>unigenitus</span> <span class='ocrx_word' id='word_1_18' title='bbox 578 372 713 416; x_wconf 85' lang='lat' dir='ltr'><strong>Filius</strong></span> <span class='ocrx_word' id='word_1_19' title='bbox 731 408 741 427; x_wconf 97' lang='lat'><strong>,</strong></span> <span class='ocrx_word' id='word_1_20' title='bbox 764 375 944 434; x_wconf 85' lang='lat' dir='ltr'><strong>aequalis</strong></span> <span class='ocrx_word' id='word_1_21' title='bbox 970 378 1085 420; x_wconf 86' lang='lat' dir='ltr'><strong>Patri</strong></span> <span class='ocrx_word' id='word_1_22' title='bbox 1111 388 1153 421; x_wconf 89' lang='lat' dir='ltr'><strong>et</strong></span> <span class='ocrx_word' id='word_1_23' title='bbox 1184 389 1442 434; x_wconf 79' lang='lat' dir='ltr'><strong>coaeternus,</strong></span> 
     </span>
     <span class='ocr_line' id='line_1_4' title="bbox 0 442 1445 509; baseline 0.008 -26"><span class='ocrx_word' id='word_1_24' title='bbox 0 455 1 464; x_wconf 62' lang='lat'>¹</span> <span class='ocrx_word' id='word_1_25' title='bbox 56 455 136 498; x_wconf 86' lang='lat' dir='ltr'><strong>pro</strong></span> <span class='ocrx_word' id='word_1_26' title='bbox 155 442 214 485; x_wconf 91' lang='lat' dir='ltr'><strong>eis</strong></span> <span class='ocrx_word' id='word_1_27' title='bbox 233 443 363 486; x_wconf 89' lang='lat' dir='ltr'><strong>homo</strong></span> <span class='ocrx_word' id='word_1_28' title='bbox 383 442 538 497; x_wconf 84' lang='lat' dir='ltr'><strong>factus,</strong></span> <span class='ocrx_word' id='word_1_29' title='bbox 561 454 604 487; x_wconf 89' lang='lat' dir='ltr'><strong>et</strong></span> <span class='ocrx_word' id='word_1_30' title='bbox 623 444 713 488; x_wconf 88' lang='lat' dir='ltr'><strong>sine</strong></span> <span class='ocrx_word' id='word_1_31' title='bbox 730 460 809 488; x_wconf 91' lang='lat' dir='ltr'><strong>suo</strong></span> <span class='ocrx_word' id='word_1_32' title='bbox 832 444 922 488; x_wconf 91' lang='lat' dir='ltr'><strong>ullo</strong></span> <span class='ocrx_word' id='word_1_33' title='bbox 941 447 1008 489; x_wconf 88' lang='lat' dir='ltr'><strong>vel</strong></span> <span class='ocrx_word' id='word_1_34' title='bbox 1031 449 1231 505; x_wconf 82' lang='lat' dir='ltr'>originali</span> <span class='ocrx_word' id='word_1_35' title='bbox 1254 450 1320 494; x_wconf 87' lang='lat' dir='ltr'><strong>vel</strong></span> <span class='ocrx_word' id='word_1_36' title='bbox 1342 466 1445 509; x_wconf 83' lang='lat' dir='ltr'><strong>pro-</strong></span> 
     </span>
     <span class='ocr_line' id='line_1_5' title="bbox 56 511 1448 573; baseline 0.007 -20"><span class='ocrx_word' id='word_1_37' title='bbox 56 511 150 569; x_wconf 89' lang='lat' dir='ltr'><strong>prio</strong></span> <span class='ocrx_word' id='word_1_38' title='bbox 182 522 357 569; x_wconf 86' lang='lat' dir='ltr'><strong>peccato</strong></span> <span class='ocrx_word' id='word_1_39' title='bbox 386 513 440 556; x_wconf 86' lang='lat' dir='ltr'><strong>ab</strong></span> <span class='ocrx_word' id='word_1_40' title='bbox 463 513 714 557; x_wconf 89' lang='lat' dir='ltr'><strong>bominibus</strong></span> <span class='ocrx_word' id='word_1_41' title='bbox 735 516 1037 573; x_wconf 84' lang='lat' dir='ltr'><strong>peccatoribus</strong></span> <span class='ocrx_word' id='word_1_42' title='bbox 1070 519 1301 562; x_wconf 85' lang='lat' dir='ltr'><strong>crucifixus</strong></span> <span class='ocrx_word' id='word_1_43' title='bbox 1323 522 1340 561; x_wconf 71' lang='lat'><strong>‘3</strong></span> <span class='ocrx_word' id='word_1_44' title='bbox 1361 519 1448 572; x_wconf 90' lang='lat' dir='ltr'><strong>Qui</strong></span> 
     </span>
     <span class='ocr_line' id='line_1_6' title="bbox 54 582 1450 647; baseline 0.006 -22"><span class='ocrx_word' id='word_1_45' title='bbox 54 582 250 641; x_wconf 87' lang='lat' dir='ltr'><strong>quamvis</strong></span> <span class='ocrx_word' id='word_1_46' title='bbox 264 582 333 626; x_wconf 88' lang='lat' dir='ltr'><strong>die</strong></span> <span class='ocrx_word' id='word_1_47' title='bbox 351 584 478 627; x_wconf 89' lang='lat' dir='ltr'><strong>tertio</strong></span> <span class='ocrx_word' id='word_1_48' title='bbox 496 585 741 638; x_wconf 81' lang='lat' dir='ltr'><strong>resurrexit,</strong></span> <span class='ocrx_word' id='word_1_49' title='bbox 755 601 980 646; x_wconf 87' lang='lat' dir='ltr'><strong>nunquam</strong></span> <span class='ocrx_word' id='word_1_50' title='bbox 995 587 1230 632; x_wconf 86' lang='lat' dir='ltr'><strong>moriturus</strong></span> <span class='ocrx_word' id='word_1_51' title='bbox 1250 589 1450 647; x_wconf 65' lang='lat' dir='ltr'><strong>ulterius,</strong></span> 
     </span>
     <span class='ocr_line' id='line_1_7' title="bbox 53 653 1448 718; baseline 0.006 -23"><span class='ocrx_word' id='word_1_52' title='bbox 53 653 231 711; x_wconf 86' lang='lat' dir='ltr'><strong>pertulit</strong></span> <span class='ocrx_word' id='word_1_53' title='bbox 254 663 398 697; x_wconf 87' lang='lat' dir='ltr'><strong>tamen</strong></span> <span class='ocrx_word' id='word_1_54' title='bbox 427 670 507 713; x_wconf 80' lang='lat' dir='ltr'><strong>pro</strong></span> <span class='ocrx_word' id='word_1_55' title='bbox 529 656 786 700; x_wconf 77' lang='lat' dir='ltr'><strong>mortalibus</strong></span> <span class='ocrx_word' id='word_1_56' title='bbox 807 667 991 700; x_wconf 87' lang='lat' dir='ltr'><strong>mortem</strong></span> <span class='ocrx_word' id='word_1_57' title='bbox 1011 693 1020 711; x_wconf 89' lang='lat'><strong>,</strong></span> <span class='ocrx_word' id='word_1_58' title='bbox 1048 659 1121 717; x_wconf 89' lang='lat' dir='ltr'><strong>qui</strong></span> <span class='ocrx_word' id='word_1_59' title='bbox 1140 660 1322 702; x_wconf 84' lang='lat' dir='ltr'><strong>mortuis</strong></span> <span class='ocrx_word' id='word_1_60' title='bbox 1342 674 1448 718; x_wconf 84' lang='lat' dir='ltr'><strong>prae·</strong></span> 
     </span>
     <span class='ocr_line' id='line_1_8' title="bbox 52 723 1445 786; baseline 0.004 -19"><span class='ocrx_word' id='word_1_61' title='bbox 52 723 161 767; x_wconf 91' lang='lat' dir='ltr'><strong>stitit</strong></span> <span class='ocrx_word' id='word_1_62' title='bbox 191 724 322 768; x_wconf 89' lang='lat' dir='ltr'><strong>vitam</strong></span> <span class='ocrx_word' id='word_1_63' title='bbox 347 759 358 779; x_wconf 94' lang='lat'><strong>,</strong></span> <span class='ocrx_word' id='word_1_64' title='bbox 389 733 438 768; x_wconf 90' lang='lat' dir='ltr'><strong>ut</strong></span> <span class='ocrx_word' id='word_1_65' title='bbox 474 725 689 783; x_wconf 81' lang='lat' dir='ltr'><strong>redempti</strong></span> <span class='ocrx_word' id='word_1_66' title='bbox 726 727 816 785; x_wconf 87' lang='lat' dir='ltr'><strong>ejus</strong></span> <span class='ocrx_word' id='word_1_67' title='bbox 853 729 1093 786; x_wconf 78' lang='lat' dir='ltr'><strong>sanguine,</strong></span> <span class='ocrx_word' id='word_1_68' title='bbox 1131 738 1251 773; x_wconf 82' lang='lat' dir='ltr'><strong>tauto</strong></span> <span class='ocrx_word' id='word_1_69' title='bbox 1284 745 1332 773; x_wconf 87' lang='lat' dir='ltr'><strong>ac</strong></span> <span class='ocrx_word' id='word_1_70' title='bbox 1369 729 1445 773; x_wconf 81' lang='lat' dir='ltr'><strong>tali</strong></span> 
     </span>
     <span class='ocr_line' id='line_1_9' title="bbox 52 794 1447 859; baseline 0.004 -23"><span class='ocrx_word' id='word_1_71' title='bbox 52 794 234 852; x_wconf 86' lang='lat' dir='ltr'><strong>pignore</strong></span> <span class='ocrx_word' id='word_1_72' title='bbox 257 805 433 854; x_wconf 84' lang='lat' dir='ltr'><strong>accepto</strong></span> <span class='ocrx_word' id='word_1_73' title='bbox 447 796 641 840; x_wconf 73' lang='lat' dir='ltr'><strong>dicerent</strong></span> <span class='ocrx_word' id='word_1_74' title='bbox 664 816 701 841; x_wconf 79' lang='lat' dir='ltr'><strong>z«</strong></span> <span class='ocrx_word' id='word_1_75' title='bbox 724 798 765 842; x_wconf 91' lang='lat' dir='ltr'><strong>Si</strong></span> <span class='ocrx_word' id='word_1_76' title='bbox 788 801 898 841; x_wconf 80' lang='lat' dir='ltr'><strong>Deus</strong></span> <span class='ocrx_word' id='word_1_77' title='bbox 916 813 995 856; x_wconf 85' lang='lat' dir='ltr'><strong>pro</strong></span> <span class='ocrx_word' id='word_1_78' title='bbox 1015 799 1157 852; x_wconf 87' lang='lat' dir='ltr'><strong>uobis,</strong></span> <span class='ocrx_word' id='word_1_79' title='bbox 1181 800 1277 859; x_wconf 88' lang='lat' dir='ltr'><strong>quis</strong></span> <span class='ocrx_word' id='word_1_80' title='bbox 1295 810 1447 844; x_wconf 82' lang='lat' dir='ltr'><strong>contra</strong></span> 
     </span>
     <span class='ocr_line' id='line_1_10' title="bbox 55 865 1446 927; baseline 0.006 -22"><span class='ocrx_word' id='word_1_81' title='bbox 55 882 75 906; x_wconf 93' lang='lat'>»</span> <span class='ocrx_word' id='word_1_82' title='bbox 88 867 190 909; x_wconf 82' lang='lat' dir='ltr'><strong>nos?</strong></span> <span class='ocrx_word' id='word_1_83' title='bbox 205 866 283 919; x_wconf 86' lang='lat' dir='ltr'><strong>Qui</strong></span> <span class='ocrx_word' id='word_1_84' title='bbox 300 866 410 910; x_wconf 89' lang='lat' dir='ltr'><strong>Filio</strong></span> <span class='ocrx_word' id='word_1_85' title='bbox 424 865 778 926; x_wconf 61' lang='lat' dir='ltr'><strong>suo&#39;proprionon</strong></span> <span class='ocrx_word' id='word_1_86' title='bbox 796 869 1007 926; x_wconf 77' lang='lat' dir='ltr'><strong>pepercit,</strong></span> <span class='ocrx_word' id='word_1_87' title='bbox 1020 870 1093 912; x_wconf 90' lang='lat' dir='ltr'><strong>sed</strong></span> <span class='ocrx_word' id='word_1_88' title='bbox 1112 885 1192 927; x_wconf 84' lang='lat' dir='ltr'><strong>pro</strong></span> <span class='ocrx_word' id='word_1_89' title='bbox 1211 870 1335 914; x_wconf 90' lang='lat' dir='ltr'><strong>nobis</strong></span> <span class='ocrx_word' id='word_1_90' title='bbox 1351 885 1446 913; x_wconf 87' lang='lat' dir='ltr'><strong>om-</strong></span> 
     </span>
     <span class='ocr_line' id='line_1_11' title="bbox 54 935 1447 998; baseline 0.005 -21"><span class='ocrx_word' id='word_1_91' title='bbox 54 952 74 976; x_wconf 91' lang='lat'>»</span> <span class='ocrx_word' id='word_1_92' title='bbox 87 935 216 979; x_wconf 89' lang='lat' dir='ltr'><strong>nibus</strong></span> <span class='ocrx_word' id='word_1_93' title='bbox 235 936 413 981; x_wconf 78' lang='lat' dir='ltr'><strong>tradidit</strong></span> <span class='ocrx_word' id='word_1_94' title='bbox 426 953 543 992; x_wconf 87' lang='lat' dir='ltr'><strong>eum,</strong></span> <span class='ocrx_word' id='word_1_95' title='bbox 557 939 780 998; x_wconf 87' lang='lat' dir='ltr'><strong>quomodo</strong></span> <span class='ocrx_word' id='word_1_96' title='bbox 797 955 885 982; x_wconf 92' lang='lat' dir='ltr'><strong>non</strong></span> <span class='ocrx_word' id='word_1_97' title='bbox 900 949 1052 983; x_wconf 88' lang='lat' dir='ltr'><strong>etcum</strong></span> <span class='ocrx_word' id='word_1_98' title='bbox 1072 939 1148 984; x_wconf 91' lang='lat' dir='ltr'><strong>illo</strong></span> <span class='ocrx_word' id='word_1_99' title='bbox 1164 941 1306 984; x_wconf 88' lang='lat' dir='ltr'><strong>omnia</strong></span> <span class='ocrx_word' id='word_1_100' title='bbox 1322 941 1447 984; x_wconf 89' lang='lat' dir='ltr'><strong>nobis</strong></span> 
     </span>
     <span class='ocr_line' id='line_1_12' title="bbox 53 1006 1444 1067; baseline 0.005 -21"><span class='ocrx_word' id='word_1_101' title='bbox 53 1022 73 1047; x_wconf 87' lang='lat'>»</span> <span class='ocrx_word' id='word_1_102' title='bbox 90 1006 357 1050; x_wconf 82' lang='lat' dir='ltr'><strong>donavit1?»</strong></span> <span class='ocrx_word' id='word_1_103' title='bbox 377 1011 488 1052; x_wconf 89' lang='lat' dir='ltr'><strong>Deus</strong></span> <span class='ocrx_word' id='word_1_104' title='bbox 511 1024 614 1067; x_wconf 84' lang='lat' dir='ltr'><strong>ergo</strong></span> <span class='ocrx_word' id='word_1_105' title='bbox 638 1019 837 1053; x_wconf 85' lang='lat' dir='ltr'><strong>naturam</strong></span> <span class='ocrx_word' id='word_1_106' title='bbox 865 1020 1070 1063; x_wconf 85' lang='lat' dir='ltr'><strong>nostram,</strong></span> <span class='ocrx_word' id='word_1_107' title='bbox 1096 1009 1138 1053; x_wconf 88' lang='lat' dir='ltr'><strong>id</strong></span> <span class='ocrx_word' id='word_1_108' title='bbox 1155 1020 1232 1063; x_wconf 86' lang='lat' dir='ltr'><strong>est,</strong></span> <span class='ocrx_word' id='word_1_109' title='bbox 1258 1012 1444 1053; x_wconf 87' lang='lat' dir='ltr'><strong>animam</strong></span> 
     </span>
     <span class='ocr_line' id='line_1_13' title="bbox 50 1077 1445 1138; baseline 0.002 -19"><span class='ocrx_word' id='word_1_110' title='bbox 50 1077 304 1121; x_wconf 78' lang='lat' dir='ltr'><strong>rationalem</strong></span> <span class='ocrx_word' id='word_1_111' title='bbox 329 1095 595 1138; x_wconf 83' lang='lat' dir='ltr'><strong>carnemque</strong></span> <span class='ocrx_word' id='word_1_112' title='bbox 621 1080 809 1124; x_wconf 90' lang='lat' dir='ltr'><strong>hominis</strong></span> <span class='ocrx_word' id='word_1_113' title='bbox 840 1080 1000 1124; x_wconf 75' lang='lat' dir='ltr'><strong>Christi</strong></span> <span class='ocrx_word' id='word_1_114' title='bbox 1031 1081 1239 1138; x_wconf 78' lang='lat' dir='ltr'><strong>suscepit,</strong></span> <span class='ocrx_word' id='word_1_115' title='bbox 1266 1096 1445 1138; x_wconf 83' lang='lat' dir='ltr'><strong>suscep-</strong></span> 
     </span>
     <span class='ocr_line' id='line_1_14' title="bbox 49 1146 1445 1209; baseline 0.003 -20"><span class='ocrx_word' id='word_1_116' title='bbox 49 1146 167 1190; x_wconf 84' lang='lat' dir='ltr'><strong>tione</strong></span> <span class='ocrx_word' id='word_1_117' title='bbox 177 1147 450 1206; x_wconf 85' lang='lat' dir='ltr'><strong>singulariter</strong></span> <span class='ocrx_word' id='word_1_118' title='bbox 463 1149 649 1193; x_wconf 85' lang='lat' dir='ltr'><strong>mirabili</strong></span> <span class='ocrx_word' id='word_1_119' title='bbox 666 1149 735 1193; x_wconf 89' lang='lat' dir='ltr'><strong>vel</strong></span> <span class='ocrx_word' id='word_1_120' title='bbox 754 1150 1010 1193; x_wconf 83' lang='lat' dir='ltr'><strong>mirabiliter</strong></span> <span class='ocrx_word' id='word_1_121' title='bbox 1026 1150 1250 1209; x_wconf 83' lang='lat' dir='ltr'><strong>singulari,</strong></span> <span class='ocrx_word' id='word_1_122' title='bbox 1267 1159 1315 1193; x_wconf 90' lang='lat' dir='ltr'><strong>ut</strong></span> <span class='ocrx_word' id='word_1_123' title='bbox 1332 1149 1445 1193; x_wconf 89' lang='lat' dir='ltr'><strong>nulli</strong></span> 
     </span>
     <span class='ocr_line' id='line_1_15' title="bbox 43 1216 1445 1277; baseline 0.002 -17"><span class='ocrx_word' id='word_1_124' title='bbox 43 1216 222 1275; x_wconf 78' lang='lat' dir='ltr'><strong>justitiae</strong></span> <span class='ocrx_word' id='word_1_125' title='bbox 239 1234 329 1262; x_wconf 88' lang='lat' dir='ltr'><strong>suae</strong></span> <span class='ocrx_word' id='word_1_126' title='bbox 354 1220 703 1277; x_wconf 65' lang='lat' dir='ltr'><strong>praecedentibus</strong></span> <span class='ocrx_word' id='word_1_127' title='bbox 724 1221 885 1263; x_wconf 84' lang='lat' dir='ltr'><strong>meritis</strong></span> <span class='ocrx_word' id='word_1_128' title='bbox 903 1221 1037 1263; x_wconf 79' lang='lat' dir='ltr'><strong>Filius</strong></span> <span class='ocrx_word' id='word_1_129' title='bbox 1062 1221 1134 1264; x_wconf 84' lang='lat' dir='ltr'><strong>Dei</strong></span> <span class='ocrx_word' id='word_1_130' title='bbox 1162 1221 1222 1264; x_wconf 84' lang='lat' dir='ltr'><strong>sic</strong></span> <span class='ocrx_word' id='word_1_131' title='bbox 1253 1230 1361 1264; x_wconf 86' lang='lat' dir='ltr'><strong>esset</strong></span> <span class='ocrx_word' id='word_1_132' title='bbox 1390 1219 1445 1263; x_wconf 85' lang='lat' dir='ltr'><strong>ab</strong></span> 
     </span>
     <span class='ocr_line' id='line_1_16' title="bbox 47 1287 1442 1351; baseline 0.003 -21"><span class='ocrx_word' id='word_1_133' title='bbox 47 1287 170 1332; x_wconf 91' lang='lat' dir='ltr'><strong>initio</strong></span> <span class='ocrx_word' id='word_1_134' title='bbox 194 1305 283 1347; x_wconf 88' lang='lat' dir='ltr'><strong>quo</strong></span> <span class='ocrx_word' id='word_1_135' title='bbox 297 1305 387 1333; x_wconf 84' lang='lat' dir='ltr'><strong>esse</strong></span> <span class='ocrx_word' id='word_1_136' title='bbox 406 1292 538 1334; x_wconf 91' lang='lat' dir='ltr'><strong>homo</strong></span> <span class='ocrx_word' id='word_1_137' title='bbox 553 1292 772 1349; x_wconf 85' lang='lat' dir='ltr'><strong>coepisset,</strong></span> <span class='ocrx_word' id='word_1_138' title='bbox 791 1300 840 1334; x_wconf 90' lang='lat' dir='ltr'><strong>ut</strong></span> <span class='ocrx_word' id='word_1_139' title='bbox 854 1292 943 1349; x_wconf 82' lang='lat' dir='ltr'><strong>ipse</strong></span> <span class='ocrx_word' id='word_1_140' title='bbox 959 1291 1198 1334; x_wconf 85' lang='lat' dir='ltr'><strong>etVerbum</strong></span> <span class='ocrx_word' id='word_1_141' title='bbox 1217 1292 1336 1351; x_wconf 85' lang='lat' dir='ltr'><strong>quod</strong></span> <span class='ocrx_word' id='word_1_142' title='bbox 1352 1291 1442 1334; x_wconf 85' lang='lat' dir='ltr'><strong>sine</strong></span> 
     </span>
     <span class='ocr_line' id='line_1_17' title="bbox 47 1356 1442 1420; baseline 0.003 -20"><span class='ocrx_word' id='word_1_143' title='bbox 47 1356 172 1403; x_wconf 86' lang='lat' dir='ltr'><strong>initio</strong></span> <span class='ocrx_word' id='word_1_144' title='bbox 195 1368 274 1414; x_wconf 87' lang='lat' dir='ltr'><strong>est,</strong></span> <span class='ocrx_word' id='word_1_145' title='bbox 292 1375 377 1403; x_wconf 90' lang='lat' dir='ltr'><strong>una</strong></span> <span class='ocrx_word' id='word_1_146' title='bbox 404 1375 586 1418; x_wconf 87' lang='lat' dir='ltr'><strong>persona</strong></span> <span class='ocrx_word' id='word_1_147' title='bbox 609 1369 734 1403; x_wconf 87' lang='lat' dir='ltr'><strong>esset.</strong></span> <span class='ocrx_word' id='word_1_148' title='bbox 756 1363 909 1419; x_wconf 85' lang='lat' dir='ltr'><strong>Neque</strong></span> <span class='ocrx_word' id='word_1_149' title='bbox 931 1362 1045 1404; x_wconf 87' lang='lat' dir='ltr'><strong>enim</strong></span> <span class='ocrx_word' id='word_1_150' title='bbox 1071 1363 1301 1420; x_wconf 85' lang='lat' dir='ltr'><strong>quisquam</strong></span> <span class='ocrx_word' id='word_1_151' title='bbox 1324 1369 1442 1404; x_wconf 81' lang='lat' dir='ltr'><strong>tanta</strong></span> 
     </span>
     <span class='ocr_line' id='line_1_18' title="bbox 47 1429 1442 1489; baseline 0 -17"><span class='ocrx_word' id='word_1_152' title='bbox 47 1429 111 1473; x_wconf 88' lang='lat' dir='ltr'><strong>rei</strong></span> <span class='ocrx_word' id='word_1_153' title='bbox 134 1431 265 1489; x_wconf 83' lang='lat' dir='ltr'><strong>hujus</strong></span> <span class='ocrx_word' id='word_1_154' title='bbox 288 1440 331 1473; x_wconf 85' lang='lat' dir='ltr'><strong>et</strong></span> <span class='ocrx_word' id='word_1_155' title='bbox 351 1430 452 1474; x_wconf 81' lang='lat' dir='ltr'><strong>fidei</strong></span> <span class='ocrx_word' id='word_1_156' title='bbox 481 1446 622 1474; x_wconf 83' lang='lat' dir='ltr'><strong>caecus</strong></span> <span class='ocrx_word' id='word_1_157' title='bbox 646 1440 709 1475; x_wconf 87' lang='lat' dir='ltr'><strong>est</strong></span> <span class='ocrx_word' id='word_1_158' title='bbox 730 1431 973 1488; x_wconf 73' lang='lat' dir='ltr'><strong>ignorantia</strong></span> <span class='ocrx_word' id='word_1_159' title='bbox 992 1465 1002 1484; x_wconf 93' lang='lat'><strong>,</strong></span> <span class='ocrx_word' id='word_1_160' title='bbox 1028 1440 1077 1474; x_wconf 89' lang='lat' dir='ltr'><strong>ut</strong></span> <span class='ocrx_word' id='word_1_161' title='bbox 1100 1432 1256 1474; x_wconf 78' lang='lat' dir='ltr'><strong>audeat</strong></span> <span class='ocrx_word' id='word_1_162' title='bbox 1282 1431 1442 1484; x_wconf 89' lang='lat' dir='ltr'><strong>dicere,</strong></span> 
     </span>
     <span class='ocr_line' id='line_1_19' title="bbox 45 1500 1441 1560; baseline 0.001 -19"><span class='ocrx_word' id='word_1_163' title='bbox 45 1501 243 1560; x_wconf 85' lang='lat' dir='ltr'><strong>quamvis</strong></span> <span class='ocrx_word' id='word_1_164' title='bbox 258 1500 312 1544; x_wconf 89' lang='lat' dir='ltr'><strong>de</strong></span> <span class='ocrx_word' id='word_1_165' title='bbox 338 1502 498 1560; x_wconf 86' lang='lat' dir='ltr'><strong>Spiritu</strong></span> <span class='ocrx_word' id='word_1_166' title='bbox 522 1511 670 1545; x_wconf 75' lang='lat' dir='ltr'><strong>saneto</strong></span> <span class='ocrx_word' id='word_1_167' title='bbox 688 1510 731 1544; x_wconf 92' lang='lat' dir='ltr'><strong>et</strong></span> <span class='ocrx_word' id='word_1_168' title='bbox 751 1501 919 1559; x_wconf 80' lang='lat' dir='ltr'><strong>virgine</strong></span> <span class='ocrx_word' id='word_1_169' title='bbox 934 1501 1068 1545; x_wconf 86' lang='lat' dir='ltr'><strong>Maria</strong></span> <span class='ocrx_word' id='word_1_170' title='bbox 1091 1500 1228 1544; x_wconf 89' lang='lat' dir='ltr'><strong>filium</strong></span> <span class='ocrx_word' id='word_1_171' title='bbox 1253 1501 1441 1544; x_wconf 88' lang='lat' dir='ltr'><strong>hominis</strong></span> 
     </span>
     <span class='ocr_line' id='line_1_20' title="bbox 45 1570 1440 1630; baseline -0.001 -16"><span class='ocrx_word' id='word_1_172' title='bbox 45 1580 196 1614; x_wconf 87' lang='lat' dir='ltr'><strong>natum</strong></span> <span class='ocrx_word' id='word_1_173' title='bbox 218 1606 229 1626; x_wconf 91' lang='lat'><strong>,</strong></span> <span class='ocrx_word' id='word_1_174' title='bbox 251 1587 327 1630; x_wconf 88' lang='lat' dir='ltr'><strong>per</strong></span> <span class='ocrx_word' id='word_1_175' title='bbox 347 1571 536 1615; x_wconf 88' lang='lat' dir='ltr'><strong>liberum</strong></span> <span class='ocrx_word' id='word_1_176' title='bbox 561 1582 704 1615; x_wconf 88' lang='lat' dir='ltr'><strong>tamen</strong></span> <span class='ocrx_word' id='word_1_177' title='bbox 743 1571 969 1615; x_wconf 75' lang='lat' dir='ltr'><strong>arbitrium</strong></span> <span class='ocrx_word' id='word_1_178' title='bbox 1004 1571 1117 1614; x_wconf 89' lang='lat' dir='ltr'><strong>bene</strong></span> <span class='ocrx_word' id='word_1_179' title='bbox 1147 1570 1335 1615; x_wconf 85' lang='lat' dir='ltr'><strong>vivendo</strong></span> <span class='ocrx_word' id='word_1_180' title='bbox 1353 1605 1363 1625; x_wconf 98' lang='lat'><strong>,</strong></span> <span class='ocrx_word' id='word_1_181' title='bbox 1397 1579 1440 1613; x_wconf 90' lang='lat' dir='ltr'><strong>et</strong></span> 
     </span>
     <span class='ocr_line' id='line_1_21' title="bbox 45 1641 1438 1700; baseline -0.001 -16"><span class='ocrx_word' id='word_1_182' title='bbox 45 1641 136 1685; x_wconf 89' lang='lat' dir='ltr'><strong>sine</strong></span> <span class='ocrx_word' id='word_1_183' title='bbox 160 1650 338 1700; x_wconf 87' lang='lat' dir='ltr'><strong>peccato</strong></span> <span class='ocrx_word' id='word_1_184' title='bbox 363 1642 476 1686; x_wconf 87' lang='lat' dir='ltr'><strong>bona</strong></span> <span class='ocrx_word' id='word_1_185' title='bbox 506 1657 634 1700; x_wconf 83' lang='lat' dir='ltr'><strong>opera</strong></span> <span class='ocrx_word' id='word_1_186' title='bbox 665 1641 866 1685; x_wconf 71' lang='lat' dir='ltr'><strong>iaciendo</strong></span> <span class='ocrx_word' id='word_1_187' title='bbox 892 1642 1096 1684; x_wconf 87' lang='lat' dir='ltr'><strong>meruisse</strong></span> <span class='ocrx_word' id='word_1_188' title='bbox 1113 1676 1122 1694; x_wconf 95' lang='lat'><strong>,</strong></span> <span class='ocrx_word' id='word_1_189' title='bbox 1158 1651 1207 1684; x_wconf 87' lang='lat' dir='ltr'><strong>ut</strong></span> <span class='ocrx_word' id='word_1_190' title='bbox 1230 1650 1337 1684; x_wconf 86' lang='lat' dir='ltr'><strong>esset</strong></span> <span class='ocrx_word' id='word_1_191' title='bbox 1363 1641 1438 1683; x_wconf 89' lang='lat' dir='ltr'><strong>Dei</strong></span> 
     </span>
     <span class='ocr_line' id='line_1_22' title="bbox 45 1711 1437 1771; baseline 0 -18"><span class='ocrx_word' id='word_1_192' title='bbox 45 1713 195 1765; x_wconf 87' lang='lat' dir='ltr'><strong>Filius,</strong></span> <span class='ocrx_word' id='word_1_193' title='bbox 223 1713 446 1756; x_wconf 83' lang='lat' dir='ltr'><strong>resistente</strong></span> <span class='ocrx_word' id='word_1_194' title='bbox 460 1711 696 1769; x_wconf 80' lang='lat' dir='ltr'><strong>Evangelio</strong></span> <span class='ocrx_word' id='word_1_195' title='bbox 711 1721 843 1771; x_wconf 82' lang='lat' dir='ltr'><strong>atque</strong></span> <span class='ocrx_word' id='word_1_196' title='bbox 866 1711 1059 1755; x_wconf 88' lang='lat' dir='ltr'><strong>dicente:</strong></span> <span class='ocrx_word' id='word_1_197' title='bbox 1084 1730 1102 1752; x_wconf 91' lang='lat'>«</span> <span class='ocrx_word' id='word_1_198' title='bbox 1122 1712 1315 1754; x_wconf 86' lang='lat' dir='ltr'><strong>Verbum</strong></span> <span class='ocrx_word' id='word_1_199' title='bbox 1338 1725 1437 1754; x_wconf 90' lang='lat' dir='ltr'><strong>caro</strong></span> 
     </span>
     <span class='ocr_line' id='line_1_23' title="bbox 47 1781 1436 1834; baseline 0.001 -12"><span class='ocrx_word' id='word_1_200' title='bbox 47 1799 67 1822; x_wconf 89' lang='lat'>»</span> <span class='ocrx_word' id='word_1_201' title='bbox 96 1782 261 1826; x_wconf 88' lang='lat' dir='ltr'><strong>factum</strong></span> <span class='ocrx_word' id='word_1_202' title='bbox 284 1792 346 1827; x_wconf 89' lang='lat' dir='ltr'><strong>est</strong></span> <span class='ocrx_word' id='word_1_203' title='bbox 375 1787 407 1825; x_wconf 72' lang='lat'><strong>².</strong></span> <span class='ocrx_word' id='word_1_204' title='bbox 442 1786 587 1827; x_wconf 86' lang='lat' dir='ltr'><strong>»Nam</strong></span> <span class='ocrx_word' id='word_1_205' title='bbox 609 1783 683 1825; x_wconf 91' lang='lat' dir='ltr'><strong>ubi</strong></span> <span class='ocrx_word' id='word_1_206' title='bbox 706 1783 790 1825; x_wconf 88' lang='lat' dir='ltr'><strong>boc</strong></span> <span class='ocrx_word' id='word_1_207' title='bbox 813 1781 977 1825; x_wconf 83' lang='lat' dir='ltr'><strong>factum</strong></span> <span class='ocrx_word' id='word_1_208' title='bbox 1008 1791 1102 1834; x_wconf 87' lang='lat' dir='ltr'><strong>est,</strong></span> <span class='ocrx_word' id='word_1_209' title='bbox 1129 1782 1209 1824; x_wconf 82' lang='lat' dir='ltr'><strong>nisi</strong></span> <span class='ocrx_word' id='word_1_210' title='bbox 1241 1783 1283 1824; x_wconf 90' lang='lat' dir='ltr'><strong>in</strong></span> <span class='ocrx_word' id='word_1_211' title='bbox 1313 1792 1436 1824; x_wconf 85' lang='lat' dir='ltr'><strong>utero</strong></span> 
     </span>
     <span class='ocr_line' id='line_1_24' title="bbox 43 1851 1435 1910; baseline -0.003 -14"><span class='ocrx_word' id='word_1_212' title='bbox 43 1852 271 1910; x_wconf 85' lang='lat' dir='ltr'><strong>virginali,</strong></span> <span class='ocrx_word' id='word_1_213' title='bbox 299 1852 419 1896; x_wconf 85' lang='lat' dir='ltr'><strong>unde</strong></span> <span class='ocrx_word' id='word_1_214' title='bbox 448 1852 532 1896; x_wconf 87' lang='lat' dir='ltr'><strong>fuit</strong></span> <span class='ocrx_word' id='word_1_215' title='bbox 557 1852 731 1895; x_wconf 86' lang='lat' dir='ltr'><strong>initium</strong></span> <span class='ocrx_word' id='word_1_216' title='bbox 766 1851 955 1894; x_wconf 84' lang='lat' dir='ltr'><strong>bominis</strong></span> <span class='ocrx_word' id='word_1_217' title='bbox 991 1851 1151 1894; x_wconf 77' lang='lat' dir='ltr'><strong>Christi</strong></span> <span class='ocrx_word' id='word_1_218' title='bbox 1187 1853 1204 1893; x_wconf 68' lang='lat' dir='ltr'><em>P</em></span> <span class='ocrx_word' id='word_1_219' title='bbox 1237 1854 1435 1908; x_wconf 80' lang='lat' dir='ltr'><strong>Itemque</strong></span> 
     </span>
     <span class='ocr_line' id='line_1_25' title="bbox 42 1919 1435 1983; baseline -0.004 -17"><span class='ocrx_word' id='word_1_220' title='bbox 42 1922 208 1980; x_wconf 85' lang='lat' dir='ltr'><strong>virgine</strong></span> <span class='ocrx_word' id='word_1_221' title='bbox 232 1923 480 1983; x_wconf 81' lang='lat' dir='ltr'><strong>requirente</strong></span> <span class='ocrx_word' id='word_1_222' title='bbox 496 1957 507 1974; x_wconf 89' lang='lat'><strong>,</strong></span> <span class='ocrx_word' id='word_1_223' title='bbox 533 1922 758 1981; x_wconf 88' lang='lat' dir='ltr'><strong>quomodo</strong></span> <span class='ocrx_word' id='word_1_224' title='bbox 783 1922 904 1964; x_wconf 85' lang='lat' dir='ltr'><strong>fieret</strong></span> <span class='ocrx_word' id='word_1_225' title='bbox 926 1921 1045 1980; x_wconf 87' lang='lat' dir='ltr'><strong>quod</strong></span> <span class='ocrx_word' id='word_1_226' title='bbox 1065 1921 1102 1963; x_wconf 92' lang='lat' dir='ltr'><strong>ei</strong></span> <span class='ocrx_word' id='word_1_227' title='bbox 1126 1935 1202 1978; x_wconf 88' lang='lat' dir='ltr'><strong>per</strong></span> <span class='ocrx_word' id='word_1_228' title='bbox 1219 1919 1435 1977; x_wconf 83' lang='lat' dir='ltr'><strong>Angelum</strong></span> 
     </span>
     <span class='ocr_line' id='line_1_26' title="bbox 44 1991 1437 2052; baseline -0.003 -16"><span class='ocrx_word' id='word_1_229' title='bbox 44 1993 330 2037; x_wconf 84' lang='lat' dir='ltr'><strong>nuntiabatur</strong></span> <span class='ocrx_word' id='word_1_230' title='bbox 351 2028 362 2048; x_wconf 95' lang='lat'><strong>,</strong></span> <span class='ocrx_word' id='word_1_231' title='bbox 387 1992 581 2052; x_wconf 83' lang='lat' dir='ltr'><strong>Angelus</strong></span> <span class='ocrx_word' id='word_1_232' title='bbox 611 1991 835 2050; x_wconf 83' lang='lat' dir='ltr'><strong>respondit</strong></span> <span class='ocrx_word' id='word_1_233' title='bbox 862 2010 870 2034; x_wconf 88' lang='lat'><strong>:</strong></span> <span class='ocrx_word' id='word_1_234' title='bbox 910 2009 929 2031; x_wconf 89' lang='lat'>«</span> <span class='ocrx_word' id='word_1_235' title='bbox 969 1991 1152 2048; x_wconf 82' lang='lat' dir='ltr'><strong>Spiritus</strong></span> <span class='ocrx_word' id='word_1_236' title='bbox 1174 2000 1347 2033; x_wconf 81' lang='lat' dir='ltr'><strong>sanctus</strong></span> <span class='ocrx_word' id='word_1_237' title='bbox 1369 2005 1437 2032; x_wconf 87' lang='lat' dir='ltr'><strong>su·</strong></span> 
     </span>
     <span class='ocr_line' id='line_1_27' title="bbox 51 2060 1434 2122; baseline -0.001 -19"><span class='ocrx_word' id='word_1_238' title='bbox 51 2081 69 2103; x_wconf 82' lang='lat'>»</span> <span class='ocrx_word' id='word_1_239' title='bbox 92 2064 317 2122; x_wconf 85' lang='lat' dir='ltr'><strong>perveniet</strong></span> <span class='ocrx_word' id='word_1_240' title='bbox 345 2063 390 2106; x_wconf 94' lang='lat' dir='ltr'><strong>in</strong></span> <span class='ocrx_word' id='word_1_241' title='bbox 417 2072 482 2117; x_wconf 88' lang='lat' dir='ltr'><strong>te,</strong></span> <span class='ocrx_word' id='word_1_242' title='bbox 518 2072 562 2106; x_wconf 88' lang='lat' dir='ltr'><strong>et</strong></span> <span class='ocrx_word' id='word_1_243' title='bbox 591 2062 727 2106; x_wconf 86' lang='lat' dir='ltr'><strong>virtus</strong></span> <span class='ocrx_word' id='word_1_244' title='bbox 760 2060 965 2104; x_wconf 84' lang='lat' dir='ltr'><strong>Altissimi</strong></span> <span class='ocrx_word' id='word_1_245' title='bbox 1000 2060 1280 2103; x_wconf 84' lang='lat' dir='ltr'><strong>obumbrabit</strong></span> <span class='ocrx_word' id='word_1_246' title='bbox 1313 2060 1393 2102; x_wconf 85' lang='lat' dir='ltr'><strong>tibi</strong></span> <span class='ocrx_word' id='word_1_247' title='bbox 1426 2077 1434 2101; x_wconf 73' lang='grc' dir='ltr'>ε</span> 
     </span>
     <span class='ocr_line' id='line_1_28' title="bbox 51 2128 1438 2192; baseline -0.002 -18"><span class='ocrx_word' id='word_1_248' title='bbox 51 2151 71 2174; x_wconf 87' lang='lat'>»</span> <span class='ocrx_word' id='word_1_249' title='bbox 99 2143 328 2192; x_wconf 84' lang='lat' dir='ltr'><strong>propterea</strong></span> <span class='ocrx_word' id='word_1_250' title='bbox 343 2133 462 2192; x_wconf 86' lang='lat' dir='ltr'><strong>quod</strong></span> <span class='ocrx_word' id='word_1_251' title='bbox 480 2141 681 2176; x_wconf 88' lang='lat' dir='ltr'><strong>nascetur</strong></span> <span class='ocrx_word' id='word_1_252' title='bbox 704 2147 754 2174; x_wconf 85' lang='lat' dir='ltr'><strong>ex</strong></span> <span class='ocrx_word' id='word_1_253' title='bbox 766 2140 808 2174; x_wconf 88' lang='lat' dir='ltr'><strong>te</strong></span> <span class='ocrx_word' id='word_1_254' title='bbox 823 2146 862 2173; x_wconf 87' lang='lat' dir='ltr'><strong>sa</strong></span> <span class='ocrx_word' id='word_1_255' title='bbox 870 2139 1017 2174; x_wconf 85' lang='lat' dir='ltr'><strong>netum</strong></span> <span class='ocrx_word' id='word_1_256' title='bbox 1033 2165 1042 2183; x_wconf 94' lang='lat'><strong>,</strong></span> <span class='ocrx_word' id='word_1_257' title='bbox 1058 2130 1287 2174; x_wconf 85' lang='lat' dir='ltr'><strong>vocabitur</strong></span> <span class='ocrx_word' id='word_1_258' title='bbox 1302 2128 1438 2172; x_wconf 85' lang='lat' dir='ltr'><strong>Filius</strong></span> 
     </span>
     <span class='ocr_line' id='line_1_29' title="bbox 51 2202 1438 2262; baseline -0.001 -18"><span class='ocrx_word' id='word_1_259' title='bbox 51 2220 71 2244; x_wconf 70' lang='lat' dir='ltr'><strong>i)</strong></span> <span class='ocrx_word' id='word_1_260' title='bbox 98 2204 175 2247; x_wconf 89' lang='lat' dir='ltr'><strong>Dei</strong></span> <span class='ocrx_word' id='word_1_261' title='bbox 200 2206 232 2247; x_wconf 78' lang='grc'><strong>3.</strong></span> <span class='ocrx_word' id='word_1_262' title='bbox 275 2207 522 2262; x_wconf 85' lang='lat' dir='ltr'><strong>Propterea,</strong></span> <span class='ocrx_word' id='word_1_263' title='bbox 563 2222 581 2244; x_wconf 90' lang='lat'>»</span> <span class='ocrx_word' id='word_1_264' title='bbox 607 2202 752 2261; x_wconf 89' lang='lat' dir='ltr'><strong>inquit</strong></span> <span class='ocrx_word' id='word_1_265' title='bbox 777 2220 784 2244; x_wconf 93' lang='lat'>:</span> <span class='ocrx_word' id='word_1_266' title='bbox 824 2216 911 2244; x_wconf 88' lang='lat' dir='ltr'><strong>non</strong></span> <span class='ocrx_word' id='word_1_267' title='bbox 944 2209 1122 2259; x_wconf 84' lang='lat' dir='ltr'><strong>propter</strong></span> <span class='ocrx_word' id='word_1_268' title='bbox 1145 2216 1272 2259; x_wconf 82' lang='lat' dir='ltr'><strong>opera</strong></span> <span class='ocrx_word' id='word_1_269' title='bbox 1292 2235 1301 2253; x_wconf 83' lang='lat'><strong>,</strong></span> <span class='ocrx_word' id='word_1_270' title='bbox 1340 2213 1438 2258; x_wconf 80' lang='lat' dir='ltr'><strong>quae</strong></span> 
     </span>
     <span class='ocr_line' id='line_1_30' title="bbox 48 2269 1439 2332; baseline -0.005 -14"><span class='ocrx_word' id='word_1_271' title='bbox 48 2273 248 2318; x_wconf 89' lang='lat' dir='ltr'><strong>nondum</strong></span> <span class='ocrx_word' id='word_1_272' title='bbox 280 2275 371 2317; x_wconf 91' lang='lat' dir='ltr'><strong>nati</strong></span> <span class='ocrx_word' id='word_1_273' title='bbox 408 2273 560 2332; x_wconf 86' lang='lat' dir='ltr'><strong>utique</strong></span> <span class='ocrx_word' id='word_1_274' title='bbox 591 2271 712 2316; x_wconf 83' lang='lat' dir='ltr'><strong>nulla</strong></span> <span class='ocrx_word' id='word_1_275' title='bbox 739 2280 840 2314; x_wconf 86' lang='lat' dir='ltr'><strong>sunt</strong></span> <span class='ocrx_word' id='word_1_276' title='bbox 877 2292 888 2328; x_wconf 74' lang='lat'><em>3</em></span> <span class='ocrx_word' id='word_1_277' title='bbox 929 2290 948 2311; x_wconf 86' lang='lat'>«</span> <span class='ocrx_word' id='word_1_278' title='bbox 980 2270 1053 2314; x_wconf 90' lang='lat' dir='ltr'><strong>sed</strong></span> <span class='ocrx_word' id='word_1_279' title='bbox 1076 2282 1301 2329; x_wconf 80' lang='lat' dir='ltr'><strong>propterea</strong></span> <span class='ocrx_word' id='word_1_280' title='bbox 1339 2269 1439 2328; x_wconf 87' lang='lat' dir='ltr'><strong>quia</strong></span> 
     </span>
     <span class='ocr_line' id='line_1_31' title="bbox 51 2337 1439 2403; baseline -0.004 -19"><span class='ocrx_word' id='word_1_281' title='bbox 51 2344 274 2403; x_wconf 85' lang='lat' dir='ltr'><strong>»Spiritus</strong></span> <span class='ocrx_word' id='word_1_282' title='bbox 308 2353 482 2388; x_wconf 85' lang='lat' dir='ltr'><strong>sanctus</strong></span> <span class='ocrx_word' id='word_1_283' title='bbox 509 2342 786 2401; x_wconf 79' lang='lat' dir='ltr'><strong>superveniet</strong></span> <span class='ocrx_word' id='word_1_284' title='bbox 810 2341 856 2384; x_wconf 89' lang='lat' dir='ltr'><strong>in</strong></span> <span class='ocrx_word' id='word_1_285' title='bbox 883 2350 921 2384; x_wconf 84' lang='lat' dir='ltr'><strong>tc</strong></span> <span class='ocrx_word' id='word_1_286' title='bbox 943 2376 953 2395; x_wconf 93' lang='lat'><strong>,</strong></span> <span class='ocrx_word' id='word_1_287' title='bbox 994 2351 1038 2384; x_wconf 89' lang='lat' dir='ltr'><strong>et</strong></span> <span class='ocrx_word' id='word_1_288' title='bbox 1069 2342 1205 2385; x_wconf 84' lang='lat' dir='ltr'><strong>virtus</strong></span> <span class='ocrx_word' id='word_1_289' title='bbox 1235 2337 1439 2383; x_wconf 83' lang='lat' dir='ltr'><strong>Altissimi</strong></span> 
     </span>
     <span class='ocr_line' id='line_1_32' title="bbox 52 2407 1440 2472; baseline -0.004 -17"><span class='ocrx_word' id='word_1_290' title='bbox 52 2414 371 2461; x_wconf 84' lang='lat' dir='ltr'><strong>»obumbrabit</strong></span> <span class='ocrx_word' id='word_1_291' title='bbox 397 2414 498 2467; x_wconf 88' lang='lat' dir='ltr'><strong>tibi,</strong></span> <span class='ocrx_word' id='word_1_292' title='bbox 521 2413 638 2472; x_wconf 87' lang='lat' dir='ltr'><strong>quod</strong></span> <span class='ocrx_word' id='word_1_293' title='bbox 665 2421 864 2455; x_wconf 86' lang='lat' dir='ltr'><strong>nascetur</strong></span> <span class='ocrx_word' id='word_1_294' title='bbox 887 2426 936 2453; x_wconf 80' lang='lat' dir='ltr'><strong>cx</strong></span> <span class='ocrx_word' id='word_1_295' title='bbox 962 2419 1003 2453; x_wconf 83' lang='lat' dir='ltr'><strong>te</strong></span> <span class='ocrx_word' id='word_1_296' title='bbox 1024 2420 1237 2461; x_wconf 84' lang='lat' dir='ltr'><strong>sanctum,</strong></span> <span class='ocrx_word' id='word_1_297' title='bbox 1264 2407 1440 2452; x_wconf 80' lang='lat' dir='ltr'><strong>vocabi-</strong></span> 
     </span>
     <span class='ocr_line' id='line_1_33' title="bbox 53 2479 1440 2539; baseline -0.007 -9"><span class='ocrx_word' id='word_1_298' title='bbox 53 2501 74 2525; x_wconf 67' lang='lat'><strong>³»</strong></span> <span class='ocrx_word' id='word_1_299' title='bbox 91 2494 162 2530; x_wconf 85' lang='lat' dir='ltr'><strong>tur</strong></span> <span class='ocrx_word' id='word_1_300' title='bbox 193 2484 328 2529; x_wconf 85' lang='lat' dir='ltr'><strong>Filius</strong></span> <span class='ocrx_word' id='word_1_301' title='bbox 355 2484 446 2529; x_wconf 83' lang='lat' dir='ltr'><strong>Dei.</strong></span> <span class='ocrx_word' id='word_1_302' title='bbox 487 2503 506 2525; x_wconf 66' lang='grc' dir='ltr'>η</span> <span class='ocrx_word' id='word_1_303' title='bbox 543 2486 631 2527; x_wconf 83' lang='lat' dir='ltr'><strong>Ista</strong></span> <span class='ocrx_word' id='word_1_304' title='bbox 653 2482 854 2527; x_wconf 74' lang='lat' dir='ltr'><strong>nativitas</strong></span> <span class='ocrx_word' id='word_1_305' title='bbox 889 2479 1084 2539; x_wconf 84' lang='lat' dir='ltr'><strong>profecto</strong></span> <span class='ocrx_word' id='word_1_306' title='bbox 1116 2482 1301 2537; x_wconf 72' lang='lat' dir='ltr'><strong>gratuita</strong></span> <span class='ocrx_word' id='word_1_307' title='bbox 1332 2493 1440 2522; x_wconf 83' lang='lat' dir='ltr'><strong>con-</strong></span> 
     </span>
    </p>

    <p class='ocr_par' dir='ltr' id='par_1_2' title="bbox 100 2564 1255 2662">
     <span class='ocr_line' id='line_1_34' title="bbox 100 2564 1010 2607; baseline -0.009 -5"><span class='ocrx_word' id='word_1_308' title='bbox 100 2576 107 2591; x_wconf 86' lang='lat'>¹</span> <span class='ocrx_word' id='word_1_309' title='bbox 130 2571 220 2602; x_wconf 79' lang='lat' dir='ltr'><strong>Rom.</strong></span> <span class='ocrx_word' id='word_1_310' title='bbox 242 2580 312 2602; x_wconf 69' lang='lat' dir='ltr'><strong>vui.</strong></span> <span class='ocrx_word' id='word_1_311' title='bbox 333 2569 385 2601; x_wconf 76' lang='lat'><strong>31.</strong></span> <span class='ocrx_word' id='word_1_312' title='bbox 409 2585 448 2590; x_wconf 53' lang='lat'><strong>‹-</strong></span> <span class='ocrx_word' id='word_1_313' title='bbox 467 2575 477 2589; x_wconf 80' lang='lat'>⁷</span> <span class='ocrx_word' id='word_1_314' title='bbox 499 2569 590 2599; x_wconf 68' lang='grc' dir='ltr'><strong>ιΙοευι.</strong></span> <span class='ocrx_word' id='word_1_315' title='bbox 612 2579 635 2607; x_wconf 82' lang='lat' dir='ltr'><strong>r,</strong></span> <span class='ocrx_word' id='word_1_316' title='bbox 661 2566 708 2607; x_wconf 55' lang='grc'><strong>14.</strong></span> <span class='ocrx_word' id='word_1_317' title='bbox 726 2564 790 2588; x_wconf 72' lang='grc'><strong>--3</strong></span> <span class='ocrx_word' id='word_1_318' title='bbox 815 2567 889 2596; x_wconf 63' lang='lat' dir='ltr'><strong>Lac.</strong></span> <span class='ocrx_word' id='word_1_319' title='bbox 913 2575 934 2604; x_wconf 82' lang='lat' dir='ltr'><strong>i,</strong></span> <span class='ocrx_word' id='word_1_320' title='bbox 959 2564 1010 2595; x_wconf 64' lang='grc' dir='ltr'><em>δῖ’).</em></span> 
     </span>
     <span class='ocr_line' id='line_1_35' title="bbox 266 2633 1255 2662; baseline 0 -1"><span class='ocrx_word' id='word_1_321' title='bbox 266 2633 417 2662; x_wconf 33' lang='lat' dir='ltr'><strong>cxxiiii.</strong></span> <span class='ocrx_word' id='word_1_322' title='bbox 1233 2634 1255 2653; x_wconf 54' lang='grc' dir='ltr'><strong>ν)</strong></span> 
     </span>
    </p>
   </div>
  </div>
 </body>
</html>
