1821 3264
248 250 391 280 opums
425 251 603 278 marcar.
638 248 801 277 cor-‘rna
833 251 1002 279 wrm«.
1039 252 1120 279 Lm.
1161 253 1205 277 ιι.
1343 237 1427 277 479

42 317 135 363 beri
156 316 390 377 Apostolus
415 314 613 376 praecipit
631 348 643 369 ‚
666 329 745 359 nec
775 330 954 374 regnare
983 315 1220 375 permittit,
1248 329 1430 375 eamque

42 388 208 450 peccati
228 388 406 433 nomine
427 385 646 447 appellat;
671 386 773 446 quia
793 395 835 430 et
864 386 917 430 de
939 386 1078 446 primo
1099 394 1274 445 peccato
1300 386 1430 445 origi-

42 475 144 504 nem
164 459 303 515 ducit‚
325 469 368 504 et
381 457 577 520 quisquis
589 457 679 517 ejus
699 457 887 502 motibus
912 456 965 501 ad
978 456 1127 502 illicita
1150 458 1428 511 consenserit,

42 539 192 590 peccat
211 549 221 575 :
242 546 344 591 quae
364 540 473 575 tunc
494 527 615 573 nulla
635 528 716 571 erit
733 527 779 571 in
805 528 931 571 nobis
951 562 962 582 ‚
991 526 1168 587 quando
1190 526 1433 571 immortale

41 616 200 662 corpus
215 600 496 646 habebimus:
513 598 701 658 ideoque
714 613 813 642 cum
828 607 971 658 posset
987 597 1152 642 dicere:
1171 599 1267 640 Non
1284 605 1436 655 regnet

43 681 271 732 peccatum
294 671 340 716 in
355 679 497 716 vestro
513 683 711 728 corpore,
729 684 807 713 cnr
824 667 994 712 addidit
1016 666 1215 720 verbum,
1232 675 1275 709 et
1297 666 1372 720 ait,
1391 666 1435 708 in

42 751 186 788 vestro
206 740 380 787 mortali
413 754 593 799 corpore
613 773 624 793 ‚
652 739 732 782 nisi
765 747 813 783 ut
849 748 954 783 tunc
983 751 1254 798 speraremus
1279 736 1403 780 istam
1422 769 1434 791 ,

0 874 1 877 Ἴ
42 829 176 874 quam
203 822 431 874 peccatum
460 819 588 857 vocat
607 845 619 866 ‚
660 810 1056 870 concupiscentiam
1091 824 1180 853 non
1209 807 1401 852 futuram
1422 841 1434 862 ‚

42 884 221 945 quando
259 884 445 930 mortale
477 899 568 928 non
606 882 867 926 habebimus
905 896 1062 940 corpus
1096 882 1113 924 ?
1146 882 1253 924 Nam
1294 888 1343 923 tu
1369 877 1439 922 dic

42 956 167 1001 nobis
188 991 200 1012 ‚
225 972 303 1001 cur
322 971 412 1001 non
435 955 495 999 ait
515 975 526 1013 3
549 956 646 999 Non
678 953 732 997 sit
765 961 993 1012 peccatum
1023 952 1069 995 in
1092 960 1234 995 vestro
1267 947 1440 993 mortali

43 1041 226 1088 corpore
246 1048 258 1086 3
289 1026 366 1072 sed
388 1027 470 1081 ait,
490 1028 586 1070 Non
605 1033 758 1084 regnet
779 1025 796 1067 P
814 1023 895 1068 nisi
914 1022 1016 1083 quia
1038 1022 1117 1066 ista
1133 1021 1441 1080 concupiscen-

44 1098 125 1153 tia,
146 1114 246 1158 quae
262 1113 353 1142 non
376 1104 518 1156 potest
541 1096 622 1140 nisi
646 1111 734 1140 esse
757 1095 801 1138 in
818 1108 947 1139 carne
972 1091 1146 1137 mortali
1166 1126 1177 1147 ‚
1204 1092 1249 1134 in
1266 1092 1325 1134 eis
1342 1105 1441 1148 reg-

44 1177 134 1225 nat,
153 1170 231 1229 qui
253 1167 475 1213 desideriis
490 1168 580 1228 ejus
602 1166 657 1211 ad
681 1165 793 1210 mala
815 1162 1106 1225 perpetranda
1128 1163 1409 1207 consentiunt
1429 1179 1441 1217 3

45 1249 90 1284 et
111 1240 168 1284 ab
192 1256 240 1284 ea
264 1253 548 1299 quocumque
581 1237 791 1292 illexerit,
821 1236 924 1281 victi
944 1234 1259 1295 pertrahuntur
1280 1232 1443 1291 majore

46 1311 232 1371 impetu,
252 1311 354 1371 quia
369 1314 484 1369 Lege
501 1310 792 1370 prohibentur
807 1343 818 1364 ,
844 1310 875 1352 si
896 1307 1031 1366 gratia
1047 1321 1136 1351 non
1144 1306 1354 1365 juvantur
1372 1321 1380 1347 z
1401 1302 1444 1345 in

45 1382 105 1426 eis
127 1390 296 1436 autem,
317 1382 393 1442 qui
416 1384 507 1425 Deo
532 1380 726 1425 donante
749 1379 920 1423 faciunt
939 1377 1060 1438 quod
1077 1383 1347 1436 praeceptum
1364 1381 1442 1426 est,

44 1451 88 1496 id
103 1460 188 1507 est,
213 1459 443 1496 commotae
462 1460 596 1510 atque
616 1449 795 1494 instanti
813 1464 902 1493 non
918 1447 1131 1493 obediunt
1144 1481 1156 1501 ‚
1177 1460 1257 1489 nec
1276 1444 1313 1487 ei
1328 1457 1446 1487 arma

45 1521 254 1567 exhibent
268 1522 480 1576 membra,
501 1521 617 1566 inest
630 1520 827 1581 quidem,
846 1519 921 1563 sed
939 1534 1029 1563 non
1051 1525 1217 1576 regnat.
1232 1514 1447 1559 Probatur

47 1602 193 1638 autem
220 1594 393 1649 inesse,
424 1592 534 1637 dum
572 1591 944 1651 concupiscuntur
972 1587 1086 1632 mala
1118 1603 1128 1631 .-
1164 1595 1209 1630 et
1239 1585 1448 1646 probatur

47 1680 138 1709 non
154 1679 354 1725 regnare,
366 1628 660 1723 dumjustitiae
680 1661 969 1706 delectatione
986 1660 1189 1703 vincente
1205 1672 1296 1701 non
1316 1657 1444 1699 fiunt.

47 1736 281 1790 Quomodo
300 1736 416 1780 enim
439 1735 719 1795 praecipimur
741 1733 780 1777 ei
809 1747 899 1777 non
922 1729 1130 1784 obedire,
1156 1727 1237 1772 nisi
1255 1724 1446 1804 jubenti,

49 1807 137 1852 sive
156 1806 357 1852 suadenti
379 1809 397 1851 Ρ
419 1806 653 1860 Quomodo
672 1813 818 1850 autem
841 1803 984 1848 facere
1006 1802 1090 1846 hoc
1111 1806 1278 1859 potest,
1304 1797 1339 1841 si
1360 1811 1451 1841 non

48 1879 161 1923 inest
176 1879 194 1920 ‘2

108 1949 370 1995 CCXXVII.
396 1949 624 1991 ὄπωπε.
654 1963 674 1987 «
706 1947 858 2004 Neque
880 1941 1118 1987 exhibeatis
1145 1938 1340 1983 membra
1362 1951 1451 1981 ves-

53 2037 75 2060 »
99 2027 164 2064 tra
185 2034 304 2063 arma
320 2017 565 2078 iniquitatis
586 2025 766 2076 peccato
788 2034 797 2059 :
820 2015 896 2058 sed
911 2011 1114 2056 exhibete
1128 2024 1204 2054 vos
1228 2011 1334 2061 Deo,
1361 2015 1452 2051 tan-

55 2107 76 2131 »
101 2104 236 2149 quam
259 2104 311 2133 ex
333 2088 517 2133 mortuis
534 2087 763 2140 viventes,
797 2094 840 2128 et
861 2083 1059 2128 membra
1080 2089 1221 2125 vestra
1233 2093 1350 2123 arma
1367 2078 1454 2136 jus-

54 2179 76 2203 »
101 2162 210 2206 titiae
230 2164 345 2206 Deo·
338 2169 595 2221 ‚peccatum
616 2159 732 2202 enim
753 2158 800 2201 in
822 2155 945 2201 vobis
963 2169 1053 2199 non
1070 2152 1350 2208 dominatum
1364 2164 1454 2193 non

56 2250 78 2274 »
102 2233 217 2277 enim
251 2232 334 2277 sub
365 2235 480 2289 Lege
510 2231 636 2284 estis,
669 2227 745 2273 sed
772 2227 854 2272 sub
883 2226 1020 2286 gratia
1045 2227 1075 2268 ¹.
1112 2243 1131 2264 »
1158 2225 1251 2277 Eo,
1285 2220 1450 2281 inquit,

55 2304 221 2350 debetis
246 2304 404 2349 servire
424 2307 510 2347 Deo
538 2300 740 2355 fidelius,
772 2314 862 2360 quo
879 2298 1009 2342 etiam
1034 2294 1273 2340 liberalius.
1301 2296 1454 2336 Pecca-

55 2385 152 2421 tum
171 2376 336 2437 quippe
357 2374 668 2420 dominabatur
680 2370 821 2426 vobiS‚
833 2384 935 2414 cum
950 2376 1151 2412 reatuum
1166 2362 1455 2423 impendebat

56 2447 202 2493 ultio·
194 2457 376 2508 ‚postea
394 2455 540 2491 autem
562 2459 695 2506 quam
724 2443 860 2503 gratia
881 2440 958 2485 Dei
990 2438 1199 2483 beneficia
1232 2431 1457 2480 consecuti

59 2517 178 2575 estis,
197 2526 242 2563 et
258 2517 464 2578 depositis
481 2524 682 2561 reatuum
704 2510 970 2574 ponderibus
985 2508 1240 2568 respirastis,
1265 2506 1469 2565 ingenuo,

110 2607 122 2625 ¹
145 2603 238 2636 Rom.
259 2611 306 2644 vi,
331 2600 371 2634 13
390 2603 423 2634 et
443 2598 497 2641 14.
