1884 3285
1822 0 1859 91 ii

1825 90 1830 154 z

1828 243 1833 278 ¹.

421 245 502 284 140
860 256 891 279 s.
930 253 1156 281 AI'GI'STINI
1193 256 1369 282 Erlscom

417 320 597 364 dicenda
622 328 696 362 est.
727 320 780 362 Et
808 319 897 377 ipsa
918 318 1047 376 igitur
1075 320 1146 363 Dei
1175 319 1337 363 donum
1363 328 1441 373 est,
1466 317 1583 378 quod
1606 334 1649 363 se
1671 319 1800 364 datu-
1829 287 1835 380 i
1859 321 1884 354 5⁴³

418 404 510 432 rum
540 392 649 431 Deus
671 388 831 431 vocatis
853 388 938 431 suis
964 387 1035 431 illa
1063 389 1309 442 vocatione,
1336 389 1390 432 de
1417 403 1503 447 qua
1523 388 1688 432 dictum
1709 400 1798 445 est,
1831 381 1884 444 'W‘

420 477 441 499 «
468 459 566 501 Sine
580 458 835 516 poenitentia
854 466 955 502 sunt
968 457 1081 502 dona
1100 468 1143 502 et
1155 459 1324 502 vocatio
1346 458 1420 501 Dei
1434 460 1464 511 ¹,
1482 458 1638 501 »omni
1657 458 1801 503 Chris-
1832 447 1884 516 {rai

416 527 535 571 tiano
557 528 793 571 confitente
814 528 1042 587 praescivit.
1071 531 1174 572 Haec
1202 537 1264 571 est
1286 528 1418 586 igitur
1446 527 1798 586 praedestinatio,
1834 518 1884 579 iul?

416 614 546 658 quam
577 598 763 643 fideliter
790 608 920 659 atque
950 598 1172 642 humiliter
1204 599 1503 658 praedicamus.
1538 600 1626 643 Nec
1657 607 1803 642 tamen
1836 588 1884 672 ’μί’

415 668 531 712 idem
553 668 706 713 doctor
723 678 765 713 et
789 668 946 723 factor,
978 669 1053 728 qui
1081 669 1190 712 etin
1215 668 1438 713 Christum
1457 667 1659 722 credidit,
1685 677 1729 712 et
1759 668 1803 712 in
1837 671 1881 722 fii·

417 748 563 783 sancta
585 740 829 782 obedientia
852 754 989 799 usque
1014 739 1067 782 ad
1090 740 1328 797 passionem
1353 754 1432 798 pro
1460 738 1633 783 Christo
1651 752 1802 797 perse·
1839 730 1884 780 '2¹⁹

418 809 712 852 verantissime
733 810 864 863 vixit,
889 809 987 853 ideo
1021 811 1196 853 cessavit
1235 810 1468 870 praedicare
1491 808 1800 868 Evangelium,
1840 804 1884 871 {q‘

417 878 631 922 exhortari
655 878 709 922 ad
731 878 861 922 fidem
879 879 1061 938 piosque
1083 895 1240 934 mores,
1266 889 1397 939 atque
1425 879 1478 924 ad
1500 880 1638 938 ipsam
1667 893 1805 938 usque
1842 888 1876 932 ,³¹2

418 948 462 991 in
484 949 615 991 finem
638 951 1018 1007 perseverantiam,
1044 950 1248 1009 quoniam
1268 951 1403 1005 dixit,
1435 969 1454 992 «
1485 950 1530 993 in
1552 948 1677 993 nullo
1708 948 1802 1007 glo-
1842 944 1849 979 ’ἱ
1865 963 1877 996 ις

422 1037 442 1059 >ι
467 1019 688 1073 riandum,
714 1018 891 1078 quando
921 1030 1115 1064 nostrum
1143 1021 1250 1064 nihil
1285 1022 1362 1077 sit3
1401 1038 1419 1061 υ
1446 1020 1523 1063 ubi
1555 1034 1698 1063 veram
1727 1020 1803 1062 Dei
1844 1011 1877 1063 ‘ss

419 1089 623 1146 gratiam,
650 1089 693 1131 id
712 1098 789 1143 est,
815 1105 914 1148 quae
937 1105 1024 1133 non
1046 1090 1284 1134 seeundum
1309 1090 1462 1134 merita
1485 1098 1631 1133 nostra
1656 1089 1801 1143 datur,
1845 1078 1884 1134 it

419 1158 510 1201 sine
532 1158 619 1201 ulla
643 1159 925 1217 ambiguitate
949 1159 1182 1203 declaravit
1211 1179 1219 1203 :
1246 1175 1377 1218 quain
1403 1174 1447 1202 se
1465 1159 1671 1202 daturum
1693 1175 1805 1218 quo·
1869 1173 1876 1205 ι

419 1229 535 1270 niam
565 1228 778 1286 praescivit
815 1231 950 1283 Deus,
983 1229 1048 1272 his
1076 1229 1283 1287 Cypriani
1320 1229 1463 1273 verbis
1486 1228 1640 1288 procul
1668 1228 1804 1273 dubio
1877 1245 1881 1271 i

417 1299 738 1356 praedestinatio
762 1298 992 1356 praedicata
1022 1309 1111 1344 est:
1132 1315 1230 1359 quae
1256 1300 1290 1343 si
1308 1300 1575 1359 Cyprianum
1596 1316 1618 1344 a
1641 1301 1803 1359 praedi-
1849 1300 1853 1339 ἐ
1878 1316 1883 1341 ι

415 1369 585 1411 catione
607 1369 866 1412 obedientiae
893 1384 982 1413 non
1011 1371 1253 1428 prohibuit,
1289 1385 1366 1413 nec
1390 1385 1467 1413 nos
1499 1370 1654 1429 utique
1677 1369 1803 1413 debet
1850 1347 1854 1428 i
1877 1390 1884 1413 s

415 1438 659 1496 prohibere.
1851 1445 1856 1504 ξ

474 1509 697 1552 XXXVII.
725 1510 930 1561 Quamvis
955 1524 1056 1568 ergo
1080 1509 1274 1553 dicamus
1299 1510 1371 1552 Dei
1394 1509 1559 1554 donum
1583 1524 1673 1553 esse
1694 1509 1801 1553 obe·
1852 1505 1856 1550 i

415 1577 619 1621 dientiam
648 1599 655 1622 :
683 1589 826 1622 tamen
855 1580 1050 1623 homines
1077 1581 1356 1623 exhortamur
1388 1581 1446 1624 ad
1469 1595 1579 1623 eam.
1610 1580 1693 1624 Sed
1717 1579 1800 1623 illis
1853 1575 1858 1631 ἱ

413 1650 487 1708 qui
505 1650 695 1693 veritatis
710 1651 1052 1693 exhortationem
1072 1650 1327 1694 obedienter
1341 1649 1542 1703 audiunt,
1563 1651 1705 1709 ipsum
1722 1649 1801 1694 do-
1855 1641 1859 1713 ξ
1880 1676 1884 1680 -

413 1733 517 1761 num
545 1719 616 1761 Dei
640 1718 789 1762 datum
813 1728 898 1773 est,
924 1720 1006 1763 hoc
1029 1729 1107 1773 est,
1134 1719 1390 1763 obedienter
1413 1719 1563 1764 audire
1589 1739 1597 1764 ε
1621 1720 1704 1763 illis
1724 1735 1801 1763 au-
1856 1719 1884 1786 ἰ

415 1797 498 1831 tem
522 1788 699 1846 quinon
723 1789 782 1832 sic
805 1788 1015 1842 audiunt,
1042 1805 1130 1833 non
1160 1799 1223 1833 est
1253 1789 1419 1833 datum.
1447 1792 1543 1834 Non
1566 1790 1680 1833 enim
1702 1789 1801 1848 qui·
1857 1790 1862 1833 i

412 1873 615 1917 cumque,
647 1858 720 1902 sed
750 1860 946 1904 Christus
979 1879 997 1901 «
1029 1863 1188 1914 Nemo,
1210 1861 1379 1918 inquit,
1400 1860 1519 1903 venit
1537 1858 1590 1903 ad
1613 1875 1698 1913 me,
1719 1861 1799 1903 nisi
1858 1836 1863 1932 l

416 1947 434 1968 »
457 1928 587 1971 fuerit
605 1930 642 1971 ei
664 1929 813 1972 datum
833 1945 855 1972 a
876 1932 1000 1973 Patre
1018 1933 1142 1972 meo'2
1161 1947 1171 1972 .·
1192 1939 1250 1983 et,
1272 1931 1406 1973 Vobis
1427 1930 1577 1972 datum
1597 1938 1659 1973 est
1677 1944 1800 1974 nosse
1860 1944 1864 1979 ς
1882 1943 1884 1957 ¹

415 2017 435 2039 »
459 2001 709 2056 mysterium
733 2001 851 2058 regni
873 1999 1103 2054 coelorum,
1122 2000 1203 2042 illis
1215 2010 1358 2044 autem
1379 2016 1465 2044 non
1481 2009 1546 2045 est
1568 2000 1764 2044 datumss.
1779 2022 1794 2040 »
1861 1984 1865 2006 ⁵

412 2072 465 2112 Et
496 2070 549 2112 de
571 2070 866 2114 continentia:
905 2090 922 2111 α
956 2074 1052 2114 Non
1087 2086 1258 2124 omnes,
1286 2072 1455 2130 inquit,
1493 2071 1673 2129 capiunt
1701 2086 1799 2114 ver·
1862 2066 1884 2118 ξ’

414 2158 432 2180 »
460 2141 564 2183 bum
590 2141 694 2195 hoc,
720 2140 794 2183 sed
827 2141 987 2199 quibus
1018 2140 1168 2184 datum
1192 2143 1295 2184 est&
1321 2160 1340 2182 »
1364 2144 1418 2184 Et
1441 2156 1540 2183 cum
1563 2139 1798 2199 Apostolus
1863 2125 1868 2181 ἓ

415 2211 466 2252 ad
491 2210 741 2268 pudicitiam
758 2210 1026 2269 conjugalem
1047 2212 1250 2270 conjuges
1269 2212 1514 2254 hortaretur
1533 2230 1540 2254 ε
1567 2229 1586 2252 «
1609 2209 1794 2265 Vellem,

417 2298 436 2321 »
462 2280 620 2338 inquit,
646 2295 795 2323 omnes
818 2281 1016 2324 homines
1037 2296 1126 2324 esse
1148 2281 1258 2324 sicut
1283 2282 1506 2338 meipsum
1533 2300 1541 2325 ε
1563 2279 1638 2324 sed
1656 2296 1795 2324 unus-

416 2369 434 2391 »
457 2351 641 2410 quisque
656 2352 878 2410 proprium
895 2352 1060 2394 donum
1077 2352 1243 2395 habeta
1262 2355 1363 2404 Deo,
1387 2352 1494 2395 aiius
1509 2353 1583 2406 sic,
1601 2350 1708 2394 aiius
1723 2367 1796 2395 au·
1866 2364 1871 2387 ἑ

418 2438 437 2459 »
466 2429 547 2462 tem
568 2421 665 2463 sic5.
696 2440 714 2462 »
739 2422 820 2464 Ubi
837 2420 935 2464 satis
957 2421 1162 2476 ostendit,
1180 2437 1267 2465 non
1292 2431 1461 2465 tantum
1485 2422 1794 2465 continentiam

465 2526 470 2540 ¹
495 2524 581 2553 Rom.
602 2533 647 2559 xi,
666 2531 720 2564 29.
739 2540 779 2545 —
796 2530 808 2545 ²
827 2525 918 2554 Joan.
939 2534 961 2563 1,
986 2522 1039 2553 66.
1059 2540 1099 2545 -
1121 2521 1133 2544 3
1152 2523 1264 2556 Manli.
1284 2535 1352 2563 xiii,
1375 2535 1425 2555 ir.
1442 2522 1512 2552 —4
1537 2523 1583 2555 Id.
1603 2533 1670 2559 xix,
1691 2533 1739 2554 ιι.
1754 2539 1794 2544 -

417 2575 430 2597 5
456 2585 474 2608 2
492 2578 565 2608 Cor,
588 2588 645 2614 vu,
666 2588 695 2617 7.
