1884 3285
454 298 533 335 182
883 309 916 334 s.
951 306 1184 337 Aucus-run
1217 310 1398 339 zmseom

449 370 646 415 nondum
679 371 882 429 legeram,
906 372 983 417 sed
1009 389 1109 433 quae
1137 374 1211 419 ille
1235 391 1286 420 ex
1314 376 1372 420 eis
1399 375 1688 437 decerpserat,
1711 381 1831 442 lege-

445 456 553 485 ram.
579 441 623 486 Si
639 450 681 485 te
698 442 919 488 hominem
938 444 1165 502 cogitares,
1189 447 1272 491 hoc
1293 447 1386 491 fieri
1409 450 1596 506 potuisse
1616 467 1719 497 cum
1738 469 1829 499 cen-

443 526 583 566 nerCS,
615 526 888 572 nequaquam
919 523 1007 559 tam
1034 515 1287 562 invidiosam
1311 533 1526 577 quaereres
1547 520 1716 568 homini
1746 523 1853 596 hac}

441 583 668 627 occasione
694 583 972 629 calumniam.
1779 633 1782 636 .
1839 598 1853 647 ζ

500 655 640 698 XVII.
677 657 854 699 J15L1A1vi
870 676 903 700 s.
933 675 954 698 «
977 659 1082 702 Nam
1111 659 1303 703 scribens
1324 660 1379 703 ad
1401 675 1519 715 eum,
1543 677 1674 722 quem
1696 654 1853 711 mira—t

441 733 512 768 tur
534 724 776 769 studiosum
799 741 889 770 esse
908 726 1120 771 librorum
1145 744 1337 785 suorum,
1365 745 1466 775 cum
1487 732 1542 776 sit
1563 733 1730 779 militiae
1748 750 1826 782 su·

440 794 618 837 doribus
640 804 893 854 occupatus,
908 797 1072 841 indicat
1094 799 1148 841 ab
1161 798 1320 858 Alypio
1334 800 1552 846 chartulas
1564 804 1620 848 ad
1636 819 1682 848 se
1696 805 1830 852 fuisse
1844 804 1856 853 ’Ξ

438 861 627 918 delatas,
658 880 758 923 quae
786 865 843 909 ita
871 868 1175 927 superscriptae
1202 880 1357 915 essent.
1391 872 1594 930 Capitula
1628 874 1685 918 de
1716 875 1856 939 libro,[

439 935 671 991 Augustini
693 950 825 995 quem
848 938 1032 996 scripsit,
1057 948 1209 984 contra
1231 956 1331 999 quae
1354 940 1409 986 de
1428 943 1549 987 libris
1569 959 1724 1003 pauca,
1749 946 1831 992 de—
1849 963 1853 995 ’,

435 1005 590 1063 cerpsi.
613 1005 692 1049 Hic
710 1006 837 1050 video
856 1023 979 1062 eum,
1003 1010 1078 1067 qui
1099 1019 1188 1053 tuae
1207 1012 1473 1069 praestantiae
1490 1014 1569 1057 ista
1589 1015 1748 1074 scripta
1763 1017 1856 1085 di—2.

437 1073 560 1129 rexit,
599 1075 654 1118 de
688 1077 832 1120 nescio
860 1078 1024 1136 quibus
1054 1079 1174 1124 libris
1204 1095 1267 1134 ea,
1305 1096 1431 1126 causa
1462 1085 1698 1142 (quantum
1726 1087 1854 1151 exis-J

437 1144 564 1202 timo)
595 1144 811 1190 celerioris
845 1150 1161 1206 responsionis,
1197 1166 1252 1194 ne
1286 1159 1405 1195 tuam
1439 1152 1636 1199 differret
1661 1156 1858 1214 iustam,

438 1214 542 1257 tiam
564 1248 574 1268 ‚
606 1215 792 1260 voluisse
822 1216 1068 1276 decerpere.
1101 1220 1183 1272 Qui
1210 1229 1352 1264 autem
1387 1224 1473 1266 sint
1503 1224 1571 1268 isti
1600 1224 1701 1270 libri
1727 1242 1854 1278 cum¹

435 1285 685 1341 cogitarem,
719 1301 790 1331 eos
819 1302 909 1331 esse
933 1289 1166 1334 arbitratus
1192 1306 1286 1334 sum
1304 1326 1315 1346 ,
1343 1308 1533 1351 quorum
1561 1297 1831 1343 mentionem

435 1343 634 1398 Julianus
671 1354 776 1399 facit
810 1356 855 1399 in
887 1358 1094 1416 epistola,
1137 1377 1270 1420 quam
1305 1365 1489 1408 Romam
1526 1366 1670 1422 misit,
1706 1369 1854 1428 cujus*

436 1425 686 1484 exemplum
711 1426 835 1470 simul
869 1429 921 1471 ad
954 1444 1023 1472 me
1052 1446 1190 1490 usque
1218 1424 1430 1491 pervenit.
1463 1435 1531 1479 Ibi
1559 1437 1724 1498 quippe
1751 1440 1853 1496 ait,'

436 1496 597 1540 Dicunt
624 1496 754 1540 etiam
784 1497 900 1553 istas,
934 1515 1033 1559 quae
1064 1503 1197 1546 modo
1232 1513 1424 1562 aguntur
1445 1540 1455 1559 ,
1486 1508 1661 1566 nuptias
1687 1525 1712 1553 a
1738 1512 1830 1555 Deo

436 1565 655 1610 institutas
688 1583 777 1611 non
807 1568 939 1613 fuisse
967 1590 975 1614 :
1001 1572 1123 1631 quod
1153 1573 1197 1616 in
1229 1574 1343 1619 libro
1377 1578 1610 1635 Augustini
1638 1578 1827 1639 legitur,

434 1645 586 1680 contra
620 1653 747 1697 quem
782 1655 863 1697 ego
900 1639 1031 1686 modo
1067 1652 1255 1701 quatuor
1281 1643 1443 1690 libellis
1474 1648 1677 1707 respondi
1692 1655 1723 1694 ἴ
1723 1668 1744 1692 «
1773 1653 1831 1696 Et

437 1716 535 1764 post
555 1708 649 1752 haec
670 1710 799 1753 verba
822 1710 955 1754 infert
976 1712 1135 1755 iterum
1158 1713 1243 1758 suis
1265 1718 1534 1762 sermonibus
1555 1737 1598 1764 :u
1616 1721 1760 1765 Credo
1775 1736 1829 1766 ex
1849 1725 1856 1735 ’

437 1776 503 1819 his
523 1777 683 1822 libellis
702 1779 782 1823 ista
803 1779 1007 1840 decerpta
1026 1791 1128 1826 sunt
1142 1785 1280 1828 :unde
1300 1787 1456 1831 melius
1470 1787 1650 1834 forfasse
1664 1789 1845 1848 fuerat,·

437 1854 486 1888 ut
515 1847 718 1892 universo
756 1849 837 1907 ipsi
868 1851 988 1908 operi
1018 1853 1125 1911 ejus,
1161 1854 1281 1913 quod
1312 1865 1502 1915 quatuor
1531 1858 1828 1906 voluminibus

434 1916 694 1975 explicavit,
736 1918 975 1966 refellendo
1013 1932 1056 1966 et
1089 1924 1393 1983 redarguendo
1431 1939 1576 1975 nostra
1609 1927 1854 1978 laboraret&

435 1986 622 2032 intentio
641 2007 651 2033 ;
668 1989 750 2033 nisi
771 1999 816 2034 et
837 2006 917 2049 ego
940 1995 1263 2051 responsionem
1284 1995 1462 2042 differre
1479 1999 1713 2046 noluissem
1729 2037 1741 2058 ‚
1767 2003 1826 2046 si-
1852 2052 1859 2062 ,

434 2066 511 2102 cut
527 2073 608 2103 nec
624 2068 673 2104 tu
696 2062 1058 2108 transmissionem
1080 2067 1358 2125 scriptorum,
1379 2070 1538 2129 quibus
1557 2073 1826 2132 responden·-
1844 2075 1860 2122 'f

435 2128 541 2173 dum
573 2140 652 2186 est,
685 2131 888 2176 distulisti
916 2153 924 2178 ε
955 2154 974 2176 «
1001 2136 1202 2182 Ostendit
1229 2155 1333 2199 ergo
1364 2142 1435 2187 hic
1463 2145 1726 2202 apertissime
1753 2161 1826 2191 ex-

433 2209 583 2259 cerpta
616 2201 690 2246 illa
723 2204 930 2261 suspicari
960 2221 1004 2248 se
1038 2207 1093 2250 de
1126 2224 1257 2266 opere
1275 2226 1372 2255 meo
1392 2213 1677 2259 tumultuarie
1695 2214 1858 2286 fuisse,

432 2268 613 2314 collecta
634 2292 644 2329 3
678 2274 868 2331 integros
901 2284 1047 2319 autem
1069 2278 1269 2336 ignorare
1290 2280 1425 2328 libros
1443 2318 1455 2339 ,
1481 2284 1644 2344 quibus
1677 2295 1825 2331 tamen
1851 2301 1858 2345 ᾗ

396 2399 401 2402 .
433 2339 567 2384 audet
586 2356 630 2384 se
658 2341 801 2387 dicere
829 2346 1092 2403 respondere
1115 2350 1320 2407 potuisse.

491 2415 786 2460 Auacsnms.
817 2417 908 2461 Cur
929 2433 1018 2462 non
1041 2419 1246 2464 auderem
1268 2456 1279 2476 ,
1303 2424 1380 2482 qui
1403 2432 1446 2467 te
1469 2425 1515 2468 in
1536 2425 1596 2470 eis
1620 2441 1731 2472 vana
1753 2426 1823 2472 di·-
1846 2435 1857 2476 .'

433 2482 540 2527 xisse
567 2483 768 2530 dubitare
797 2487 949 2548 utique
989 2505 1078 2534 non
1116 2491 1357 2537 deberem?
1394 2497 1491 2557 Non
1524 2497 1639 2541 enim
1672 2507 1824 2544 contra
1843 2480 1859 2546 ,l

434 2569 534 2599 vera
556 2571 699 2614 posses
725 2557 846 2617 loqui
874 2559 956 2603 nisi
985 2575 1111 2606 vana.
1144 2565 1296 2623 Neque
1323 2580 1446 2610 meus
1467 2567 1635 2612 animus
1663 2584 1734 2613 me
1759 2567 1822 2614 fe—
1847 2561 1865 2633 f„

484 2645 491 2659 ¹
513 2639 556 2669 E<
574 2638 629 2669 lib.
649 2651 667 2671 n
689 2640 729 2671 ‹lc
746 2641 882 2681 Nuptiis
902 2653 972 2685 cap.
990 2652 1020 2675 2.
