1821 3264
338 258 390 284 οε
424 256 824 283 PnAEnESTmA‘rroNE
856 257 1055 287 sANcTont
1075 261 1124 285 M.
1373 251 1426 288 57

45 324 188 384 potius
207 331 380 382 propter
397 323 480 367 hoc
499 320 622 364 nobis
644 320 836 376 additur,
852 334 899 367 ut
917 324 1086 383 plenius
1105 323 1429 386 perfectiusque

42 395 289 438 credamus:
315 407 363 437 ac
383 407 458 452 per
477 392 574 446 hoc,
595 391 767 435 initium
787 393 886 436 fidei
910 405 1067 438 nostrae
1089 396 1253 453 priores
1275 395 1429 440 damus

43 468 158 519 Deo,
191 473 240 507 ut
261 463 528 507 retribuatur
559 462 684 506 nobis
719 471 761 506 et
788 463 1148 522 supplementumv
1179 468 1269 526 ejus
1295 488 1306 524 3
1331 469 1429 512 etsi

42 535 150 596 quid
167 534 285 579 aliud
306 533 491 578 fideliter
508 534 739 593 poscimus.

98 608 173 650 IV.
210 606 294 651 Sed
315 615 464 650 contra
486 606 579 649 haec
601 619 678 648 cur
707 619 796 649 non
819 607 962 664 potius
999 604 1202 650 audimus
1229 625 1238 650 :
1269 625 1288 648 «
1320 609 1427 660 Quis

44 677 200 737 »prior
227 676 348 722 dedit
365 678 402 721 ei
419 712 430 732 ,
455 685 497 721 et
531 676 801 720 retribuetur
833 675 895 719 illi
916 678 934 720 P
956 677 1163 737 quoniam
1186 693 1237 720 ex
1261 678 1355 736 ipso
1386 688 1430 723 et

43 768 63 790 »
86 764 162 807 per
193 749 335 807 ipsum
358 757 399 792 et
433 748 478 791 in
508 748 601 807 ipso
629 757 731 792 sunt
754 747 898 792 omnia
923 750 954 791 ¹.
987 767 1005 789 »
1033 751 1089 792 Et
1120 750 1262 808 ipsum
1298 749 1430 807 igitur

41 818 212 863 initium
229 819 330 863 fidei
358 827 532 873 nostrae,
547 834 598 863 ex
617 834 721 879 quo,
750 819 831 862 nisi
848 834 897 862 ex
916 818 1009 878 ipso
1031 820 1125 862 est?
1141 821 1293 878 Neque
1310 821 1428 864 enim

38 891 122 934 hoc
153 899 330 949 excepto
358 905 407 933 ex
438 890 530 949 ipso
560 901 662 934 sunt
681 899 834 934 caetera
862 909 870 934 :
902 889 977 934 sed
1004 909 1024 932 «
1049 905 1102 933 ex
1130 891 1223 949 ipso
1244 927 1254 944 ,
1281 900 1324 935 et
1346 907 1427 950 per

41 978 60 1001 n
83 960 240 1019 ipsum,
266 969 309 1004 et
339 960 384 1004 in
406 961 499 1020 ipso
529 971 631 1006 sunt
653 961 812 1005 omnia.
839 978 858 1001 »
885 961 986 1013 Quis
1009 969 1154 1004 autem
1182 960 1300 1005 dicat
1323 977 1425 1005 eum

36 1030 112 1090 qui
126 1032 215 1091 jam
233 1032 369 1090 coepit
390 1033 584 1087 credere,
602 1031 655 1076 ab
677 1030 752 1076 illo
773 1031 819 1075 in
844 1046 975 1091 quem
997 1030 1182 1075 credidit
1203 1031 1313 1075 nihil
1340 1047 1426 1076 me-

39 1101 119 1144 reri
137 1103 154 1145 P
178 1102 302 1146 Unde
323 1103 388 1157 fit,
414 1112 463 1146 ut
476 1104 566 1162 jam
586 1103 767 1148 merenti
785 1111 940 1147 caetera
963 1102 1163 1146 dicantur
1180 1101 1282 1146 addi
1301 1103 1427 1147 retri-

36 1171 216 1216 butione
238 1172 383 1217 divina
409 1194 420 1230 3
445 1188 497 1217 ac
515 1189 590 1232 per
612 1174 695 1217 hoc
718 1174 896 1231 gratiam
911 1173 988 1216 Dei
1009 1171 1250 1217 secundum
1273 1174 1426 1217 merita

37 1251 182 1287 nostra
205 1243 322 1287 dari:
343 1242 461 1302 quod
480 1244 700 1303 objectum
719 1243 800 1287 sibi
819 1243 1030 1302 Pelagius,
1052 1258 1108 1286 ne
1126 1243 1421 1297 damnaretur,

35 1314 124 1371 ipse
145 1313 381 1357 damnavit.
407 1315 612 1373 Quisquis
634 1315 768 1372 igitur
790 1316 901 1358 hanc
924 1313 1219 1358 damnabilem
1247 1314 1341 1358 vult
1373 1330 1422 1357 ex

35 1383 154 1427 omni
178 1392 299 1442 parte
313 1383 447 1427 vitare
464 1384 741 1437 sententiam,
767 1384 976 1427 veraciter
997 1384 1213 1442 intelligat
1237 1385 1420 1438 dictum,

34 1453 153 1513 quod
176 1454 408 1514 Apostolus
438 1455 496 1498 ait
533 1474 541 1498 2
573 1474 592 1495 «
626 1455 760 1498 Vobis
791 1455 1001 1499 donatum
1027 1464 1091 1498 est
1120 1469 1199 1513 pro
1232 1455 1421 1510 Christo,

37 1544 57 1567 »
83 1541 172 1569 non
191 1525 330 1570 solum
356 1535 404 1570 ut
424 1525 609 1570 credatis
623 1526 666 1570 in
682 1541 782 1570 eum
795 1561 805 1580 ,
827 1526 1113 1570 verumetiam
1132 1534 1181 1569 ut
1200 1526 1423 1584 patiamini

37 1613 56 1636 »
77 1611 157 1655 pro
179 1611 229 1640 eo
247 1599 279 1636 ’ἦ
306 1614 325 1636 »
348 1598 591 1655 Utrumque
615 1595 804 1640 ostendit
828 1597 904 1640 Dei
928 1595 1111 1649 donum,
1129 1596 1230 1655 quia
1248 1605 1422 1639 utrum-

33 1681 118 1726 que
144 1665 253 1710 dixit
274 1681 362 1710 esse
392 1666 619 1710 donatum.
642 1670 729 1712 Nec
761 1668 835 1721 ait,
864 1676 911 1710 ut
935 1664 1104 1726 plenius
1127 1675 1170 1710 et
1190 1665 1423 1726 perfectius

33 1735 215 1780 credatis
236 1737 283 1780 in
305 1752 404 1780 eum
425 1756 433 1780 :
454 1736 546 1791 sed,
568 1755 586 1778 «
610 1746 657 1780 ut
675 1736 916 1781 credatisin
941 1752 1087 1780 eum.»
1104 1739 1191 1780 Nec
1214 1752 1259 1780 se
1281 1737 1422 1795 ipsum

33 1806 371 1850 misericordiam
393 1816 674 1850 consecutum
695 1805 817 1860 dixit,
844 1816 893 1850 ut
914 1806 1100 1860 fidelior,
1121 1806 1197 1849 sed
1218 1816 1267 1849 ut
1283 1806 1422 1849 fidelis

32 1886 141 1921 esset
171 1879 186 1902 3
220 1897 228 1921 :
263 1877 363 1936 quia
399 1877 561 1921 sciebat
583 1892 671 1920 non
701 1893 745 1920 se
778 1877 950 1920 initium
983 1876 1085 1920 fidei
1116 1891 1205 1920 suae
1235 1877 1421 1935 priorem

32 1947 199 1992 dedisse
223 1951 311 1992 Deo
326 1983 337 2003 ,
367 1958 409 1992 et
432 1948 691 1992 retributum
714 1948 793 1991 sibi
817 1948 870 1991 ab
889 1948 965 1991 illo
983 1948 1074 2006 ejus
1097 1956 1381 2005 augmentum
1409 1969 1419 2003 3

32 2019 107 2064 sed
128 2020 183 2064 ab
213 2036 264 2064 eo
292 2035 336 2064 se
364 2019 528 2064 factum
551 2018 724 2063 fidelem
743 2055 753 2072 ,
793 2035 815 2062 a
849 2035 938 2078 quo
963 2028 1006 2062 et
1028 2017 1260 2077 Apostolus
1284 2017 1422 2062 factus

33 2100 109 2135 est.
147 2094 254 2136 Nam
289 2092 443 2150 scripta
475 2100 576 2135 sunt
611 2091 738 2134 etiam
772 2091 874 2134 fidei
904 2092 995 2150 ejus
1029 2090 1151 2133 initia
1177 2125 1186 2141 ,
1232 2099 1421 2149 suntque

32 2160 316 2205 ecclesiastica
339 2161 499 2204 celebri
522 2161 708 2204 lectione
731 2161 967 2205 notissima.
1005 2163 1192 2204 Aversus
1213 2161 1375 2218 quippe
1397 2176 1417 2203 a

32 2232 117 2276 fide
132 2248 263 2292 quam
286 2232 482 2277 vastabat
499 2268 509 2286 ,
535 2233 662 2291 eique
684 2232 964 2276 vehementer
988 2231 1191 2275 adversus
1207 2266 1216 2284 ,
1243 2240 1421 2289 repente

32 2312 95 2347 est
115 2303 169 2346 ad
193 2302 307 2346 illam
327 2302 460 2360 gratia
487 2303 730 2360 potentiore
753 2317 985 2346 conversus
1003 2300 1419 2345 42conve1·tenteillo

31 2374 100 2418 cui
121 2375 204 2419 hoc
225 2375 367 2433 ipsum
387 2373 556 2418 facturo
586 2389 662 2433 per
687 2375 954 2432 Prophetam
983 2373 1150 2416 dictum
1176 2381 1238 2415 est
1267 2391 1273 2415 :
1302 2391 1320 2412 «
1349 2375 1415 2415 Tu

33 2463 54 2486 »
74 2454 329 2490 convertens
351 2445 585 2490 vivificabis
608 2448 713 2489 nos⁵
738 2465 746 2489 ;
770 2463 790 2486 »
818 2455 866 2489 ut
888 2460 976 2488 non
998 2444 1139 2488 solum
1170 2458 1219 2486 ex
1241 2442 1418 2486 nolente

82 2549 256 2588 ¹R01n.x1,
275 2547 328 2580 35.
343 2565 385 2572 —0
401 2555 412 2570 2
431 2548 541 2589 Philip,
560 2546 732 2589 1‚·29.—3
753 2559 762 2579 1
781 2549 852 2579 Cor.
870 2558 925 2587 vn,
945 2546 998 2578 25.
1020 2544 1289 2576 —4Aet.1x.—
1303 2542 1317 2566 5
1336 2545 1411 2575 Psal.

33 2613 159 2642 mxxiv,
180 2614 210 2644 ς.
