1821 3264
434 268 487 296 DE
518 267 631 297 nouo
661 270 1028 298 PERSEVERANTIAE.
1346 262 1426 300 167

50 352 70 376 »
99 333 280 393 Spiritus
295 332 556 391 interpellat,
581 352 599 374 »
622 334 702 377 nisi
718 333 992 394 interpellare
1009 335 1128 391 facit,
1154 355 1173 378 «
1195 337 1428 395 gemitibus

50 422 70 447 »
95 403 469 459 inenarrabilibus,
499 423 518 445 »
545 403 619 448 sed
647 404 872 449 veracibus
889 440 900 460 ,
940 407 1146 465 quoniam
1183 408 1338 452 veritas
1368 418 1431 452 est

49 474 260 534 Spiritus?
276 477 372 532 Ipse
390 483 454 518 est
473 474 588 518 enim
603 474 658 517 de
673 490 761 533 quo
774 473 858 518 alio
875 475 971 518 loco
985 476 1089 519 dicit
1115 495 1123 519 ι
1144 477 1296 520 «Misit
1317 481 1431 522 Deus

15 575 21 581 1
51 562 71 586 »
99 544 306 603 Spiritum
341 544 439 588 Filii
460 544 526 588 sui
559 544 603 587 in
636 544 767 588 corda
795 553 956 599 nostra,
981 544 1259 598 clamantem,
1285 547 1429 603 Abba,

51 633 71 656 »
97 623 231 674 pater.
259 633 277 656 »
300 617 355 659 Et
377 615 449 660 hic
465 615 572 675 quid
589 624 672 670 est,
697 633 717 657 «ι
736 615 1013 670 clamantem,
1034 635 1053 657 »
1071 616 1150 660 nisi
1170 616 1355 661 clamare
1373 619 1431 662 fa·

47 686 257 743 cientem3
277 694 404 744 tropo
434 685 510 729 illo
541 701 630 744 quo
651 685 836 729 dicimus
865 685 1015 730 laetum
1052 685 1183 741 diem,
1210 688 1287 746 qui
1313 687 1434 732 laetos

45 753 178 800 facit?
200 755 328 808 Quod
346 755 448 799 alibi
472 753 734 809 manifestat,
757 756 831 799 ubi
860 755 980 811 dicit,
1006 775 1025 798 «
1052 758 1149 801 Non
1170 756 1287 800 enim
1310 773 1434 802 acce-

50 843 70 866 »
97 825 214 884 pistis
235 825 435 884 spiritum
458 825 677 870 servitutis
695 825 855 869 iterum
872 825 917 868 iu
939 826 1108 881 timore,
1129 827 1204 870 sed
1218 827 1440 886 accepistis

50 913 70 936 »
94 895 304 954 Spiritum
324 894 569 954 adoptionis
590 894 803 950 filiorum,
832 896 875 938 in
899 911 987 955 quo
1010 895 1263 952 clamamus,
1293 897 1436 952 Abba,

49 983 70 1008 »
93 968 256 1025 pater¹.
281 983 301 1007 »
322 965 389 1010 Ibi
414 965 538 1020 dixit,
563 984 582 1007 «
609 965 895 1023 clamantem,
923 966 994 1010 hic
1016 981 1142 1022 vero,
1166 967 1213 1010 in
1235 983 1324 1026 quo
1351 967 1440 1012 cla-

49 1052 70 1076 »
98 1050 265 1080 mamus
289 1055 298 1080 2
325 1054 345 1078 »
370 1036 565 1095 aperiens
587 1035 791 1081 videlicet
805 1035 1029 1096 quomodo
1050 1035 1219 1092 dixerit,
1242 1037 1438 1081 claman-

50 1113 173 1161 tum,
199 1105 243 1149 id
261 1115 340 1160 est,
368 1107 480 1151 sicut
503 1107 594 1166 jam
618 1106 819 1166 exposui,
851 1106 1039 1151 clamare
1077 1106 1324 1151 facientem.
1356 1108 1441 1152 Ubi

47 1174 360 1234 intelligimus,
387 1185 429 1220 et
467 1177 552 1221 hoc
589 1177 730 1236 ipsum
754 1192 843 1222 esse
875 1177 1041 1221 donum
1076 1178 1181 1232 Dei,
1220 1187 1269 1222 ut
1301 1192 1447 1237 veraci

49 1247 181 1291 corde
209 1256 252 1290 et
281 1248 528 1306 spiritaliter
549 1248 784 1293 clamemus
811 1248 865 1292 ad
889 1252 1044 1293 Deum.
1073 1250 1317 1294 Attendant
1338 1266 1442 1310 ergo

49 1317 274 1377 quomodo
297 1316 527 1372 falluntur,
551 1319 627 1377 qui
647 1328 803 1376 putant
821 1334 909 1363 esse
925 1334 946 1362 a
962 1318 1112 1374 nobis,
1139 1334 1227 1363 non
1250 1318 1343 1363 dari
1364 1335 1444 1364 no-

48 1387 130 1441 bis,
156 1396 205 1431 ut
238 1396 454 1446 petamus,
481 1403 754 1447 quaeramus,
794 1388 1045 1447 pulsemus:
1070 1396 1114 1431 et
1150 1389 1234 1432 hoc
1263 1404 1352 1433 esse
1374 1389 1443 1433 di-

49 1466 173 1513 cunt,
198 1456 320 1517 quod
341 1458 474 1515 gratia
499 1458 761 1517 praeceditur
784 1458 940 1501 merito
962 1466 1112 1502 nostro
1129 1492 1140 1513 ,
1167 1466 1217 1501 ut
1237 1468 1446 1518 sequatur

49 1528 139 1584 illa,
167 1543 266 1572 cum
301 1530 535 1588 accipimus
567 1538 776 1588 petentes,
817 1538 860 1572 et
896 1529 1143 1573 invenimus
1176 1539 1443 1588 quaerentes,

49 1600 329 1660 aperiturque
346 1599 621 1659 pulsantibus
643 1620 652 1645 ;
671 1615 751 1644 nec
770 1600 924 1644 volunt
946 1599 1189 1659 intelligere
1210 1601 1340 1645 etiam
1361 1601 1445 1645 hoc

50 1668 185 1714 divini
208 1670 399 1714 muneris
427 1685 538 1724 esse,
569 1680 617 1714 ut
645 1686 842 1725 oremus,
867 1671 950 1714 hoc
966 1679 1044 1725 est,
1067 1680 1291 1729 petamus,
1319 1686 1443 1731 quae-

50 1755 213 1797 ramus,
237 1751 369 1801 atque
389 1740 622 1800 pulsemus.
645 1742 939 1800 «Accepimus
954 1742 1069 1785 enim
1085 1742 1294 1800 Spiritum
1307 1742 1443 1801 adop-

53 1829 73 1852 »
105 1811 235 1855 tionis
257 1811 470 1866 filiorum,
498 1811 542 1854 in
558 1827 647 1871 quo
663 1811 916 1865 clamamus,
938 1810 1079 1865 Abba,
1109 1820 1231 1870 pater
1248 1814 1279 1854 ².
1312 1811 1443 1865 Quod

53 1899 72 1923 »
99 1882 207 1926 vidit
229 1881 380 1926 beatus
412 1882 683 1925 Ambrosius.
717 1882 790 1925 Ait
823 1881 961 1935 enim,
991 1901 1011 1923 «
1042 1884 1099 1925 Et
1121 1897 1242 1926 orare
1277 1884 1441 1937 Deum,

54 1970 74 1993 »
100 1953 246 2011 gratiae
279 1952 481 2012 spiritalis
509 1962 597 1997 est:
623 1953 735 1996 sicut
761 1952 969 2011 scriptum
999 1961 1090 2007 est,
1136 1954 1274 1997 Nemo
1306 1953 1438 2008 dicit,

55 2041 76 2065 »
100 2022 311 2068 Dominus
342 2025 481 2077 Jesus,
503 2022 586 2066 nisi
607 2022 653 2066 in
676 2022 840 2081 Spiritu
864 2023 1057 2066 sanctoss.
1080 2040 1099 2062 »

110 2095 244 2137 LXV.
271 2095 376 2137 Haec
396 2093 527 2151 igitur
549 2109 648 2152 quae
669 2093 808 2152 poscit
842 2108 865 2136 a
897 2092 1107 2147 Domino,
1139 2101 1182 2135 et
1203 2106 1373 2151 semper
1394 2107 1445 2136 ex

52 2180 142 2224 quo
163 2179 252 2208 esse
273 2165 433 2224 coepit,
470 2165 669 2222 poposcit
690 2164 904 2219 Ecclesia,
929 2164 987 2207 ita
1022 2166 1136 2207 Deus
1164 2164 1327 2207 vocatis
1357 2163 1444 2208 suis

53 2235 259 2280 daturum
284 2250 328 2279 se
346 2249 435 2279 esse
460 2235 691 2294 praescivit,
714 2243 764 2278 ut
784 2235 830 2278 in
845 2235 934 2294 ipsa
955 2234 1337 2293 praedestinatione
1353 2235 1443 2294 jam

53 2306 248 2350 dederit⁴
265 2326 274 2351 ε
294 2304 415 2365 quod
432 2305 666 2364 Apostolus
685 2306 777 2350 sine
794 2305 1078 2364 ambiguitate
1100 2304 1303 2349 declarat.
1329 2306 1442 2349 Scri-

56 2377 161 2421 bens
183 2377 346 2436 quippe
367 2376 422 2419 ad
445 2376 720 2420 Timotheum
747 2395 756 2420 ;
786 2394 806 2417 «
825 2375 1080 2430 Collabora,
1101 2375 1266 2433 inquit,
1293 2377 1441 2419 Evan-

57 2466 78 2489 »
106 2447 217 2506 gelio
238 2446 480 2491 secundum
496 2446 701 2490 virtutem
721 2445 797 2490 Dei
813 2445 951 2490 salvos
971 2461 1049 2490 nos
1065 2445 1284 2499 facientis,
1305 2454 1349 2489 et
1365 2460 1441 2489 vo-

102 2558 109 2573 ¹
129 2550 196 2582 Gal.
216 2560 263 2588 iv,
280 2549 313 2580 6.
332 2565 372 2570 —
391 2555 402 2570 ²
422 2551 514 2580 Rom.
533 2557 599 2586 viu,
624 2547 726 2579 15.—-
742 2546 754 2569 3
776 2548 916 2579 Ambros.
941 2550 1118 2579 Comment.
1140 2547 1170 2578 in
1190 2548 1262 2578 lsai.
1277 2546 1342 2570 -st
1364 2547 1448 2577 Vide.

54 2611 165 2639 contra
181 2607 257 2638 duas
274 2606 371 2647 Epist.
394 2604 551 2644 {helagiam
568 2613 639 2644 cap.
658 2612 711 2635 2¹.
