1884 3285
448 236 533 272 210
870 244 903 270 s.
939 242 1167 270 AUGUSTINI
1199 242 1378 270 Emscom

446 308 647 351 inimicus
667 307 813 364 gratiae
833 307 931 362 Dei,
954 309 1086 352 homo
1106 307 1301 352 omnium
1322 306 1691 366 impudentissime
1706 343 1718 364 ‚
1743 311 1821 369 qui

442 377 488 420 in
508 377 646 434 primo
667 376 779 420 libro
797 391 895 421 meo
913 412 924 432 ,
942 379 1061 422 unde
1075 387 1124 421 tu
1144 378 1223 422 ista
1237 393 1261 421 a
1277 386 1484 422 contextu
1497 393 1576 423 suo
1597 379 1743 425 avulsa
1760 395 1821 424 re·

440 445 596 503 puisti,
622 454 671 489 ut
693 445 858 506 aliquid
889 447 981 491 sine
1008 447 1173 493 ratione
1195 448 1396 506 garrires,
1420 447 1685 506 professione
1713 464 1823 508 pura

440 523 483 558 et
499 514 626 574 plena
643 531 689 560 os
707 525 833 562 tuum
848 518 1061 576 mysteriis
1078 518 1416 564 Manichaeorum
1434 519 1613 563 madens
1628 528 1822 564 tuorum-

442 599 529 643 que
550 586 783 631 damnavi?
804 606 823 629 »

497 658 619 701 Acci
629 676 790 702 snmus.
816 657 1040 718 Numquid
1057 668 1106 703 ut
1123 659 1280 703 habeas
1297 673 1471 703 causam
1489 658 1648 703 bonam
1667 660 1820 705 convi-

440 724 596 770 ciando
618 725 812 771 facturus
833 729 909 771 es?
933 729 1010 772 Dic
1030 744 1218 788 quorum
1239 743 1436 773 meorum
1456 743 1520 782 οε,
1545 728 1655 773 sicut
1673 743 1822 774 meum

439 794 663 840 damnasse
697 806 740 840 te
767 799 929 856 jactas?
965 798 1166 843 Dicturus
1196 813 1239 842 es
1271 798 1637 854 Manichaeorum,
1667 800 1744 843 sed
1772 808 1823 844 ut

439 864 703 921 maledicus,
733 882 823 911 non
849 876 899 911 ut
927 867 1140 913 veridicus
1161 870 1192 912 ¹.
1220 871 1314 927 Ego
1342 868 1458 912 enim
1487 877 1530 912 et
1556 869 1823 914 Manichaeos

439 933 644 991 detestor,
671 946 714 982 et
734 938 950 997 adjutores
976 953 1142 994 eorum,
1168 939 1214 982 in
1237 938 1398 999 quibus
1419 939 1585 998 appetis
1607 939 1822 999 principa-

438 1013 550 1061 tum,
579 1016 622 1051 et
654 1016 863 1068 utrosque
892 1008 1124 1068 adjuvante
1151 1023 1200 1053 ac
1227 1009 1513 1053 subveniente
1531 1010 1716 1054 Domino
1732 1013 1823 1055 Deo

436 1085 584 1121 nostro
605 1078 817 1123 catholica
841 1080 1020 1124 veritate
1045 1080 1269 1138 redarguo.
1304 1079 1388 1124 Sed
1419 1079 1642 1124 ostendam
1669 1095 1787 1125 meos
1807 1115 1819 1136 ‚

437 1161 548 1204 quos
572 1147 618 1191 in
641 1163 710 1193 me
736 1158 857 1194 tanto
886 1150 1072 1208 nequius
1095 1159 1260 1209 quanto
1292 1150 1473 1194 astutius
1494 1151 1746 1196 criminaris.
1770 1155 1822 1195 ln

436 1215 518 1259 hac
545 1217 662 1260 enim
688 1233 831 1273 causa,
868 1219 944 1263 ubi
976 1218 1194 1275 originalis
1222 1220 1385 1278 peccati
1411 1221 1596 1265 vertitur
1619 1221 1820 1282 quaestio,

435 1294 612 1343 propter
628 1287 748 1346 quod
777 1303 847 1332 me
875 1289 1052 1333 nomine
1072 1289 1416 1333 Manichaeorum
1440 1290 1714 1335 atrocissimis
1733 1291 1824 1349 dig-

435 1368 544 1399 num
562 1357 779 1402 arbitraris
794 1359 1037 1418 opprobriis
1055 1392 1066 1413 ‚
1088 1373 1209 1402 meus
1227 1368 1290 1403 est
1305 1360 1550 1419 Cyprianus
1564 1362 1581 1386 ²
1598 1395 1609 1415 ‚
1629 1361 1823 1420 quicum

438 1439 636 1482 peccasse
662 1428 770 1472 nihil
798 1427 954 1473 dixerit
979 1427 1227 1486 parvulum,
1255 1443 1345 1473 non
1369 1438 1513 1474 tamen
1543 1430 1695 1485 tacuit,
1721 1445 1823 1474 eum

439 1497 699 1542 contraxisse
718 1499 882 1557 peccati
903 1515 955 1543 ex
980 1498 1118 1543 Adam
1143 1499 1281 1557 prima
1305 1500 1528 1546 nativitate
1553 1501 1818 1559 contagium.

436 1568 562 1611 Meus
590 1578 654 1613 est
686 1569 914 1625 Hilarius³‚
944 1571 1020 1628 qui
1050 1584 1150 1614 cum
1181 1580 1415 1629 exponeret
1428 1571 1549 1631 quod
1577 1572 1622 1616 in
1652 1571 1822 1616 Psalmo

436 1634 594 1693 legitur
623 1657 631 1683 :
665 1657 685 1681 «
712 1639 837 1684 Vivet
860 1640 1001 1684 anima
1025 1654 1121 1683 mea
1145 1648 1188 1683 et
1213 1639 1411 1685 laudabit
1437 1650 1480 1685 te
1505 1658 1556 1686 ε»
1581 1641 1738 1686 Vivere
1757 1656 1819 1696 se,

437 1706 595 1766 inquit,
634 1709 680 1752 in
721 1711 802 1755 hac
836 1711 924 1754 vita
957 1725 1047 1754 non
1086 1720 1274 1769 reputat,
1312 1712 1476 1771 quippe
1508 1713 1586 1771 qui
1621 1712 1787 1756 dixerat
1808 1730 1820 1756 ε

442 1794 464 1818 «
487 1779 600 1821 Ecce
620 1779 666 1823 in
686 1779 987 1839 iniquitatibus
1008 1790 1246 1839 conceptus
1273 1796 1386 1835 sum,
1414 1790 1458 1825 et
1479 1782 1525 1825 in
1547 1781 1716 1827 delictis
1741 1797 1822 1841 pe-

441 1862 462 1888 »
488 1848 600 1906 perit
614 1864 684 1894 me
699 1860 836 1895 mater
852 1866 948 1895 mea
961 1852 992 1895 4.
1021 1869 1041 1893 »
1070 1852 1158 1896 Scit
1179 1851 1262 1895 sub
1283 1852 1448 1911 peccati
1469 1853 1649 1911 origine,
1675 1862 1718 1897 et
1739 1853 1823 1898 sub

436 1919 603 1976 peccati
623 1918 720 1978 lege
742 1936 786 1965 se
807 1930 975 1966 natum.
1000 1925 1124 1967 Meus
1141 1931 1205 1966 est
1221 1938 1244 1966 a
1262 1931 1339 1966 tuo
1356 1924 1535 1967 doctore
1549 1923 1820 1968 excellentis-

437 1987 543 2031 sime
558 1987 760 2035 laudatus
774 1991 1044 2046 Ambrosius,
1061 1991 1139 2051 qui
1159 1991 1267 2036 dixit
1281 1995 1313 2047 ⁵,
1337 1994 1498 2037 Omnes
1520 1994 1718 2038 homines
1738 1994 1821 2038 sub

437 2068 617 2115 peccato
634 2059 866 2117 nascimur,
887 2077 1076 2121 quorum
1093 2063 1184 2121 ipse
1201 2072 1321 2108 ortus
1337 2063 1382 2107 in
1400 2064 1504 2108 vitio
1523 2074 1585 2109 est
1598 2065 1729 2109 :sicut
1743 2065 1822 2109 ha-

436 2127 512 2174 bes
524 2129 686 2174 lectum
701 2165 714 2186 ‚
734 2133 904 2177 dicente
919 2133 1056 2177 David
1067 2167 1078 2188 ,
1099 2152 1119 2175 «
1134 2136 1246 2177 Ecce
1262 2134 1378 2178 enim
1394 2135 1694 2194 iniquitatibus
1710 2150 1819 2180 con-

437 2216 459 2240 »
484 2210 635 2259 ceptus
658 2217 771 2258 sum,
795 2212 838 2247 et
859 2204 905 2247 in
921 2202 1097 2247 delectis
1114 2205 1280 2263 peperit
1296 2218 1365 2248 me
1385 2213 1522 2249 mater
1537 2220 1649 2250 mea.
1671 2223 1694 2247 »
1713 2204 1821 2251 Ideo

435 2271 560 2316 Pauli
579 2288 694 2328 caro,
714 2289 871 2333 corpus
900 2275 1050 2320 mortis
1075 2284 1182 2320 erat.
1205 2278 1329 2321 Meus
1355 2285 1420 2322 est
1441 2277 1673 2336 Gregorius
1687 2279 1721 2334 ὅ,
1738 2276 1818 2338 qui

483 2398 494 2412 ¹
518 2392 595 2424 Vide
621 2392 677 2424 lib.
704 2404 714 2424 i
731 2394 841 2436 Operis
861 2394 972 2437 prioris
998 2399 1109 2427 contra
1128 2394 1242 2426 Julian.
1274 2406 1343 2438 cap.
1366 2395 1386 2427 8
1407 2400 1441 2428 et
1466 2407 1552 2440 seqq.
1570 2414 1609 2419 —
1625 2403 1638 2419 2
1661 2396 1812 2440 Cyprian.

434 2446 521 2488 Epist
541 2459 626 2489 mv,
647 2449 686 2480 ad
700 2450 819 2481 Fidum.
834 2468 874 2473 -—
889 2449 902 2472 3
921 2450 1017 2482 Hilar.
1036 2450 1066 2481 in
1082 2450 1161 2481 Psal.
1181 2461 1288 2482 cxvni.
1302 2451 1365 2478 -4
1384 2451 1466 2484 Psal.
1487 2463 1518 2492 ι,
1536 2462 1568 2493 7.
1581 2469 1621 2475 -
1634 2450 1650 2475 ⁵
1667 2452 1813 2486 Ambros.

432 2500 490 2532 lib.
511 2513 521 2534 ι
544 2504 585 2535 de
603 2505 804 2547 Poenitentia‚
823 2516 895 2548 cap.
915 2515 947 2539 2.
964 2523 994 2529 —
1020 2504 1035 2528 ⁶
1054 2508 1185 2548 Gregor.
1206 2506 1353 2540 Nazianz.
1373 2505 1467 2540 Orat.
1499 2508 1531 2540 in
1551 2507 1667 2542 Christi
1685 2508 1815 2542 Nativi-

430 2560 541 2590 tatem.
