1884 3285
420 262 503 300 356
852 272 885 299 s.
923 272 1155 301 Aucusmim
1191 272 1372 299 EPISGOPI

477 338 589 380 LIX.
614 339 842 381 Jummns.
868 356 887 379 «
918 340 1075 382 Verum
1097 339 1190 383 haec
1213 337 1367 383 omissa
1380 336 1605 392 faciamus,
1629 345 1673 380 et
1695 336 1805 380 illud

416 407 537 465 quod
558 422 581 451 a
604 406 723 451 vobis
754 416 933 466 apparet
962 424 1085 468 posse
1108 409 1153 452 in
1175 409 1258 453 hoc
1290 406 1387 452 loco
1415 405 1586 460 referri,
1628 406 1806 451 rationis
1856 403 1859 446 ἒ

416 476 579 520 viribus
602 478 864 522 deteramus.
898 479 938 524 Si
963 494 1064 538 ergo
1087 478 1266 534 dixeris,
1291 478 1499 537 scriptum
1530 493 1620 522 esse
1646 477 1700 521 de
1726 478 1808 522 hac

415 546 722 592 commixtione
736 583 746 603 ,
769 548 890 608 quod
909 550 1018 594 fiant
1038 549 1127 594 duo
1148 550 1193 594 in
1211 565 1338 594 carne
1361 565 1470 604 una,
1498 557 1540 592 et
1567 548 1808 592 secundum

416 617 535 661 hunc
556 616 761 674 modum,
787 619 1047 678 Apostolum
1070 635 1147 679 per
1171 635 1309 664 unum
1331 619 1553 663 hominem
1570 618 1742 673 dixisse,
1760 627 1810 662 ut

413 685 682 732 adhaerentia
703 689 783 732 sibi
817 690 1119 747 generantium
1148 691 1343 734 membra
1376 689 1568 748 signaret
1594 708 1603 733 ι
1627 703 1808 748 respon·
1859 681 1861 711 f

413 757 527 802 debo
550 759 632 803 hoc
649 774 827 819 quoque
849 768 1002 804 contra
1029 770 1216 805 vestram
1237 760 1504 819 impietatem
1527 758 1685 803 valere.
1713 761 1810 805 Non

413 829 528 873 enim
547 829 715 875 dictum
733 840 813 885 est,
835 834 978 876 Erunt
1001 833 1090 877 duo
1105 833 1303 877 homines
1317 832 1361 875 in
1387 846 1476 875 uno
1489 830 1690 888 homine,
1715 830 1807 885 sed,
1860 862 1875 882 1„

412 902 554 945 Erunt
576 900 666 946 duo
689 902 734 945 in
755 918 884 946 carne
908 919 993 947 una
1022 922 1030 948 :
1053 919 1144 963 quo
1173 903 1380 948 unitionis
1410 902 1588 946 nomine
1609 901 1810 960 voluptas

413 971 487 1016 issa
517 974 794 1030 coeuntium,
825 983 868 1019 et
888 973 1028 1019 libido
1057 991 1156 1034 quae
1189 990 1362 1019 sensum
1391 974 1585 1018 afficiens
1616 973 1811 1017 membra
1861 966 1876 1014 ’ἴε

410 1052 673 1099 consternat,
699 1060 774 1098 ac,
811 1046 923 1089 sicut
959 1045 1031 1089 ille
1062 1045 1256 1104 prudens
1290 1044 1531 1099 intellexit,
1562 1059 1693 1087 unam
1715 1059 1810 1087 car·
1862 1034 1880 1080 Ϊέ

410 1130 512 1159 nem
536 1117 662 1175 gestit
683 1117 855 1160 efficere
872 1131 895 1160 a
916 1119 1005 1160 Deo
1028 1116 1227 1160 instituta
1249 1125 1290 1160 et
1309 1115 1564 1174 corporibus
1586 1123 1686 1159 ante
1707 1129 1812 1174 pec·

415 1195 562 1231 catum
579 1186 811 1231 doceretur
825 1187 1001 1232 inserta.

468 1260 761 1303 Aucuscrmus.
788 1258 830 1303 Si
855 1267 905 1303 ut
926 1267 1067 1303 essent
1087 1258 1176 1303 duo
1200 1257 1246 1303 in
1267 1274 1397 1304 carne
1427 1274 1537 1312 una,
1558 1257 1703 1302 facere
1728 1257 1810 1301 nisi
1863 1268 1881 1297 α

415 1327 552 1374 libido
570 1345 661 1374 non
682 1337 844 1389 posset,
864 1332 880 1387 (
898 1345 1031 1389 quam
1055 1339 1298 1389 susceptam
1321 1339 1442 1375 tuam
1466 1329 1597 1374 talem
1619 1343 1809 1388 prorsus,
1863 1341 1866 1383 ξ

409 1399 550 1459 qualis
571 1416 689 1445 nunc
707 1417 730 1445 a
753 1411 795 1446 te
818 1409 862 1445 et
891 1401 1099 1446 laudatur
1117 1410 1161 1445 et
1179 1411 1468 1460 expugnatur,
1487 1415 1621 1460 quam
1635 1400 1812 1460 puden-

411 1470 513 1515 dam
535 1473 753 1517 confiteris
775 1482 818 1516 et
845 1473 936 1516 sine
959 1472 1127 1531 pudore
1149 1473 1206 1516 sic
1232 1471 1396 1531 diligis,
1423 1472 1555 1517 audes
1577 1472 1708 1516 etiam
1731 1487 1811 1531 pa-

415 1542 818 1602 radisipossessione
832 1544 1023 1601 dotare,)
1041 1542 1164 1588 nullo
1183 1544 1315 1588 modo
1326 1545 1509 1588 etiamin
1522 1543 1695 1588 Christo
1711 1543 1810 1586 etin

413 1611 606 1657 Ecclesia
622 1623 766 1672 posset
778 1612 981 1673 intelligi,
999 1633 1017 1656 «
1030 1617 1172 1658 Erunt
1185 1614 1274 1659 duo
1289 1615 1333 1658 in
1345 1630 1472 1659 carne
1488 1617 1612 1657 una1.
1625 1632 1642 1655 »
1659 1616 1810 1673 Neque

421 1684 537 1727 enim
563 1693 651 1729 tam
678 1684 809 1743 longe
839 1684 1054 1729 exorbitas
1076 1701 1099 1728 a
1129 1685 1320 1729 veritatis
1352 1685 1445 1739 via,
1469 1694 1519 1729 ut
1554 1685 1683 1728 etiam
1707 1699 1814 1729 con-

413 1754 631 1813 junctioni
644 1754 805 1799 Christi
817 1763 860 1798 et
874 1754 1094 1809 Ecclesiae,
1110 1756 1220 1799 hanc
1234 1755 1393 1799 audeas
1411 1755 1644 1814 importare
1663 1753 1813 1798 libidi-

416 1839 531 1867 nem.
550 1828 683 1868 Porro
696 1825 726 1868 si
747 1834 928 1884 possunt
943 1825 1034 1868 sine
1051 1825 1130 1870 ista
1145 1841 1234 1870 esse
1250 1826 1338 1870 duo
1354 1826 1397 1869 in
1413 1841 1542 1869 carne
1564 1841 1650 1869 una
1666 1825 1791 1871 Chris
1803 1850 1816 1859 ·

419 1903 487 1939 tus
502 1904 544 1939 et
567 1894 780 1951 Ecclesia,
805 1904 1044 1955 potuerunt
1063 1897 1190 1941 etiam
1212 1897 1276 1941 vir
1298 1906 1341 1941 et
1358 1912 1481 1952 uxor,
1504 1897 1681 1940 sinemo
1703 1912 1811 1956 pec·
1866 1885 1882 1932 Ῐῗε

419 1975 570 2022 casset,
590 1982 679 2011 non
700 1967 907 2026 pudenda
925 1967 1123 2022 libidine,
1150 1967 1204 2011 de
1222 1984 1307 2028 qua
1326 1967 1542 2012 erubescit
1560 1976 1603 2011 et
1624 1968 1699 2027 qui
1718 1983 1811 2011 eam

420 2037 600 2082 laudare
619 2054 707 2083 non
723 2039 958 2092 erubescit,
985 2040 1059 2083 sed
1080 2040 1232 2084 merito
1251 2039 1471 2083 laudanda
1486 2039 1695 2084 charitate
1714 2055 1814 2083 cou-

420 2109 561 2168 jungi,
587 2119 629 2154 et
649 2109 837 2154 tiliorum
858 2110 1227 2168 procreandorum
1254 2126 1381 2155 causa
1399 2126 1488 2154 esse
1505 2110 1595 2154 duo
1620 2110 1664 2153 in
1686 2125 1814 2154 carne

424 2195 526 2224 una.
559 2180 683 2225 Unde
719 2181 928 2225 Dominus
968 2197 1068 2226 cum
1101 2181 1228 2236 dicit,
1268 2202 1287 2225 «
1316 2183 1451 2240 Igitur
1474 2184 1563 2242 jam
1593 2197 1681 2226 non
1714 2191 1816 2226 sunt

427 2269 448 2293 »
470 2251 576 2307 duo,
602 2250 677 2296 sed
699 2268 786 2296 una
808 2256 933 2296 caro‘2
955 2272 963 2296 :
994 2272 1012 2294 »
1040 2268 1128 2297 non
1147 2254 1297 2312 utique
1323 2253 1444 2307 dicit,
1467 2268 1555 2297 non
1577 2262 1679 2297 sunt
1697 2254 1814 2308 duae,

425 2322 500 2367 sed
533 2338 621 2367 una
651 2337 765 2367 caro.
799 2323 915 2376 Quid
949 2338 1052 2382 ergo
1084 2339 1174 2368 non
1209 2334 1310 2368 sunt
1335 2324 1453 2378 duo,
1488 2325 1569 2367 nisi
1592 2324 1817 2368 homines?

429 2395 542 2439 sicut
558 2394 754 2440 Christus
770 2404 811 2438 et
835 2394 1025 2439 Ecclesia
1045 2394 1174 2439 simul
1197 2411 1285 2439 non
1304 2394 1392 2439 duo
1406 2395 1588 2449 Christi,
1614 2394 1689 2439 sed
1704 2409 1818 2439 unus

423 2476 487 2511 est
506 2467 703 2512 Christus
733 2485 742 2511 ε
769 2465 886 2510 unde
914 2475 957 2511 et
983 2467 1107 2511 nobis
1129 2466 1295 2511 dictum
1320 2475 1407 2525 est,
1440 2485 1459 2508 «
1487 2469 1601 2524 Ergo
1626 2466 1813 2511 Abrahae
1870 2471 1884 2506 *e

478 2565 485 2582 ¹
513 2562 579 2591 Gen
619 2571 662 2598 11,
682 2558 734 2599 24.
754 2575 792 2582 -w
813 2564 825 2580 ²
844 2557 956 2590 Matth.
989 2569 1065 2596 xix,
1093 2558 1126 2588 (i.
