1884 3285
1844 0 1866 65 ll

1827 26 1835 132 ἓ

1831 173 1835 229 ἐ

437 266 520 303 300
874 275 906 299 s.
943 269 1174 300 AUGUSTINI
1204 272 1387 300 EPISCOPI
1831 235 1836 281 l

436 343 572 383 Deum
593 341 711 398 justo
733 337 901 398 judicio
924 338 1049 382 bonis
1071 339 1292 381 mentibus
1316 337 1362 380 in
1389 352 1665 398 quacumque
1687 288 1838 399 gentel

435 424 555 453 suam
576 407 911 453 misericordiam
934 423 1022 452 non
1041 424 1201 467 negare
1218 444 1228 463 ,
1247 408 1381 452 malas
1397 424 1499 453 vero
1517 419 1682 454 mentes
1697 411 1818 457 nulla
1834 383 1861 459 ll.

434 481 572 524 sinere
594 480 737 539 stirpis
756 479 982 524 nobilitate
997 478 1171 523 defendi
1189 501 1199 538 3
1220 478 1512 538 intelligerent
1531 483 1554 524 J
1561 480 1673 525 udaei
1688 517 1699 537 ‚
1718 497 1819 540 gen·
1836 468 1841 528 i
1859 503 1884 535 ’,

434 552 544 596 tium
565 550 695 595 fidem
727 568 748 596 a
772 567 816 595 se
837 551 999 610 despici
1028 566 1117 595 non
1139 550 1298 594 debere
1328 570 1335 594 ι
1372 551 1474 609 quia
1496 551 1604 596 sicut
1630 567 1719 596 non
1740 530 1842 611 ρει-Ι,

435 622 676 666 trocinatur
715 622 1007 666 Israelitarum
1048 631 1228 666 stemma
1260 622 1514 665 criminibus
1539 658 1548 676 ,
1590 623 1648 666 ita
1691 623 1820 667 etiam
1838 611 1844 697 ἰ
1863 634 1884 667 11*

435 708 524 739 non
548 692 862 752 impedimento
880 702 942 737 est
965 693 1157 751 gentium
1181 694 1304 752 origo
1325 694 1576 738 virtutibus.
1605 696 1697 738 Hoc
1721 709 1820 753 ergo
1840 684 1884 750 ²3⁴³

435 774 580 809 torum
598 779 728 823 agens
743 764 949 808 conflictu
966 763 1041 808 illo
1061 764 1312 823 Apostolus3
1333 765 1376 807 in
1395 765 1654 824 quibusdam
1675 774 1819 810 tamen
1864 757 1884 809 51³

434 835 563 890 locis,
591 836 647 879 ad
668 835 979 880 incurvandam
1011 835 1366 880 circumcisorum
1395 837 1683 893 arrogantiam
1701 871 1711 891 ,
1738 836 1819 880 sub
1842 822 1877 894 lu

434 907 613 951 nomine
635 907 782 964 gratiae
803 906 857 951 de
880 906 969 951 sola
993 908 1068 951 Dei
1091 906 1346 966 praejudicat
1363 917 1590 966 potestate.
1621 926 1640 948 »
1844 911 1848 964 ',

494 982 786 1023 Anausarnws.
825 981 937 1037 Ergo
961 978 1016 1022 ad
1044 978 1356 1023 incurvandam
1377 979 1730 1023 circumcisorum
1751 995 1822 1023 ar-
1845 979 1879 1031 {a

435 1050 672 1107 rogantiam
687 1086 697 1105 ‚
724 1051 805 1094 sub
831 1052 1008 1095 nomine
1031 1051 1180 1108 gratiae
1203 1050 1412 1093 mentitur
1436 1050 1667 1108 Apostolus
1691 1070 1700 1095 :
1722 1066 1822 1094 nam
1845 1057 1851 1096 i
1871 1065 1880 1094 ε

435 1123 549 1165 Deus
568 1136 618 1164 ex
639 1121 844 1180 operibus
861 1121 1002 1180 eligit,
1024 1135 1113 1165 non
1130 1135 1181 1163 ex
1201 1120 1350 1178 gratia.
1369 1120 1474 1173 Quis
1492 1121 1549 1164 ita
1564 1121 1721 1180 sapiat,
1742 1121 1824 1166 nisi
1846 1118 1881 1168 {is

409 1191 662 1235 ·haereticus
684 1192 884 1235 inimicus
908 1191 1076 1250 gratiae,
1107 1191 1269 1235 amicus
1294 1191 1536 1250 superbiae?
1561 1191 1729 1237 Clamat
1751 1207 1824 1237 vas
1847 1176 1852 1255 l
1873 1205 1881 1233 π

436 1260 679 1317 electionis,
700 1270 743 1305 et
762 1262 925 1319 gratiae,
947 1278 1030 1322 qua
1048 1261 1145 1305 talis
1163 1261 1302 1306 factus
1318 1264 1421 1313 est1,
1443 1261 1716 1322 praedicator,
1736 1278 1827 1307 non
1848 1259 1853 1316 ᾗ
1875 1276 1881 1298 ·

435 1346 485 1375 ex
508 1332 709 1388 operibus
723 1332 933 1376 dilectum
951 1348 1040 1376 esse
1058 1333 1194 1377 Jacob
1214 1352 1221 1376 :
1241 1341 1284 1376 et
1302 1341 1350 1376 tu
1368 1348 1678 1377 commemoras
1696 1348 1827 1392 opera
1849 1321 1854 1390 ἶ
1878 1347 1884 1358 ’

436 1403 572 1447 Jacob
588 1438 599 1458 ,
623 1419 672 1447 ex
692 1403 852 1464 quibus
870 1419 969 1448 eum
989 1403 1197 1447 dilectum
1217 1418 1305 1447 esse
1327 1402 1553 1447 contendis
1574 1424 1581 1448 :
1603 1413 1645 1448 et
1662 1405 1745 1449 hoc
1765 1404 1824 1449 fa-
1850 1402 1855 1444 Ι
1880 1409 1884 1419 “

436 1474 574 1528 ciens,
597 1475 701 1519 mihi
717 1484 759 1519 te
776 1476 989 1519 existimas
1009 1474 1305 1519 contradicere
1319 1510 1329 1530 ‚
1348 1490 1449 1518 cum
1470 1475 1523 1519 sis
1543 1490 1680 1520 novus
1698 1477 1826 1520 Anti-

437 1545 644 1599 christus,
676 1546 800 1606 eique
825 1546 1090 1605 apertissime
1119 1544 1391 1590 contradicas
1406 1547 1448 1589 in
1469 1562 1557 1606 quo
1577 1545 1747 1591 locutus
1765 1555 1827 1591 est
1852 1575 1857 1640 ι

437 1616 632 1661 Christus
648 1619 680 1659 2.
1853 1641 1857 1668 ς

497 1688 745 1731 CXXXIII.
773 1690 795 1731 J
801 1704 998 1732 nmmos.
1026 1706 1044 1729 «
1066 1690 1123 1731 Ut
1139 1687 1221 1731 illis
1234 1688 1281 1731 in
1299 1688 1653 1732 caeremoniarum
1669 1697 1712 1732 et
1730 1688 1829 1732 hos·
1854 1671 1858 1744 l

441 1757 596 1801 tiarum
619 1759 920 1802 observatione
944 1758 1231 1817 gloriantibus
1251 1794 1259 1813 ‚
1286 1773 1452 1817 perque
1468 1759 1552 1803 hoc
1572 1759 1827 1803 aestimanti-
1854 1752 1860 1840 ἱ

1856 1850 1862 1962 ἓ

1879 1489 1884 1518 i

440 1829 521 1872 bus
549 1828 650 1873 alias
674 1830 868 1874 nationes
892 1829 1023 1873 nullis
1044 1829 1149 1888 legis
1174 1830 1327 1874 ritibus
1351 1839 1621 1875 consecratas
1644 1831 1698 1874 ad
1720 1845 1829 1875 con-
1856 1841 1859 1848 “

438 1900 622 1944 sortium
641 1901 706 1944 sui
729 1915 809 1944 nec
827 1915 950 1959 posse
969 1899 1139 1944 admitti
1157 1901 1318 1954 subito,
1344 1916 1425 1945 nec
1447 1901 1623 1956 debere,
1648 1900 1828 1957 diceret,

439 1973 542 2031 quia
565 1980 607 2015 et
629 1972 664 2015 si
685 1971 727 2014 in
752 1971 834 2015 illis
865 1972 1239 2015 observationibus
1264 1970 1412 2015 fuisset
1436 1988 1603 2016 summa
1622 1973 1800 2028 Justitiae
1816 2007 1827 2028 ,

441 2042 622 2085 haberet
643 2050 789 2085 tamen
807 2042 850 2085 in
871 2051 1083 2101 potestate
1100 2057 1176 2085 sua
1199 2045 1324 2098 Deus3
1345 2042 1579 2101 quamdam
1599 2042 1741 2086 facere
1759 2058 1831 2101 po-

441 2111 646 2171 pulorum
679 2113 1065 2157 commutationem
1085 2148 1095 2165 ,
1137 2123 1186 2156 ut
1221 2113 1412 2173 rejiceret
1444 2129 1553 2173 quos
1592 2113 1743 2168 vellet,
1788 2082 1865 2185 etl

441 2198 550 2242 quos
572 2182 700 2226 vellet
723 2193 971 2227 assumeret.
998 2183 1080 2228 Cui
1110 2185 1248 2227 sensui
1280 2184 1513 2242 respondet
1541 2184 1622 2227 sub
1649 2199 1833 2242 persona
1859 2186 1865 2224 l

442 2252 720 2307 Judaeorum,
746 2253 856 2296 nihil
877 2254 1036 2297 debere
1051 2255 1141 2313 jam
1165 2255 1275 2311 exigi
1298 2254 1352 2297 ab
1370 2254 1556 2298 hominis
1579 2254 1831 2311 voluntate3
1860 2255 1866 2312 ξ

442 2323 802 2384 quandoquidem
826 2327 961 2377 Deus5
994 2326 1116 2383 cujus
1138 2324 1233 2368 vult
1256 2325 1484 2368 miseretur
1516 2334 1558 2369 et
1581 2341 1712 2384 quam
1741 2325 1835 2370 vult
1861 2319 1867 2368 l

443 2393 648 2440 obdurat.
671 2394 739 2439 Ad
761 2395 883 2455 quod
904 2394 1036 2438 refert
1063 2395 1312 2454 Apostolus,
1344 2414 1361 2438 «
1383 2397 1420 2439 Ο
1437 2396 1570 2439 bomo
1594 2405 1641 2439 tu
1658 2395 1754 2456 quis
1771 2410 1830 2451 es,

448 2484 468 2507 »
495 2466 571 2525 qui
596 2466 855 2525 respondeas
874 2468 993 2510 Deo?
1017 2488 1032 2506 »
1060 2469 1115 2510 Et
1136 2466 1268 2510 infert
1290 2467 1586 2511 testimonium
1608 2467 1834 2526 prophetae
1863 2471 1867 2497 ἓ

1862 2370 1867 2467 ἱ

448 2540 597 2591 Isaiae,
641 2556 661 2580 «
692 2537 916 2598 Numquid
951 2537 1077 2592 dicit,
1112 2538 1276 2598 inquit,
1313 2538 1568 2596 figmentum
1604 2539 1642 2582 ei
1679 2538 1755 2598 qui
1790 2551 1834 2581 se
1864 2500 1869 2633 Ξ

1865 2660 1868 2736 ἰ

1866 2745 1869 2773 ε

1866 2813 1870 2835 Ι

1867 2880 1870 2939 i

1868 2963 1871 3016 !

1858 1988 1863 2079 ἑ

497 2629 503 2644 ¹
532 2624 626 2655 Rom.
652 2634 696 2662 ix,
721 2632 772 2656 12.
796 2641 835 2647 —-
855 2630 867 2644 ²
889 2632 906 2655 2
931 2624 1002 2655 Cor.
1024 2634 1093 2661 xm,
1117 2622 1144 2655 3.
