1821 3264
247 291 393 318 OPERIS
427 292 602 320 mamur-
637 292 802 322 CONTRA
834 293 1005 324 JULIAN.
1042 299 1124 326 Lm.
1161 300 1209 326 11.
1342 288 1422 328 331

39 368 127 412 quo
145 368 295 399 omnes
310 358 622 414 peccaverunt¹
643 375 652 402 z
671 373 769 416 quae
778 360 913 404 verba
935 361 1026 420 ejus
1039 396 1051 417 ,
1072 378 1173 407 cum
1186 364 1428 410 secundum

37 439 128 478 vos,
146 439 234 468 non
257 427 497 470 secundum
519 428 683 486 ipsum,
703 443 917 487 exponere
939 433 1147 491 coeperis,
1168 442 1272 478 tunc
1291 450 1428 494 appa-

37 493 148 537 rebit
164 494 233 538 cui
258 495 506 542 rectitudini
529 497 719 542 veritatis
742 498 1005 560 loquacitate
1033 504 1345 550 tortuosissima
1360 521 1429 550 re-

36 563 229 609 lucteris.

94 636 234 679 XXV.
260 638 285 680 J
290 653 487 683 umam-us.
513 656 532 680 «
552 640 681 683 Hunc
698 654 799 698 ergo
818 641 873 686 de
894 657 1026 702 opere
1043 658 1142 689 meo
1163 646 1306 704 priore
1324 661 1429 692 con-

36 714 201 750 textum
215 741 226 762 ,
251 707 297 751 in
319 708 401 753 hoc
421 708 614 754 secundo
633 709 744 755 libro
762 727 841 757 suo
856 713 985 769 sibi2,
1006 713 1108 759 licet
1124 730 1223 760 cum
1241 717 1429 777 interpo-

34 776 218 833 latione,
250 781 490 838 proposuit.
520 783 629 827 Nam
650 791 693 826 et
721 794 1107 830 commemoratam
1131 802 1154 832 a
1176 802 1246 830 me
1267 786 1430 833 forma-

35 849 198 893 tionem
221 853 436 909 corporis,
470 862 513 897 et
548 853 790 912 ingressum
814 856 991 911 animae,
1022 873 1155 916 quam
1191 874 1350 904 novam
1383 861 1429 905 in

33 935 303 980 unoquoque
326 938 350 966 a
373 925 462 968 Deo
492 924 744 980 conditam,
770 934 860 969 tam
891 927 1022 982 ratio,
1061 942 1193 987 quam
1224 929 1330 989 legis
1365 946 1429 976 sa-

33 1005 117 1035 crae
139 990 434 1054 Ecclesiaeque
450 995 678 1041 catholicae
695 997 924 1043 confirmat
943 999 1192 1055 auctoritas,
1217 1009 1266 1044 ut
1282 1016 1425 1060 spero,

32 1070 124 1106 arte
144 1063 369 1121 praeteriit.
392 1083 412 1107 »

91 1136 385 1180 Amusrmus.
410 1137 494 1189 Qui
514 1136 618 1195 legit
641 1152 712 1182 sex
731 1137 866 1183 libros
890 1154 1008 1185 meos
1023 1175 1034 1195 ‚
1059 1141 1220 1201 quibus
1241 1141 1428 1189 refutavi

31 1212 220 1263 quatuor
241 1215 364 1262 tuos,
390 1208 444 1251 de
468 1224 658 1268 quorum
682 1211 823 1269 primo
847 1228 947 1272 quae
964 1213 1126 1268 voluit,
1158 1223 1201 1259 et
1226 1215 1338 1260 sicut
1354 1230 1428 1260 vo-

31 1274 134 1330 luit,
151 1275 224 1320 ille
242 1275 478 1336 decerpsit,
507 1281 578 1324 cui
603 1281 809 1340 respondi
835 1283 880 1327 in
905 1283 1017 1329 libro
1040 1285 1123 1330 isto
1153 1301 1284 1345 quem
1307 1301 1426 1331 nunc

32 1345 189 1390 frustra
208 1347 470 1407 redarguere
486 1349 788 1411 loquacissima
811 1355 1004 1399 vanitate
1026 1356 1244 1415 conaris33
1274 1358 1333 1403 sic
1356 1373 1427 1402 me

31 1417 110 1460 tibi
126 1419 171 1461 in
184 1420 311 1464 tertio
328 1434 427 1465 meo
449 1423 723 1480 respondisse
746 1425 955 1483 reperiet,
980 1435 1030 1471 ut
1055 1426 1220 1483 videat,
1246 1444 1336 1472 nou
1358 1444 1428 1473 me

30 1497 122 1533 arte
136 1491 393 1548 praeteriisse
406 1492 527 1552 quod
545 1492 668 1552 dicis,
684 1494 761 1538 sed
778 1495 902 1540 illum
919 1498 1063 1555 potius
1079 1499 1202 1558 cujus
1215 1499 1427 1544 chartulae

29 1560 367 1618 respondebam,
385 1563 469 1608 hoc
485 1563 539 1607 de
547 1579 678 1624 opere
694 1574 770 1610 tuo
785 1565 975 1611 noluisse
993 1567 1225 1613 transferre
1240 1570 1328 1615 sive
1339 1579 1429 1615 stu-

33 1630 106 1675 dio
125 1631 364 1689 brevitatis,
385 1634 473 1679 sive
502 1635 604 1695 quia
628 1636 844 1695 pertinere
866 1653 956 1683 non
979 1640 1149 1699 putavit
1164 1639 1218 1685 ad
1233 1656 1422 1686 causam,

87 1704 249 1748 XXVI.
290 1707 516 1751 JumANrs.
557 1725 577 1748 «
614 1709 709 1751 Jam
741 1708 907 1768 reliqua
927 1745 938 1764 ,
962 1709 1064 1754 licet
1098 1710 1316 1771 aliquibus
1338 1728 1428 1758 ser—

29 1773 234 1818 monibus
265 1776 452 1833 variata,
477 1778 715 1822 contexuit.
745 1780 908 1824 Contra
932 1780 1007 1824 has
1029 1796 1132 1839 ergo
1162 1781 1427 1841 objectiones

29 1859 146 1889 meas
169 1845 280 1890 nihil
302 1862 392 1906 quo
427 1857 725 1907 repercuterer
747 1851 1005 1908 excogitavit
1030 1869 1038 1895 :
1067 1852 1142 1895 sed
1176 1867 1329 1896 verum
1357 1868 1428 1898 me

28 1913 273 1974 collegisse,
299 1918 637 1976 argumentandi
658 1919 804 1979 inopia
828 1919 1075 1977 confessus,
1102 1921 1208 1966 dicit
1230 1923 1337 1966 mihi
1371 1924 1426 1968 ad

28 1986 122 2030 haee
145 1988 291 2032 omnia
313 1989 572 2048 Apostolum
593 1990 869 2050 respondere,
899 1993 976 2052 qui
998 1994 1277 2052 pronuntiet,
1308 2013 1328 2037 «
1348 2010 1427 2054 per

30 2074 51 2099 »
77 2073 218 2103 unum
238 2059 466 2104 hominem
487 2071 713 2120 peccatum
737 2062 918 2108 intrasse
940 2064 986 2107 in
1007 2063 1127 2108 hunc
1144 2063 1377 2109 mundum.
1402 2084 1423 2107 »

28 2130 80 2172 In
107 2144 196 2189 quo
219 2128 319 2174 loco
337 2165 348 2186 ,
383 2133 478 2191 quis
514 2148 615 2176 eum
645 2133 842 2177 eruditus
878 2149 1032 2178 sanum
1062 2134 1264 2179 habuisse
1294 2144 1426 2195 caput

28 2199 229 2256 aestimet,
268 2201 345 2260 qui
381 2217 471 2246 non
499 2202 763 2248 intellexerit
796 2213 872 2249 aut
899 2205 1202 2263 praetereunda
1233 2206 1313 2250 sibi
1336 2221 1425 2250 esse

31 2279 182 2315 contra
199 2287 299 2331 quae
320 2272 430 2316 nihil
451 2282 621 2333 poterat
644 2275 855 2331 invenire,
882 2285 956 2321 aut
978 2292 1271 2337 quaecumque
1293 2292 1422 2322 exco-

32 2342 208 2400 gitanda
225 2359 326 2403 quae
342 2344 522 2389 referret
539 2345 737 2406 obJectis,
760 2346 816 2391 ad
834 2363 1023 2407 quorum
1044 2349 1422 2394 confirmationem

29 2413 226 2472 Apostoli
247 2415 379 2460 verba
395 2418 698 2477 conjungeret.
719 2437 739 2461 n

93 2486 385 2532 Aucuscrmrs.
424 2487 508 2532 Sed
549 2488 703 2532 melius
744 2490 888 2535 verbis
926 2490 1173 2549 apostolicis
1211 2489 1424 2535 refelleris

77 2593 87 2608 ¹
107 2588 198 2620 Rom.
226 2599 259 2629 v,
285 2598 334 2623 12.
353 2607 394 2614 -
411 2596 422 2614 ²
437 2590 516 2623 Vide
529 2589 585 2622 lib.
603 2602 623 2624 n
641 2592 681 2625 de
698 2592 822 2634 Nuptiis
839 2597 873 2626 et
892 2593 1138 2635 Concupiscent.
1156 2604 1230 2636 cap.
1252 2602 1291 2636 27
1312 2598 1345 2626 et
1363 2602 1420 2635 29.

31 2660 71 2666 —
88 2641 100 2667 3
119 2644 200 2677 thid.
