1821 3264
278 284 422 311 OPERIS
451 284 627 311 JMPERF.
663 284 824 311 CONTRA
858 287 1027 314 JULIAN.
1066 287 1146 313 LIB.
1183 287 1213 313 1.
1354 274 1439 314 309

57 349 169 405 fuit,
201 349 277 409 qui
303 349 408 393 tales
430 364 519 394 esse
551 348 788 393 noluerunt
811 369 818 394 :
845 367 944 411 quac
972 352 1004 394 si
1028 350 1248 395 attenditis
1276 359 1442 410 quanta

57 420 280 479 impietate
296 419 497 465 dicantur
511 455 521 474 ‚
543 417 611 464 vel
630 419 756 464 tacita
775 421 1037 480 cogitatione
1055 422 1311 480 credantur3
1332 422 1442 466 sicut

57 490 287 549 agnoscitis
318 490 540 550 Unigeniti
572 499 792 546 naturam,
832 493 952 551 quod
985 511 1003 533 (ι.
1035 496 1084 536 In
1110 493 1321 552 principio
1351 501 1443 537 erat

58 578 78 602 »
105 560 322 616 Verbum,
360 571 402 605 et
438 561 629 604 Verbum
663 571 753 604 erat
782 563 898 621 apud
929 565 1095 617 Deum,
1129 571 1171 606 et
1206 565 1318 606 Deus
1351 571 1443 607 erat

59 648 79 672 »
106 631 350 689 Verbum13
378 650 397 673 n
426 631 655 690 Agnoscite
679 641 721 676 et
740 634 917 691 gratiam
936 668 946 688 ‚
977 632 1097 693 quod
1123 632 1315 676 Verbum
1340 648 1441 678 caro

57 700 219 744 factum
250 710 335 755 est,
372 710 415 745 et
443 701 652 745 habitavit
673 701 718 745 in
751 703 915 747 nobis².
942 703 1020 746 Ille
1052 703 1184 760 igitur
1212 717 1320 762 quos
1343 703 1437 759 dig-

55 781 184 816 natur
213 781 365 827 vocat‚
399 784 442 817 et
464 788 594 833 quem
632 773 726 817 vult
749 775 992 831 religiosum
1028 773 1159 828 facit,
1195 774 1272 833 qui
1298 773 1442 818 homi-

54 857 154 885 nem
186 858 316 902 quem
345 843 535 896 voluit3‚
556 859 710 886 unum
744 844 834 887 sine
859 844 956 888 ullis
978 845 1183 888 humanae
1206 842 1441 887 voluntatis

54 912 403 971 praecedentibus
425 914 586 957 meritis
605 913 891 958 mediatorem
912 914 987 957 Dei
1004 923 1047 957 et
1071 914 1298 957 hominum
1317 913 1435 958 fecit.

111 984 355 1027 CXXXIX.
392 985 618 1027 Jt‘LIANL‘s.
659 1002 678 1024 «
706 986 756 1027 In
777 984 860 1028 hoc
888 985 1018 1043 igitur
1038 984 1135 1028 loco
1159 985 1228 1028 hic
1260 998 1435 1038 sensus,

53 1063 267 1113 quantum
290 1063 456 1112 spectat
488 1054 542 1097 ad
562 1054 783 1098 historiam
803 1090 813 1109 ‚
851 1056 1101 1099 continetur
1118 1090 1128 1109 ‚
1163 1064 1212 1099 ut
1241 1058 1354 1099 Deus
1372 1054 1440 1098 lo—

52 1134 213 1184 quatur
241 1126 293 1169 ad
316 1124 529 1185 populum
559 1145 567 1170 :
603 1126 714 1179 Quia
742 1142 821 1170 nec
849 1126 949 1171 odio
978 1142 1052 1170 vos
1073 1127 1120 1170 in
1145 1125 1440 1186 captivitatem

53 1194 238 1249 tradidi,
278 1212 357 1240 nec
390 1212 507 1240 nunc
537 1197 753 1240 oblivione
773 1196 926 1256 judicii
957 1197 1011 1241 de
1039 1197 1224 1241 vinculis
1247 1197 1440 1254 Babylo-

51 1266 158 1310 nicae
175 1267 434 1325 captivitatis
457 1269 591 1311 exemi
611 1289 622 1323 ς
645 1267 717 1311 sed
740 1283 844 1327 ego,
865 1278 1081 1329 quantum
1098 1270 1143 1313 in
1162 1284 1230 1312 me
1248 1278 1311 1312 est
1328 1303 1338 1323 ‚
1360 1283 1440 1327 pa-

50 1347 166 1381 ratus
192 1339 287 1397 jugi
311 1353 385 1381 vos
408 1338 711 1382 benevolentia
736 1339 994 1393 confovere,
1025 1340 1206 1399 justitiae
1229 1354 1337 1383 meae
1371 1349 1440 1383 ta-

49 1422 149 1451 men
181 1406 345 1462 debui,
382 1417 431 1451 ut
462 1418 503 1451 et
537 1409 841 1467 delinquentes
876 1410 1074 1454 hostibus
1112 1411 1357 1463 traderem,
1397 1417 1441 1453 et

51 1493 289 1522 recrearem
321 1477 640 1537 liberaremque
674 1488 865 1522 vexatos.
902 1480 1020 1524 Sicut
1054 1479 1169 1523 enim
1202 1479 1439 1524 rusticandi

53 1564 212 1607 gnarus
245 1564 334 1593 non
362 1564 531 1608 semper
561 1564 650 1593 uno
681 1549 880 1593 imminet
909 1550 1052 1608 operi,
1090 1559 1140 1593 ut
1169 1548 1268 1595 solis
1301 1549 1441 1594 findat

51 1636 147 1663 arva
173 1619 442 1677 dentalibus3
468 1620 540 1663 sed
565 1619 733 1664 diverso
752 1635 908 1679 genere
930 1621 1087 1664 votivae
1107 1619 1319 1664 fertilitati
1339 1636 1440 1664 rura

50 1692 295 1750 componit3
320 1692 379 1735 ita
407 1691 535 1734 etiam
566 1706 644 1749 ego
673 1691 1044 1750 dispensationum
1076 1693 1189 1736 vices
1214 1692 1332 1736 vario
1349 1726 1359 1745 ‚
1389 1700 1440 1735 ut

50 1771 141 1805 tum
166 1763 372 1821 pressuris
389 1797 399 1816 ‚
426 1771 519 1805 tum
549 1762 920 1806 consolationibus
948 1761 1220 1806 voluntatem
1251 1770 1438 1805 vestram

51 1831 249 1891 frugibus
284 1833 441 1892 possim
481 1842 628 1892 aptare
653 1833 847 1892 justitiae.
889 1834 1086 1892 Denique
1116 1841 1164 1876 ut
1189 1832 1440 1891 intelligatis

49 1913 213 1964 quanta
246 1905 452 1964 aequitate
486 1919 609 1961 agam
637 1903 888 1958 vobiscum,
926 1919 1094 1962 possem
1124 1903 1438 1947 mussitationes

49 1983 208 2019 vestras
224 1990 302 2033 pro
325 1982 537 2034 potestate
555 1973 797 2032 despicere,
824 1983 873 2016 ut
891 1973 1001 2017 sicut
1023 1972 1159 2032 figulo
1179 1973 1438 2031 figmentum

49 2061 176 2089 suum
200 2045 343 2089 dicere
366 2061 453 2089 non
480 2054 619 2104 potest
645 2064 653 2089 ;
680 2044 796 2097 Quid
816 2044 980 2088 fecisti?
1002 2044 1061 2087 ita
1083 2044 1210 2087 etiam
1233 2043 1356 2087 vobis
1380 2042 1440 2086 si-

50 2115 169 2159 lentii
201 2114 374 2174 pondus
402 2116 670 2175 imponerem
704 2135 711 2158 :
755 2124 899 2159 tamen
933 2123 1082 2158 contra
1119 2115 1214 2158 haec
1243 2113 1439 2172 exempla

50 2201 237 2246 provoco
255 2202 331 2230 vos
347 2221 358 2239 ‚
383 2195 432 2229 ut
451 2201 528 2245 pro
552 2185 647 2229 filiis
669 2185 774 2229 meis
797 2195 839 2228 et
862 2185 1056 2238 filiabus,
1082 2183 1123 2227 id
1149 2194 1233 2239 est,
1261 2200 1340 2243 pro
1362 2199 1440 2228 vo-

54 2256 116 2300 bis
136 2266 179 2299 et
201 2256 405 2314 operibus
427 2270 636 2299 manuum
661 2270 853 2299 mearum
876 2270 945 2298 me
965 2255 1239 2313 interrogetis
1254 2289 1265 2308 ,
1291 2263 1333 2298 et
1351 2253 1439 2297 dis-

50 2327 180 2381 catis,
213 2335 354 2370 totum
389 2341 458 2369 me
490 2327 631 2385 juste7
673 2341 751 2368 nec
785 2324 1027 2385 quidquam
1061 2340 1257 2384 unquam
1293 2324 1439 2368 fecisse

49 2396 296 2441 crudeliter.
321 2415 340 2437 »

110 2472 402 2511 Arausa-mes.
439 2465 568 2520 Quod
595 2467 659 2511 vis
695 2465 831 2521 dicis,
863 2482 950 2510 non
982 2464 1102 2525 quod
1134 2465 1239 2508 dixit
1266 2467 1434 2511 Isa'ias:

51 2538 123 2582 ille
146 2538 329 2597 gratiam
354 2537 548 2597 loquitur
565 2573 574 2593 ‚
593 2547 746 2582 contra
763 2552 894 2597 quam
920 2546 964 2580 tu
986 2535 1192 2596 loqueris.

103 2631 108 2646 ¹
135 2625 225 2655 Joan.
243 2635 267 2662 r,
294 2636 319 2655 r.
334 2641 375 2646 —
391 2630 403 2646 ²
422 2624 506 2655 thid.
535 2622 584 2665 ¹4·
604 2641 643 2646 —
658 2621 671 2646 3
686 2623 830 2655 Ambros.
851 2622 907 2654 lib.
930 2633 975 2654 vn
993 2621 1023 2653 in
1042 2623 1120 2654 Luc.
1135 2630 1206 2663 cap.
1223 2631 1316 2662 1x‚v.
1337 2618 1390 2651 58.
