<?xml version="1.0" encoding="UTF-8"?>
<!DOCTYPE html PUBLIC "-//W3C//DTD XHTML 1.0 Transitional//EN"
    "http://www.w3.org/TR/xhtml1/DTD/xhtml1-transitional.dtd">
<html xmlns="http://www.w3.org/1999/xhtml" xml:lang="en" lang="en">
 <head>
  <title>
</title>
<meta http-equiv="Content-Type" content="text/html;charset=utf-8" />
  <meta name='ocr-system' content='tesseract 3.04.00' />
  <meta name='ocr-capabilities' content='ocr_page ocr_carea ocr_par ocr_line ocrx_word'/>
</head>
<body>
  <div class='ocr_page' id='page_1' title='image "./operaomniaaccura36auguuoft/operaomniaaccura36auguuoft_0092.png"; bbox 0 0 1884 3285; ppageno 0'>
   <div class='ocr_carea' id='block_1_1' title="bbox 416 253 1358 289">
    <p class='ocr_par' dir='ltr' id='par_1_1' title="bbox 416 253 1358 289">
     <span class='ocr_line' id='line_1_1' title="bbox 416 253 1358 289; baseline -0.006 0"><span class='ocrx_word' id='word_1_1' title='bbox 416 253 469 289; x_wconf 85' lang='lat'>56</span> <span class='ocrx_word' id='word_1_2' title='bbox 846 262 878 286; x_wconf 88' lang='lat' dir='ltr'>s.</span> <span class='ocrx_word' id='word_1_3' title='bbox 917 259 1146 285; x_wconf 62' lang='lat' dir='ltr'>uersuum</span> <span class='ocrx_word' id='word_1_4' title='bbox 1178 258 1358 284; x_wconf 71' lang='lat' dir='ltr'>Episcopi</span> 
     </span>
    </p>
   </div>
   <div class='ocr_carea' id='block_1_2' title="bbox 416 322 1790 455">
    <p class='ocr_par' dir='ltr' id='par_1_2' title="bbox 416 322 1790 455">
     <span class='ocr_line' id='line_1_2' title="bbox 419 322 1790 382; baseline -0.001 -14"><span class='ocrx_word' id='word_1_5' title='bbox 419 348 437 369; x_wconf 90' lang='lat'>»</span> <span class='ocrx_word' id='word_1_6' title='bbox 466 326 588 370; x_wconf 86' lang='lat' dir='ltr'>vobis</span> <span class='ocrx_word' id='word_1_7' title='bbox 619 327 730 368; x_wconf 88' lang='lat' dir='ltr'>Deus</span> <span class='ocrx_word' id='word_1_8' title='bbox 758 322 965 367; x_wconf 82' lang='lat' dir='ltr'>revelabit</span> <span class='ocrx_word' id='word_1_9' title='bbox 991 343 999 367; x_wconf 88' lang='lat'>:</span> <span class='ocrx_word' id='word_1_10' title='bbox 1033 332 1331 366; x_wconf 79' lang='lat' dir='ltr'>verumtamen</span> <span class='ocrx_word' id='word_1_11' title='bbox 1352 358 1362 376; x_wconf 94' lang='lat'>‚</span> <span class='ocrx_word' id='word_1_12' title='bbox 1390 322 1558 382; x_wconf 87' lang='lat' dir='ltr'>inquit,</span> <span class='ocrx_word' id='word_1_13' title='bbox 1594 322 1638 365; x_wconf 88' lang='lat' dir='ltr'>in</span> <span class='ocrx_word' id='word_1_14' title='bbox 1669 323 1790 381; x_wconf 91' lang='lat' dir='ltr'>quod</span> 
     </span>
     <span class='ocr_line' id='line_1_3' title="bbox 416 393 1790 455; baseline -0.002 -18"><span class='ocrx_word' id='word_1_15' title='bbox 416 415 436 437; x_wconf 65' lang='grc' dir='ltr'>η</span> <span class='ocrx_word' id='word_1_16' title='bbox 469 395 761 455; x_wconf 81' lang='lat' dir='ltr'>pervenimus,</span> <span class='ocrx_word' id='word_1_17' title='bbox 780 393 826 438; x_wconf 90' lang='lat' dir='ltr'>in</span> <span class='ocrx_word' id='word_1_18' title='bbox 841 409 892 439; x_wconf 93' lang='lat' dir='ltr'>eo</span> <span class='ocrx_word' id='word_1_19' title='bbox 915 393 1185 437; x_wconf 90' lang='lat' dir='ltr'>ambulemus</span> <span class='ocrx_word' id='word_1_20' title='bbox 1209 395 1239 435; x_wconf 89' lang='lat'>¹.</span> <span class='ocrx_word' id='word_1_21' title='bbox 1276 411 1295 433; x_wconf 87' lang='lat'>»</span> <span class='ocrx_word' id='word_1_22' title='bbox 1321 395 1623 444; x_wconf 22' lang='lat' dir='ltr'>*Pervenerunt</span> <span class='ocrx_word' id='word_1_23' title='bbox 1645 400 1790 436; x_wconf 88' lang='lat' dir='ltr'>autem</span> 
     </span>
    </p>
   </div>
   <div class='ocr_carea' id='block_1_3' title="bbox 413 461 1866 1085">
    <p class='ocr_par' dir='ltr' id='par_1_3' title="bbox 413 461 1866 1085">
     <span class='ocr_line' id='line_1_4' title="bbox 414 461 1853 522; baseline -0.001 -12"><span class='ocrx_word' id='word_1_24' title='bbox 414 467 480 510; x_wconf 89' lang='lat' dir='ltr'>isti</span> <span class='ocrx_word' id='word_1_25' title='bbox 511 465 662 509; x_wconf 84' lang='lat' dir='ltr'>fratres</span> <span class='ocrx_word' id='word_1_26' title='bbox 690 464 856 518; x_wconf 89' lang='lat' dir='ltr'>nostri,</span> <span class='ocrx_word' id='word_1_27' title='bbox 892 479 970 522; x_wconf 85' lang='lat' dir='ltr'>pro</span> <span class='ocrx_word' id='word_1_28' title='bbox 1006 464 1166 522; x_wconf 89' lang='lat' dir='ltr'>quibus</span> <span class='ocrx_word' id='word_1_29' title='bbox 1200 461 1381 506; x_wconf 89' lang='lat' dir='ltr'>sollicita</span> <span class='ocrx_word' id='word_1_30' title='bbox 1407 472 1473 506; x_wconf 83' lang='lat' dir='ltr'>est</span> <span class='ocrx_word' id='word_1_31' title='bbox 1506 463 1576 521; x_wconf 89' lang='lat' dir='ltr'>pia</span> <span class='ocrx_word' id='word_1_32' title='bbox 1606 462 1791 506; x_wconf 89' lang='lat' dir='ltr'>charitas</span> <span class='ocrx_word' id='word_1_33' title='bbox 1848 471 1853 508; x_wconf 69' lang='lat' dir='ltr'>i</span> 
     </span>
     <span class='ocr_line' id='line_1_5' title="bbox 414 524 1854 592; baseline -0.004 -11"><span class='ocrx_word' id='word_1_34' title='bbox 414 545 553 581; x_wconf 89' lang='lat' dir='ltr'>vestra</span> <span class='ocrx_word' id='word_1_35' title='bbox 576 534 590 589; x_wconf 61' lang='lat'>‚&#39;</span> <span class='ocrx_word' id='word_1_36' title='bbox 623 544 672 579; x_wconf 91' lang='lat' dir='ltr'>ut</span> <span class='ocrx_word' id='word_1_37' title='bbox 693 534 873 579; x_wconf 76' lang='lat' dir='ltr'>credant</span> <span class='ocrx_word' id='word_1_38' title='bbox 894 549 994 578; x_wconf 89' lang='lat' dir='ltr'>cum</span> <span class='ocrx_word' id='word_1_39' title='bbox 1014 533 1204 577; x_wconf 82' lang='lat' dir='ltr'>Ecclesia</span> <span class='ocrx_word' id='word_1_40' title='bbox 1236 532 1395 577; x_wconf 88' lang='lat' dir='ltr'>Christi</span> <span class='ocrx_word' id='word_1_41' title='bbox 1421 567 1432 587; x_wconf 85' lang='lat'>‚</span> <span class='ocrx_word' id='word_1_42' title='bbox 1465 542 1643 591; x_wconf 86' lang='lat' dir='ltr'>peccato</span> <span class='ocrx_word' id='word_1_43' title='bbox 1664 531 1792 592; x_wconf 86' lang='lat' dir='ltr'>primi</span> <span class='ocrx_word' id='word_1_44' title='bbox 1850 524 1854 547; x_wconf 72' lang='lat'>³</span> 
     </span>
     <span class='ocr_line' id='line_1_6' title="bbox 413 601 1792 663; baseline -0.002 -12"><span class='ocrx_word' id='word_1_45' title='bbox 413 607 602 651; x_wconf 89' lang='lat' dir='ltr'>hominis</span> <span class='ocrx_word' id='word_1_46' title='bbox 619 606 856 651; x_wconf 75' lang='lat' dir='ltr'>obnoxium</span> <span class='ocrx_word' id='word_1_47' title='bbox 877 605 991 649; x_wconf 90' lang='lat' dir='ltr'>nasci</span> <span class='ocrx_word' id='word_1_48' title='bbox 1005 620 1107 663; x_wconf 78' lang='lat' dir='ltr'>gens</span> <span class='ocrx_word' id='word_1_49' title='bbox 1128 604 1373 657; x_wconf 89' lang='lat' dir='ltr'>hominum,</span> <span class='ocrx_word' id='word_1_50' title='bbox 1396 619 1477 648; x_wconf 85' lang='lat' dir='ltr'>nec</span> <span class='ocrx_word' id='word_1_51' title='bbox 1496 604 1550 647; x_wconf 89' lang='lat' dir='ltr'>ab</span> <span class='ocrx_word' id='word_1_52' title='bbox 1574 604 1656 648; x_wconf 90' lang='lat' dir='ltr'>isto</span> <span class='ocrx_word' id='word_1_53' title='bbox 1677 601 1792 648; x_wconf 90' lang='lat' dir='ltr'>malo</span> 
     </span>
     <span class='ocr_line' id='line_1_7' title="bbox 414 667 1859 737; baseline -0.003 -16"><span class='ocrx_word' id='word_1_54' title='bbox 414 678 493 721; x_wconf 89' lang='lat' dir='ltr'>nisi</span> <span class='ocrx_word' id='word_1_55' title='bbox 525 693 600 736; x_wconf 88' lang='lat' dir='ltr'>per</span> <span class='ocrx_word' id='word_1_56' title='bbox 618 677 828 737; x_wconf 86' lang='lat' dir='ltr'>justitiam</span> <span class='ocrx_word' id='word_1_57' title='bbox 850 675 1028 720; x_wconf 89' lang='lat' dir='ltr'>secundi</span> <span class='ocrx_word' id='word_1_58' title='bbox 1050 675 1237 718; x_wconf 91' lang='lat' dir='ltr'>hominis</span> <span class='ocrx_word' id='word_1_59' title='bbox 1259 674 1449 734; x_wconf 86' lang='lat' dir='ltr'>aliquem</span> <span class='ocrx_word' id='word_1_60' title='bbox 1470 673 1657 717; x_wconf 88' lang='lat' dir='ltr'>liberari.</span> <span class='ocrx_word' id='word_1_61' title='bbox 1687 676 1792 717; x_wconf 87' lang='lat' dir='ltr'>Per·</span> <span class='ocrx_word' id='word_1_62' title='bbox 1854 667 1859 722; x_wconf 59' lang='grc' dir='ltr'>ζ</span> 
     </span>
     <span class='ocr_line' id='line_1_8' title="bbox 413 743 1860 805; baseline -0.002 -14"><span class='ocrx_word' id='word_1_63' title='bbox 413 757 628 792; x_wconf 87' lang='lat' dir='ltr'>venerunt</span> <span class='ocrx_word' id='word_1_64' title='bbox 656 748 782 791; x_wconf 87' lang='lat' dir='ltr'>etiam</span> <span class='ocrx_word' id='word_1_65' title='bbox 802 782 811 800; x_wconf 84' lang='lat'>‚</span> <span class='ocrx_word' id='word_1_66' title='bbox 839 755 886 789; x_wconf 81' lang='lat' dir='ltr'>ut</span> <span class='ocrx_word' id='word_1_67' title='bbox 922 745 1150 805; x_wconf 78' lang='lat' dir='ltr'>pi·aeveniri</span> <span class='ocrx_word' id='word_1_68' title='bbox 1181 744 1426 789; x_wconf 89' lang='lat' dir='ltr'>voluntates</span> <span class='ocrx_word' id='word_1_69' title='bbox 1461 745 1688 788; x_wconf 90' lang='lat' dir='ltr'>hominum</span> <span class='ocrx_word' id='word_1_70' title='bbox 1717 743 1792 787; x_wconf 90' lang='lat' dir='ltr'>Dei</span> <span class='ocrx_word' id='word_1_71' title='bbox 1856 747 1860 788; x_wconf 75' lang='grc' dir='ltr'>ἐ</span> 
     </span>
     <span class='ocr_line' id='line_1_9' title="bbox 414 812 1862 876; baseline -0.003 -15"><span class='ocrx_word' id='word_1_72' title='bbox 414 818 546 876; x_wconf 80' lang='lat' dir='ltr'>gratia</span> <span class='ocrx_word' id='word_1_73' title='bbox 566 816 783 861; x_wconf 83' lang='lat' dir='ltr'>fateantur</span> <span class='ocrx_word' id='word_1_74' title='bbox 803 851 813 870; x_wconf 81' lang='lat'>‚</span> <span class='ocrx_word' id='word_1_75' title='bbox 839 825 969 875; x_wconf 83' lang='lat' dir='ltr'>atque</span> <span class='ocrx_word' id='word_1_76' title='bbox 990 815 1043 859; x_wconf 92' lang='lat' dir='ltr'>ad</span> <span class='ocrx_word' id='word_1_77' title='bbox 1065 815 1235 860; x_wconf 91' lang='lat' dir='ltr'>nullum</span> <span class='ocrx_word' id='word_1_78' title='bbox 1268 831 1377 875; x_wconf 90' lang='lat' dir='ltr'>opus</span> <span class='ocrx_word' id='word_1_79' title='bbox 1406 815 1571 859; x_wconf 89' lang='lat' dir='ltr'>bonum</span> <span class='ocrx_word' id='word_1_80' title='bbox 1592 812 1663 858; x_wconf 85' lang='lat' dir='ltr'>vel</span> <span class='ocrx_word' id='word_1_81' title='bbox 1683 813 1791 858; x_wconf 84' lang='lat' dir='ltr'>inci·</span> <span class='ocrx_word' id='word_1_82' title='bbox 1858 849 1862 862; x_wconf 83' lang='lat'>‚</span> 
     </span>
     <span class='ocr_line' id='line_1_10' title="bbox 414 885 1863 948; baseline -0.001 -17"><span class='ocrx_word' id='word_1_83' title='bbox 414 889 620 947; x_wconf 89' lang='lat' dir='ltr'>piendum</span> <span class='ocrx_word' id='word_1_84' title='bbox 640 888 703 930; x_wconf 86' lang='lat' dir='ltr'>vel</span> <span class='ocrx_word' id='word_1_85' title='bbox 729 887 1041 946; x_wconf 87' lang='lat' dir='ltr'>perficiendum</span> <span class='ocrx_word' id='word_1_86' title='bbox 1064 888 1144 931; x_wconf 89' lang='lat' dir='ltr'>sibi</span> <span class='ocrx_word' id='word_1_87' title='bbox 1166 902 1433 948; x_wconf 88' lang='lat' dir='ltr'>quemquam</span> <span class='ocrx_word' id='word_1_88' title='bbox 1455 885 1651 930; x_wconf 85' lang='lat' dir='ltr'>sufficere</span> <span class='ocrx_word' id='word_1_89' title='bbox 1673 899 1797 945; x_wconf 88' lang='lat' dir='ltr'>posse</span> <span class='ocrx_word' id='word_1_90' title='bbox 1860 919 1863 924; x_wconf 87' lang='lat'><em>.</em></span> 
     </span>
     <span class='ocr_line' id='line_1_11' title="bbox 413 954 1864 1018; baseline -0.003 -15"><span class='ocrx_word' id='word_1_91' title='bbox 413 960 698 1003; x_wconf 86' lang='lat' dir='ltr'>consentiant.</span> <span class='ocrx_word' id='word_1_92' title='bbox 726 961 909 1001; x_wconf 84' lang='lat' dir='ltr'>Retenta</span> <span class='ocrx_word' id='word_1_93' title='bbox 924 973 1026 1016; x_wconf 82' lang='lat' dir='ltr'>ergo</span> <span class='ocrx_word' id='word_1_94' title='bbox 1048 958 1127 1002; x_wconf 90' lang='lat' dir='ltr'>ista</span> <span class='ocrx_word' id='word_1_95' title='bbox 1141 958 1186 1001; x_wconf 90' lang='lat' dir='ltr'>in</span> <span class='ocrx_word' id='word_1_96' title='bbox 1208 973 1307 1018; x_wconf 86' lang='lat' dir='ltr'>quae</span> <span class='ocrx_word' id='word_1_97' title='bbox 1329 965 1640 1016; x_wconf 88' lang='lat' dir='ltr'>pervenerunt,</span> <span class='ocrx_word' id='word_1_98' title='bbox 1659 954 1798 1014; x_wconf 83' lang='lat' dir='ltr'>pluri·</span> <span class='ocrx_word' id='word_1_99' title='bbox 1860 956 1864 965; x_wconf 88' lang='lat'>&#39;</span> 
     </span>
     <span class='ocr_line' id='line_1_12' title="bbox 414 1025 1866 1085; baseline -0.001 -13"><span class='ocrx_word' id='word_1_100' title='bbox 414 1044 533 1072; x_wconf 89' lang='lat' dir='ltr'>mum</span> <span class='ocrx_word' id='word_1_101' title='bbox 553 1043 624 1071; x_wconf 88' lang='lat' dir='ltr'>eos</span> <span class='ocrx_word' id='word_1_102' title='bbox 648 1044 669 1070; x_wconf 88' lang='lat' dir='ltr'>a</span> <span class='ocrx_word' id='word_1_103' title='bbox 693 1026 1020 1085; x_wconf 85' lang='lat' dir='ltr'>Pelagianorum</span> <span class='ocrx_word' id='word_1_104' title='bbox 1043 1043 1186 1072; x_wconf 87' lang='lat' dir='ltr'>errore</span> <span class='ocrx_word' id='word_1_105' title='bbox 1208 1028 1474 1071; x_wconf 85' lang='lat' dir='ltr'>discernunt.</span> <span class='ocrx_word' id='word_1_106' title='bbox 1496 1025 1683 1070; x_wconf 86' lang='lat' dir='ltr'>Proinde</span> <span class='ocrx_word' id='word_1_107' title='bbox 1701 1026 1735 1068; x_wconf 85' lang='lat' dir='ltr'>si</span> <span class='ocrx_word' id='word_1_108' title='bbox 1751 1025 1797 1068; x_wconf 90' lang='lat' dir='ltr'>in</span> <span class='ocrx_word' id='word_1_109' title='bbox 1863 1044 1866 1071; x_wconf 56' lang='grc' dir='ltr'><strong>τ</strong></span> 
     </span>
    </p>
   </div>
   <div class='ocr_carea' id='block_1_4' title="bbox 414 1093 1805 2629">
    <p class='ocr_par' dir='ltr' id='par_1_4' title="bbox 414 1093 1802 1633">
     <span class='ocr_line' id='line_1_13' title="bbox 416 1093 1799 1157; baseline -0.003 -15"><span class='ocrx_word' id='word_1_110' title='bbox 416 1099 473 1142; x_wconf 90' lang='lat' dir='ltr'>eis</span> <span class='ocrx_word' id='word_1_111' title='bbox 492 1097 744 1152; x_wconf 76' lang='lat' dir='ltr'>ambulent,</span> <span class='ocrx_word' id='word_1_112' title='bbox 771 1107 812 1141; x_wconf 91' lang='lat' dir='ltr'>et</span> <span class='ocrx_word' id='word_1_113' title='bbox 836 1107 960 1142; x_wconf 88' lang='lat' dir='ltr'>orent</span> <span class='ocrx_word' id='word_1_114' title='bbox 989 1113 1088 1141; x_wconf 90' lang='lat' dir='ltr'>eum</span> <span class='ocrx_word' id='word_1_115' title='bbox 1118 1098 1192 1157; x_wconf 89' lang='lat' dir='ltr'>qui</span> <span class='ocrx_word' id='word_1_116' title='bbox 1215 1098 1288 1141; x_wconf 88' lang='lat' dir='ltr'>dat</span> <span class='ocrx_word' id='word_1_117' title='bbox 1310 1097 1579 1141; x_wconf 86' lang='lat' dir='ltr'>intellectum</span> <span class='ocrx_word' id='word_1_118' title='bbox 1600 1131 1611 1150; x_wconf 87' lang='lat'>‚</span> <span class='ocrx_word' id='word_1_119' title='bbox 1637 1096 1670 1138; x_wconf 91' lang='lat' dir='ltr'>si</span> <span class='ocrx_word' id='word_1_120' title='bbox 1691 1093 1799 1154; x_wconf 86' lang='lat' dir='ltr'>quid</span> 
     </span>
     <span class='ocr_line' id='line_1_14' title="bbox 414 1166 1799 1227; baseline -0.002 -15"><span class='ocrx_word' id='word_1_121' title='bbox 414 1169 469 1212; x_wconf 88' lang='lat' dir='ltr'>de</span> <span class='ocrx_word' id='word_1_122' title='bbox 500 1168 875 1227; x_wconf 78' lang='lat' dir='ltr'>praedestinatione</span> <span class='ocrx_word' id='word_1_123' title='bbox 905 1169 1027 1212; x_wconf 85' lang='lat' dir='ltr'>aliter</span> <span class='ocrx_word' id='word_1_124' title='bbox 1056 1169 1228 1227; x_wconf 90' lang='lat' dir='ltr'>sapiunt</span> <span class='ocrx_word' id='word_1_125' title='bbox 1249 1204 1258 1222; x_wconf 89' lang='lat'>,</span> <span class='ocrx_word' id='word_1_126' title='bbox 1288 1169 1378 1226; x_wconf 90' lang='lat' dir='ltr'>ipse</span> <span class='ocrx_word' id='word_1_127' title='bbox 1407 1166 1490 1210; x_wconf 90' lang='lat' dir='ltr'>illis</span> <span class='ocrx_word' id='word_1_128' title='bbox 1517 1168 1600 1210; x_wconf 89' lang='lat' dir='ltr'>hoc</span> <span class='ocrx_word' id='word_1_129' title='bbox 1623 1179 1799 1225; x_wconf 88' lang='lat' dir='ltr'>quoque</span> 
     </span>
     <span class='ocr_line' id='line_1_15' title="bbox 415 1235 1799 1297; baseline -0.001 -15"><span class='ocrx_word' id='word_1_130' title='bbox 415 1239 620 1282; x_wconf 84' lang='lat' dir='ltr'>revelabit</span> <span class='ocrx_word' id='word_1_131' title='bbox 653 1259 660 1282; x_wconf 92' lang='lat'>:</span> <span class='ocrx_word' id='word_1_132' title='bbox 694 1248 838 1282; x_wconf 90' lang='lat' dir='ltr'>tamen</span> <span class='ocrx_word' id='word_1_133' title='bbox 867 1239 995 1282; x_wconf 83' lang='lat' dir='ltr'>etiam</span> <span class='ocrx_word' id='word_1_134' title='bbox 1033 1254 1108 1282; x_wconf 89' lang='lat' dir='ltr'>nos</span> <span class='ocrx_word' id='word_1_135' title='bbox 1141 1237 1444 1297; x_wconf 86' lang='lat' dir='ltr'>impendamus</span> <span class='ocrx_word' id='word_1_136' title='bbox 1477 1237 1536 1280; x_wconf 91' lang='lat' dir='ltr'>eis</span> <span class='ocrx_word' id='word_1_137' title='bbox 1559 1235 1799 1280; x_wconf 85' lang='lat' dir='ltr'>dilectionis</span> 
     </span>
     <span class='ocr_line' id='line_1_16' title="bbox 416 1306 1799 1368; baseline -0.002 -16"><span class='ocrx_word' id='word_1_138' title='bbox 416 1309 621 1353; x_wconf 80' lang='lat' dir='ltr'>affectum</span> <span class='ocrx_word' id='word_1_139' title='bbox 646 1309 1020 1368; x_wconf 86' lang='lat' dir='ltr'>ministeriumque</span> <span class='ocrx_word' id='word_1_140' title='bbox 1035 1309 1258 1361; x_wconf 84' lang='lat' dir='ltr'>sermonis‚</span> <span class='ocrx_word' id='word_1_141' title='bbox 1284 1309 1395 1351; x_wconf 89' lang='lat' dir='ltr'>sicut</span> <span class='ocrx_word' id='word_1_142' title='bbox 1416 1307 1550 1351; x_wconf 88' lang='lat' dir='ltr'>donat</span> <span class='ocrx_word' id='word_1_143' title='bbox 1571 1306 1644 1350; x_wconf 87' lang='lat' dir='ltr'>ille</span> <span class='ocrx_word' id='word_1_144' title='bbox 1668 1321 1799 1366; x_wconf 83' lang='lat' dir='ltr'>quem</span> 
     </span>
     <span class='ocr_line' id='line_1_17' title="bbox 418 1377 1800 1437; baseline -0.001 -15"><span class='ocrx_word' id='word_1_145' title='bbox 418 1379 660 1436; x_wconf 80' lang='lat' dir='ltr'>rogavimus</span> <span class='ocrx_word' id='word_1_146' title='bbox 681 1414 691 1432; x_wconf 89' lang='lat'>‚</span> <span class='ocrx_word' id='word_1_147' title='bbox 720 1388 769 1421; x_wconf 89' lang='lat' dir='ltr'>ut</span> <span class='ocrx_word' id='word_1_148' title='bbox 794 1380 839 1422; x_wconf 93' lang='lat' dir='ltr'>in</span> <span class='ocrx_word' id='word_1_149' title='bbox 867 1379 932 1422; x_wconf 89' lang='lat' dir='ltr'>his</span> <span class='ocrx_word' id='word_1_150' title='bbox 963 1378 1115 1422; x_wconf 85' lang='lat' dir='ltr'>litteris</span> <span class='ocrx_word' id='word_1_151' title='bbox 1147 1394 1194 1422; x_wconf 90' lang='lat' dir='ltr'>ea</span> <span class='ocrx_word' id='word_1_152' title='bbox 1222 1394 1321 1437; x_wconf 81' lang='lat' dir='ltr'>quae</span> <span class='ocrx_word' id='word_1_153' title='bbox 1355 1377 1440 1422; x_wconf 90' lang='lat' dir='ltr'>illis</span> <span class='ocrx_word' id='word_1_154' title='bbox 1463 1386 1603 1422; x_wconf 88' lang='lat' dir='ltr'>essent</span> <span class='ocrx_word' id='word_1_155' title='bbox 1636 1387 1736 1436; x_wconf 86' lang='lat' dir='ltr'>apta</span> <span class='ocrx_word' id='word_1_156' title='bbox 1757 1386 1800 1421; x_wconf 90' lang='lat' dir='ltr'>et</span> 
     </span>
     <span class='ocr_line' id='line_1_18' title="bbox 417 1447 1802 1492; baseline -0.001 0"><span class='ocrx_word' id='word_1_157' title='bbox 417 1448 539 1492; x_wconf 88' lang='lat' dir='ltr'>utilia</span> <span class='ocrx_word' id='word_1_158' title='bbox 562 1449 817 1491; x_wconf 83' lang='lat' dir='ltr'>diceremus.</span> <span class='ocrx_word' id='word_1_159' title='bbox 847 1448 971 1492; x_wconf 90' lang='lat' dir='ltr'>Unde</span> <span class='ocrx_word' id='word_1_160' title='bbox 993 1449 1106 1492; x_wconf 79' lang='lat' dir='ltr'>enim</span> <span class='ocrx_word' id='word_1_161' title='bbox 1135 1450 1291 1492; x_wconf 89' lang='lat' dir='ltr'>scimus</span> <span class='ocrx_word' id='word_1_162' title='bbox 1308 1464 1362 1491; x_wconf 91' lang='lat' dir='ltr'>ne</span> <span class='ocrx_word' id='word_1_163' title='bbox 1381 1447 1492 1492; x_wconf 85' lang='lat' dir='ltr'>forte</span> <span class='ocrx_word' id='word_1_164' title='bbox 1523 1452 1633 1492; x_wconf 88' lang='lat' dir='ltr'>Deus</span> <span class='ocrx_word' id='word_1_165' title='bbox 1657 1457 1802 1491; x_wconf 88' lang='lat' dir='ltr'>noster</span> 
     </span>
     <span class='ocr_line' id='line_1_19' title="bbox 417 1518 1802 1578; baseline 0 -17"><span class='ocrx_word' id='word_1_166' title='bbox 417 1518 463 1562; x_wconf 91' lang='lat' dir='ltr'>id</span> <span class='ocrx_word' id='word_1_167' title='bbox 485 1520 692 1577; x_wconf 83' lang='lat' dir='ltr'>perhanc</span> <span class='ocrx_word' id='word_1_168' title='bbox 714 1528 903 1562; x_wconf 88' lang='lat' dir='ltr'>nostram</span> <span class='ocrx_word' id='word_1_169' title='bbox 929 1518 1032 1562; x_wconf 88' lang='lat' dir='ltr'>velit</span> <span class='ocrx_word' id='word_1_170' title='bbox 1057 1520 1225 1562; x_wconf 76' lang='lat' dir='ltr'>ellicere</span> <span class='ocrx_word' id='word_1_171' title='bbox 1255 1520 1506 1564; x_wconf 85' lang='lat' dir='ltr'>servitutem</span> <span class='ocrx_word' id='word_1_172' title='bbox 1527 1554 1536 1573; x_wconf 88' lang='lat'>‚</span> <span class='ocrx_word' id='word_1_173' title='bbox 1563 1534 1648 1578; x_wconf 88' lang='lat' dir='ltr'>qua</span> <span class='ocrx_word' id='word_1_174' title='bbox 1675 1518 1734 1562; x_wconf 88' lang='lat' dir='ltr'>eis</span> <span class='ocrx_word' id='word_1_175' title='bbox 1755 1518 1802 1561; x_wconf 88' lang='lat' dir='ltr'>in</span> 
     </span>
     <span class='ocr_line' id='line_1_20' title="bbox 418 1589 1222 1633; baseline 0 0"><span class='ocrx_word' id='word_1_176' title='bbox 418 1589 576 1633; x_wconf 85' lang='lat' dir='ltr'>Christi</span> <span class='ocrx_word' id='word_1_177' title='bbox 597 1589 731 1632; x_wconf 85' lang='lat' dir='ltr'>libera</span> <span class='ocrx_word' id='word_1_178' title='bbox 753 1590 961 1633; x_wconf 85' lang='lat' dir='ltr'>charitate</span> <span class='ocrx_word' id='word_1_179' title='bbox 979 1590 1186 1633; x_wconf 85' lang='lat' dir='ltr'>servimus</span> <span class='ocrx_word' id='word_1_180' title='bbox 1204 1591 1222 1633; x_wconf 75' lang='grc' dir='ltr'>Ξ)</span> 
     </span>
    </p>

    <p class='ocr_par' dir='ltr' id='par_1_5' title="bbox 418 1658 1805 2564">
     <span class='ocr_line' id='line_1_21' title="bbox 479 1658 1803 1719; baseline -0.001 -17"><span class='ocrx_word' id='word_1_181' title='bbox 479 1662 560 1702; x_wconf 93' lang='lat' dir='ltr'>Ill.</span> <span class='ocrx_word' id='word_1_182' title='bbox 581 1659 702 1702; x_wconf 88' lang='lat' dir='ltr'>Prius</span> <span class='ocrx_word' id='word_1_183' title='bbox 716 1660 863 1719; x_wconf 88' lang='lat' dir='ltr'>itaque</span> <span class='ocrx_word' id='word_1_184' title='bbox 875 1658 1006 1702; x_wconf 90' lang='lat' dir='ltr'>fidem</span> <span class='ocrx_word' id='word_1_185' title='bbox 1021 1675 1106 1718; x_wconf 87' lang='lat' dir='ltr'>qua</span> <span class='ocrx_word' id='word_1_186' title='bbox 1122 1660 1352 1704; x_wconf 82' lang='lat' dir='ltr'>Christiani</span> <span class='ocrx_word' id='word_1_187' title='bbox 1370 1675 1532 1713; x_wconf 76' lang='lat' dir='ltr'>sumus,</span> <span class='ocrx_word' id='word_1_188' title='bbox 1546 1660 1712 1703; x_wconf 89' lang='lat' dir='ltr'>donum</span> <span class='ocrx_word' id='word_1_189' title='bbox 1725 1658 1803 1702; x_wconf 89' lang='lat' dir='ltr'>Dei</span> 
     </span>
     <span class='ocr_line' id='line_1_22' title="bbox 418 1728 1803 1788; baseline -0.001 -15"><span class='ocrx_word' id='word_1_190' title='bbox 418 1744 507 1773; x_wconf 89' lang='lat' dir='ltr'>esse</span> <span class='ocrx_word' id='word_1_191' title='bbox 539 1728 747 1773; x_wconf 89' lang='lat' dir='ltr'>debemus</span> <span class='ocrx_word' id='word_1_192' title='bbox 780 1731 1008 1774; x_wconf 84' lang='lat' dir='ltr'>ostendere</span> <span class='ocrx_word' id='word_1_193' title='bbox 1041 1750 1048 1773; x_wconf 92' lang='lat'>:</span> <span class='ocrx_word' id='word_1_194' title='bbox 1080 1730 1113 1773; x_wconf 91' lang='lat' dir='ltr'>si</span> <span class='ocrx_word' id='word_1_195' title='bbox 1142 1739 1284 1773; x_wconf 87' lang='lat' dir='ltr'>tamen</span> <span class='ocrx_word' id='word_1_196' title='bbox 1318 1730 1566 1788; x_wconf 86' lang='lat' dir='ltr'>diligentius</span> <span class='ocrx_word' id='word_1_197' title='bbox 1594 1728 1638 1772; x_wconf 91' lang='lat' dir='ltr'>id</span> <span class='ocrx_word' id='word_1_198' title='bbox 1660 1728 1803 1773; x_wconf 86' lang='lat' dir='ltr'>facere</span> 
     </span>
     <span class='ocr_line' id='line_1_23' title="bbox 419 1799 1799 1860; baseline 0 -17"><span class='ocrx_word' id='word_1_199' title='bbox 419 1814 662 1858; x_wconf 79' lang='lat' dir='ltr'>possunmS‚</span> <span class='ocrx_word' id='word_1_200' title='bbox 676 1815 806 1858; x_wconf 90' lang='lat' dir='ltr'>quam</span> <span class='ocrx_word' id='word_1_201' title='bbox 823 1801 868 1843; x_wconf 91' lang='lat' dir='ltr'>in</span> <span class='ocrx_word' id='word_1_202' title='bbox 882 1799 1179 1843; x_wconf 86' lang='lat' dir='ltr'>voluminibus</span> <span class='ocrx_word' id='word_1_203' title='bbox 1194 1809 1259 1843; x_wconf 90' lang='lat' dir='ltr'>tot</span> <span class='ocrx_word' id='word_1_204' title='bbox 1274 1801 1586 1860; x_wconf 83' lang='lat' dir='ltr'>tantisquejam</span> <span class='ocrx_word' id='word_1_205' title='bbox 1600 1799 1799 1844; x_wconf 84' lang='lat' dir='ltr'>fecimus.</span> 
     </span>
     <span class='ocr_line' id='line_1_24' title="bbox 422 1868 1802 1929; baseline 0 -16"><span class='ocrx_word' id='word_1_206' title='bbox 422 1868 503 1913; x_wconf 86' lang='lat' dir='ltr'>Sed</span> <span class='ocrx_word' id='word_1_207' title='bbox 524 1884 640 1912; x_wconf 86' lang='lat' dir='ltr'>nunc</span> <span class='ocrx_word' id='word_1_208' title='bbox 663 1869 724 1912; x_wconf 90' lang='lat' dir='ltr'>eis</span> <span class='ocrx_word' id='word_1_209' title='bbox 756 1869 1108 1928; x_wconf 84' lang='lat' dir='ltr'>respondendum</span> <span class='ocrx_word' id='word_1_210' title='bbox 1132 1885 1221 1913; x_wconf 91' lang='lat' dir='ltr'>esse</span> <span class='ocrx_word' id='word_1_211' title='bbox 1242 1870 1390 1924; x_wconf 80' lang='lat' dir='ltr'>video,</span> <span class='ocrx_word' id='word_1_212' title='bbox 1416 1871 1492 1929; x_wconf 88' lang='lat' dir='ltr'>qui</span> <span class='ocrx_word' id='word_1_213' title='bbox 1515 1870 1661 1914; x_wconf 88' lang='lat' dir='ltr'>divina</span> <span class='ocrx_word' id='word_1_214' title='bbox 1682 1871 1802 1914; x_wconf 70' lang='lat' dir='ltr'>testi-a</span> 
     </span>
     <span class='ocr_line' id='line_1_25' title="bbox 419 1939 1800 1997; baseline 0.001 -15"><span class='ocrx_word' id='word_1_215' title='bbox 419 1940 579 1992; x_wconf 85' lang='lat' dir='ltr'>monia,</span> <span class='ocrx_word' id='word_1_216' title='bbox 605 1955 704 1997; x_wconf 84' lang='lat' dir='ltr'>quae</span> <span class='ocrx_word' id='word_1_217' title='bbox 727 1939 781 1982; x_wconf 92' lang='lat' dir='ltr'>de</span> <span class='ocrx_word' id='word_1_218' title='bbox 798 1941 879 1982; x_wconf 88' lang='lat' dir='ltr'>hac</span> <span class='ocrx_word' id='word_1_219' title='bbox 905 1955 950 1982; x_wconf 90' lang='lat' dir='ltr'>re</span> <span class='ocrx_word' id='word_1_220' title='bbox 974 1939 1268 1994; x_wconf 84' lang='lat' dir='ltr'>adhibuimus,</span> <span class='ocrx_word' id='word_1_221' title='bbox 1295 1940 1347 1984; x_wconf 88' lang='lat' dir='ltr'>ad</span> <span class='ocrx_word' id='word_1_222' title='bbox 1363 1941 1446 1985; x_wconf 90' lang='lat' dir='ltr'>hoc</span> <span class='ocrx_word' id='word_1_223' title='bbox 1468 1940 1621 1984; x_wconf 87' lang='lat' dir='ltr'>dicunt</span> <span class='ocrx_word' id='word_1_224' title='bbox 1642 1940 1800 1995; x_wconf 84' lang='lat' dir='ltr'>valere,</span> 
     </span>
     <span class='ocr_line' id='line_1_26' title="bbox 419 2009 1800 2071; baseline 0.001 -18"><span class='ocrx_word' id='word_1_225' title='bbox 419 2019 468 2053; x_wconf 86' lang='lat' dir='ltr'>ut</span> <span class='ocrx_word' id='word_1_226' title='bbox 496 2010 741 2052; x_wconf 83' lang='lat' dir='ltr'>noverimus</span> <span class='ocrx_word' id='word_1_227' title='bbox 764 2025 814 2052; x_wconf 78' lang='lat' dir='ltr'>ex</span> <span class='ocrx_word' id='word_1_228' title='bbox 836 2010 960 2053; x_wconf 90' lang='lat' dir='ltr'>nobis</span> <span class='ocrx_word' id='word_1_229' title='bbox 984 2009 1160 2069; x_wconf 89' lang='lat' dir='ltr'>quidem</span> <span class='ocrx_word' id='word_1_230' title='bbox 1194 2026 1271 2054; x_wconf 92' lang='lat' dir='ltr'>nos</span> <span class='ocrx_word' id='word_1_231' title='bbox 1304 2011 1463 2055; x_wconf 87' lang='lat' dir='ltr'>habere</span> <span class='ocrx_word' id='word_1_232' title='bbox 1484 2012 1619 2071; x_wconf 87' lang='lat' dir='ltr'>ipsam</span> <span class='ocrx_word' id='word_1_233' title='bbox 1641 2011 1772 2055; x_wconf 84' lang='lat' dir='ltr'>fidem</span> <span class='ocrx_word' id='word_1_234' title='bbox 1789 2047 1800 2066; x_wconf 89' lang='lat'>‚</span> 
     </span>
     <span class='ocr_line' id='line_1_27' title="bbox 419 2079 1804 2141; baseline 0.003 -19"><span class='ocrx_word' id='word_1_235' title='bbox 419 2079 493 2122; x_wconf 91' lang='lat' dir='ltr'>sed</span> <span class='ocrx_word' id='word_1_236' title='bbox 514 2080 829 2123; x_wconf 87' lang='lat' dir='ltr'>incrementum</span> <span class='ocrx_word' id='word_1_237' title='bbox 848 2081 938 2139; x_wconf 83' lang='lat' dir='ltr'>ejus</span> <span class='ocrx_word' id='word_1_238' title='bbox 961 2096 1011 2124; x_wconf 81' lang='lat' dir='ltr'>ex</span> <span class='ocrx_word' id='word_1_239' title='bbox 1034 2083 1122 2124; x_wconf 93' lang='lat' dir='ltr'>Deo</span> <span class='ocrx_word' id='word_1_240' title='bbox 1148 2100 1155 2123; x_wconf 91' lang='lat'>:</span> <span class='ocrx_word' id='word_1_241' title='bbox 1191 2091 1397 2141; x_wconf 88' lang='lat' dir='ltr'>tanquam</span> <span class='ocrx_word' id='word_1_242' title='bbox 1409 2081 1514 2125; x_wconf 86' lang='lat' dir='ltr'>fides</span> <span class='ocrx_word' id='word_1_243' title='bbox 1535 2097 1623 2126; x_wconf 91' lang='lat' dir='ltr'>non</span> <span class='ocrx_word' id='word_1_244' title='bbox 1642 2083 1696 2125; x_wconf 91' lang='lat' dir='ltr'>ab</span> <span class='ocrx_word' id='word_1_245' title='bbox 1711 2083 1804 2141; x_wconf 87' lang='lat' dir='ltr'>ipso</span> 
     </span>
     <span class='ocr_line' id='line_1_28' title="bbox 421 2147 1804 2210; baseline 0.003 -18"><span class='ocrx_word' id='word_1_246' title='bbox 421 2147 609 2193; x_wconf 83' lang='lat' dir='ltr'>donetur</span> <span class='ocrx_word' id='word_1_247' title='bbox 637 2149 761 2193; x_wconf 89' lang='lat' dir='ltr'>nobis</span> <span class='ocrx_word' id='word_1_248' title='bbox 776 2184 786 2203; x_wconf 84' lang='lat'><strong>‚</strong></span> <span class='ocrx_word' id='word_1_249' title='bbox 810 2150 883 2193; x_wconf 89' lang='lat' dir='ltr'>sed</span> <span class='ocrx_word' id='word_1_250' title='bbox 907 2151 961 2193; x_wconf 86' lang='lat' dir='ltr'>ab</span> <span class='ocrx_word' id='word_1_251' title='bbox 979 2151 1072 2209; x_wconf 94' lang='lat' dir='ltr'>ipso</span> <span class='ocrx_word' id='word_1_252' title='bbox 1093 2160 1262 2194; x_wconf 85' lang='lat' dir='ltr'>tantum</span> <span class='ocrx_word' id='word_1_253' title='bbox 1284 2161 1494 2210; x_wconf 86' lang='lat' dir='ltr'>augeatur</span> <span class='ocrx_word' id='word_1_254' title='bbox 1516 2152 1561 2195; x_wconf 90' lang='lat' dir='ltr'>in</span> <span class='ocrx_word' id='word_1_255' title='bbox 1585 2152 1725 2207; x_wconf 87' lang='lat' dir='ltr'>nobis,</span> <span class='ocrx_word' id='word_1_256' title='bbox 1753 2167 1804 2196; x_wconf 86' lang='lat' dir='ltr'>eo</span> 
     </span>
     <span class='ocr_line' id='line_1_29' title="bbox 421 2214 1805 2280; baseline 0.003 -18"><span class='ocrx_word' id='word_1_257' title='bbox 421 2221 592 2274; x_wconf 81' lang='lat' dir='ltr'>merito,</span> <span class='ocrx_word' id='word_1_258' title='bbox 617 2235 705 2278; x_wconf 86' lang='lat' dir='ltr'>quo</span> <span class='ocrx_word' id='word_1_259' title='bbox 727 2214 903 2278; x_wconf 52' lang='lat' dir='ltr'>coepit&#39;a</span> <span class='ocrx_word' id='word_1_260' title='bbox 925 2221 1065 2264; x_wconf 90' lang='lat' dir='ltr'>nobis.</span> <span class='ocrx_word' id='word_1_261' title='bbox 1086 2224 1181 2265; x_wconf 88' lang='lat' dir='ltr'>Non</span> <span class='ocrx_word' id='word_1_262' title='bbox 1199 2237 1301 2280; x_wconf 81' lang='lat' dir='ltr'>ergo</span> <span class='ocrx_word' id='word_1_263' title='bbox 1325 2223 1540 2266; x_wconf 87' lang='lat' dir='ltr'>receditur</span> <span class='ocrx_word' id='word_1_264' title='bbox 1555 2223 1610 2266; x_wconf 91' lang='lat' dir='ltr'>ab</span> <span class='ocrx_word' id='word_1_265' title='bbox 1636 2238 1684 2266; x_wconf 77' lang='lat' dir='ltr'>ea</span> <span class='ocrx_word' id='word_1_266' title='bbox 1706 2238 1805 2267; x_wconf 91' lang='lat' dir='ltr'>sen-</span> 
     </span>
     <span class='ocr_line' id='line_1_30' title="bbox 421 2289 1800 2351; baseline 0.003 -18"><span class='ocrx_word' id='word_1_267' title='bbox 421 2290 571 2344; x_wconf 73' lang='lat' dir='ltr'>tentia,</span> <span class='ocrx_word' id='word_1_268' title='bbox 587 2305 718 2349; x_wconf 89' lang='lat' dir='ltr'>quam</span> <span class='ocrx_word' id='word_1_269' title='bbox 740 2289 936 2348; x_wconf 82' lang='lat' dir='ltr'>Pelagius</span> <span class='ocrx_word' id='word_1_270' title='bbox 954 2291 1102 2349; x_wconf 89' lang='lat' dir='ltr'>ipsein</span> <span class='ocrx_word' id='word_1_271' title='bbox 1126 2292 1355 2350; x_wconf 87' lang='lat' dir='ltr'>episcopali</span> <span class='ocrx_word' id='word_1_272' title='bbox 1367 2291 1533 2351; x_wconf 87' lang='lat' dir='ltr'>judicio</span> <span class='ocrx_word' id='word_1_273' title='bbox 1555 2292 1800 2348; x_wconf 59' lang='lat' dir='ltr'>Palaestino,</span> 
     </span>
     <span class='ocr_line' id='line_1_31' title="bbox 421 2358 1798 2421; baseline 0.004 -18"><span class='ocrx_word' id='word_1_274' title='bbox 421 2360 531 2403; x_wconf 87' lang='lat' dir='ltr'>sicut</span> <span class='ocrx_word' id='word_1_275' title='bbox 561 2358 711 2403; x_wconf 89' lang='lat' dir='ltr'>eadem</span> <span class='ocrx_word' id='word_1_276' title='bbox 746 2361 872 2403; x_wconf 86' lang='lat' dir='ltr'>Gesta</span> <span class='ocrx_word' id='word_1_277' title='bbox 905 2369 1116 2405; x_wconf 77' lang='lat' dir='ltr'>testantur</span> <span class='ocrx_word' id='word_1_278' title='bbox 1139 2364 1172 2415; x_wconf 70' lang='lat'>²,</span> <span class='ocrx_word' id='word_1_279' title='bbox 1201 2362 1409 2405; x_wconf 90' lang='lat' dir='ltr'>damnare</span> <span class='ocrx_word' id='word_1_280' title='bbox 1441 2362 1689 2421; x_wconf 89' lang='lat' dir='ltr'>compulsus</span> <span class='ocrx_word' id='word_1_281' title='bbox 1711 2372 1798 2408; x_wconf 90' lang='lat' dir='ltr'>est:</span> 
     </span>
     <span class='ocr_line' id='line_1_32' title="bbox 425 2430 1803 2492; baseline 0.005 -20"><span class='ocrx_word' id='word_1_282' title='bbox 425 2430 658 2474; x_wconf 87' lang='lat' dir='ltr'>«Gratiam</span> <span class='ocrx_word' id='word_1_283' title='bbox 692 2431 768 2474; x_wconf 92' lang='lat' dir='ltr'>Dei</span> <span class='ocrx_word' id='word_1_284' title='bbox 802 2431 1041 2475; x_wconf 88' lang='lat' dir='ltr'>secundum</span> <span class='ocrx_word' id='word_1_285' title='bbox 1072 2433 1224 2476; x_wconf 85' lang='lat' dir='ltr'>merita</span> <span class='ocrx_word' id='word_1_286' title='bbox 1256 2442 1401 2477; x_wconf 86' lang='lat' dir='ltr'>nostra</span> <span class='ocrx_word' id='word_1_287' title='bbox 1433 2434 1526 2477; x_wconf 86' lang='lat' dir='ltr'>dari</span> <span class='ocrx_word' id='word_1_288' title='bbox 1559 2452 1579 2475; x_wconf 74' lang='grc' dir='ltr'>υ</span> <span class='ocrx_word' id='word_1_289' title='bbox 1613 2455 1625 2492; x_wconf 75' lang='lat'>3</span> <span class='ocrx_word' id='word_1_290' title='bbox 1654 2435 1686 2478; x_wconf 91' lang='lat' dir='ltr'>si</span> <span class='ocrx_word' id='word_1_291' title='bbox 1713 2450 1803 2479; x_wconf 91' lang='lat' dir='ltr'>non</span> 
     </span>
     <span class='ocr_line' id='line_1_33' title="bbox 420 2500 1801 2564; baseline 0.004 -21"><span class='ocrx_word' id='word_1_292' title='bbox 420 2500 608 2559; x_wconf 90' lang='lat' dir='ltr'>pertinet</span> <span class='ocrx_word' id='word_1_293' title='bbox 629 2500 684 2544; x_wconf 93' lang='lat' dir='ltr'>ad</span> <span class='ocrx_word' id='word_1_294' title='bbox 706 2502 782 2545; x_wconf 91' lang='lat' dir='ltr'>Dei</span> <span class='ocrx_word' id='word_1_295' title='bbox 805 2502 985 2560; x_wconf 86' lang='lat' dir='ltr'>gratiam</span> <span class='ocrx_word' id='word_1_296' title='bbox 1007 2503 1127 2562; x_wconf 90' lang='lat' dir='ltr'>quod</span> <span class='ocrx_word' id='word_1_297' title='bbox 1151 2503 1326 2547; x_wconf 88' lang='lat' dir='ltr'>credere</span> <span class='ocrx_word' id='word_1_298' title='bbox 1353 2504 1581 2564; x_wconf 88' lang='lat' dir='ltr'>coepimus,</span> <span class='ocrx_word' id='word_1_299' title='bbox 1597 2503 1672 2550; x_wconf 90' lang='lat' dir='ltr'>sed</span> <span class='ocrx_word' id='word_1_300' title='bbox 1692 2504 1801 2549; x_wconf 89' lang='lat' dir='ltr'>illud</span> 
     </span>
    </p>

    <p class='ocr_par' dir='ltr' id='par_1_6' title="bbox 473 2583 1332 2629">
     <span class='ocr_line' id='line_1_34' title="bbox 473 2583 1332 2629; baseline 0.005 -14"><span class='ocrx_word' id='word_1_301' title='bbox 473 2590 480 2607; x_wconf 84' lang='lat'><strong>¹</strong></span> <span class='ocrx_word' id='word_1_302' title='bbox 503 2583 615 2626; x_wconf 88' lang='lat' dir='ltr'>Philip.</span> <span class='ocrx_word' id='word_1_303' title='bbox 635 2595 683 2625; x_wconf 88' lang='lat'>111,</span> <span class='ocrx_word' id='word_1_304' title='bbox 707 2585 757 2617; x_wconf 87' lang='lat'>16.</span> <span class='ocrx_word' id='word_1_305' title='bbox 771 2602 811 2609; x_wconf 89' lang='lat'>—-</span> <span class='ocrx_word' id='word_1_306' title='bbox 826 2592 838 2608; x_wconf 79' lang='lat'>²</span> <span class='ocrx_word' id='word_1_307' title='bbox 854 2585 931 2618; x_wconf 83' lang='lat' dir='ltr'>Vide</span> <span class='ocrx_word' id='word_1_308' title='bbox 949 2585 1003 2618; x_wconf 89' lang='lat' dir='ltr'>lib.</span> <span class='ocrx_word' id='word_1_309' title='bbox 1025 2586 1065 2619; x_wconf 86' lang='lat' dir='ltr'>de</span> <span class='ocrx_word' id='word_1_310' title='bbox 1081 2587 1184 2619; x_wconf 80' lang='lat' dir='ltr'>Gestis</span> <span class='ocrx_word' id='word_1_311' title='bbox 1203 2587 1332 2629; x_wconf 81' lang='lat' dir='ltr'>Pelagii.</span> 
     </span>
    </p>
   </div>
   <div class='ocr_carea' id='block_1_5' title="bbox 1827 0 1884 1363">
    <p class='ocr_par' dir='ltr' id='par_1_7' title="bbox 1827 0 1884 1363">
     <span class='ocr_line' id='line_1_35' title="bbox 1827 0 1884 1363; baseline 0 0"><span class='ocrx_word' id='word_1_312' title='bbox 1827 0 1884 1363; x_wconf 95' lang='lat' dir='ltr'> </span> 
     </span>
    </p>
   </div>
  </div>
 </body>
</html>
