1821 3264
283 245 428 275 OPERIS
459 247 635 275 namur.
669 244 833 275 CONTRA
865 248 1034 277 JULIAN.
1071 249 1153 277 LIB.
1189 251 1220 276 1.
1360 237 1440 278 251

67 320 118 357 ut
138 325 218 355 nec
238 310 283 354 in
300 310 523 355 Athanasii
545 309 866 354 damnationem
884 312 1188 367 convenirent,
1209 327 1289 357 nee
1313 312 1448 357 Trini-

65 381 162 427 tatis
193 381 508 425 confessionem
531 389 753 439 negarent.
785 381 862 425 Illa
886 397 988 426 vero
1015 382 1154 426 omnis
1175 382 1446 442 dejectorum

0 479 2 517 δ
63 460 290 512 pectorum
321 450 579 505 multitudo,
612 459 730 494 extra
762 451 1020 511 injuriarum
1049 462 1215 497 metum
1236 487 1247 507 ‚
1279 453 1361 497 hac
1383 460 1447 497 est

62 522 333 583 potissimum
361 521 430 566 vel
460 521 644 566 nominis
679 523 1039 577 comminatione,
1075 538 1130 567 ne
1158 523 1447 568 Athanasiana

63 601 289 638 vocaretur
303 626 314 646 ,
337 591 405 636 vel
426 592 771 650 interrogationis
790 591 1024 637 calliditate
1047 592 1243 652 decepta.
1268 611 1288 633 η

122 666 414 708 Auctsnnrs.
451 662 763 707 athanasianos
783 661 853 706 vel
874 663 1190 707 Homousianos
1213 662 1361 706 Ariani
1377 678 1448 707 ca—

63 733 244 780 tholicos
272 744 453 789 vocant,
477 750 566 777 non
588 743 631 777 et
653 732 722 777 alii
746 734 953 778 haeretiei.
988 736 1075 779 Vos
1097 744 1243 778 autem
1266 749 1356 777 non
1377 749 1448 778 so-

61 804 154 850 lum
176 820 199 848 a
221 804 445 849 catholicis
469 803 544 848 sed
576 804 705 848 etiam
729 803 783 847 ab
806 804 1018 849 haereticis
1033 839 1044 860 ,
1077 805 1201 850 vobis
1234 803 1449 848 similibus

62 884 104 920 et
127 891 150 919 a
171 875 294 919 vobis
316 874 691 928 dissentientibus,
719 874 937 933 Pelagiani
960 876 1176 920 vocamini
1199 894 1208 920 ε
1233 875 1449 936 quemad-

60 945 240 990 modum
262 961 350 989 non
374 954 544 989 tantum
566 960 588 988 a
611 944 856 1000 Catholica,
882 945 957 990 sed
981 947 1034 989 ab
1057 946 1297 990 haeresibus
1320 945 1449 989 etiam

61 1025 272 1062 vocantur
288 1016 448 1060 Ariani.
474 1018 560 1060 Vos
576 1031 679 1060 vero
699 1016 777 1060 soli
795 1031 872 1060 nos
887 1016 1114 1075 appellatis
1137 1015 1446 1070 Traducianos,

61 1087 173 1131 sicut
195 1087 257 1130 illi
278 1087 593 1131 Homousianos
608 1122 619 1141 ,
640 1088 751 1131 sicut
773 1089 1007 1131 Donatistae
1030 1088 1320 1140 Macarianos,
1341 1087 1451 1131 sicut

60 1157 291 1201 Manichaei
323 1157 557 1202 Pharisaeos
576 1191 586 1211 ‚
624 1166 667 1201 et
699 1157 844 1202 caeteri
874 1158 1071 1202 haeretici
1099 1157 1275 1201 diversis
1304 1157 1450 1201 nomi-

61 1226 204 1270 nibus·

123 1299 324 1341 LXXVI.
359 1300 586 1342 Jifflmus.
629 1315 648 1339 «
675 1299 784 1342 Nam
813 1313 913 1342 cum
947 1307 1244 1357 proponerent
1273 1298 1450 1353 Ariani,

70 1368 145 1426 qui
173 1382 316 1411 rerum
346 1382 396 1411 ea
418 1376 673 1426 tempestate
702 1368 1003 1426 potiebantur,
1036 1369 1305 1412 Homousion
1330 1366 1453 1426 sequi

63 1437 218 1493 vultis,
248 1448 323 1482 aut
357 1439 610 1483 Christum?
633 1438 973 1497 Responderunt
1004 1439 1237 1493 continuo,
1264 1439 1384 1497 quasi
1408 1439 1453 1481 in

64 1524 223 1553 nornen
261 1509 474 1567 religiosi,
511 1509 731 1553 Christum
763 1525 806 1552 se
838 1511 989 1568 sequi,
1023 1510 1285 1553 homousion
1321 1524 1454 1567 repu-

63 1578 234 1622 diavere
259 1598 266 1625 :
295 1589 424 1639 atque
452 1579 511 1623 ita
539 1588 699 1623 exeunt
731 1580 984 1636 gestientes,
1020 1580 1142 1624 velut
1170 1581 1247 1640 qui
1279 1579 1455 1624 Christo

61 1649 303 1703 crederent,
319 1651 553 1709 quemjam
576 1660 838 1707 negaverant
860 1651 1137 1706 homousion,
1158 1651 1205 1694 id
1222 1660 1302 1704 est,
1324 1650 1455 1694 unius

62 1737 161 1766 cum
186 1724 312 1765 Pater
339 1721 594 1766 substantiae
629 1721 901 1780 denegando.
930 1726 993 1766 Ita
1023 1737 1124 1780 ergo
1156 1732 1199 1766 et
1234 1737 1351 1766 nunc
1379 1736 1456 1766 vos

61 1791 343 1836 fabricatores
361 1791 475 1845 doli,
496 1792 715 1850 imperitas
734 1793 902 1836 terretis
921 1808 1060 1846 aures,
1088 1802 1136 1835 ut
1159 1792 1191 1835 si
1209 1791 1367 1836 nolunt
1390 1791 1455 1835 la-

62 1863 310 1908 borantium
337 1878 416 1922 pro
440 1862 525 1906 fide
547 1863 743 1906 virorum
774 1861 1066 1921 appellatione
1093 1863 1310 1921 respergi,
1336 1871 1379 1905 et
1400 1861 1457 1905 li-

63 1934 218 1978 berum
245 1934 472 1978 arbitrium
494 1942 678 1992 negent,
704 1942 747 1977 et
771 1936 886 1976 Dens
912 1934 1139 1977 hominum
1164 1933 1453 1977 conditorem.

64 2006 157 2048 Hoc
181 2004 311 2062 igitur
340 2019 362 2047 a
391 2018 459 2047 me
481 2004 527 2046 in
548 2002 623 2047 illo
656 2002 754 2047 loco
775 2012 947 2047 constat
975 2004 1226 2062 objectum,
1254 2012 1299 2045 et
1327 2017 1456 2061 quam

64 2089 154 2117 non
176 2072 306 2127 falso,
330 2089 518 2132 praesens
551 2073 787 2131 disputatio
819 2072 965 2132 palam
999 2073 1146 2117 saciet.
1181 2072 1458 2131 Respondisti

65 2158 168 2201 ergo
184 2144 266 2187 hoc
287 2143 419 2187 modo
440 2162 448 2187 :
474 2162 494 2183 »
517 2145 614 2188 Non
638 2158 846 2201 negamus
870 2142 1057 2186 liberum
1083 2143 1313 2186 arbitrium
1337 2161 1345 2186 :
1375 2160 1395 2183 «
1416 2151 1459 2186 et

65 2214 175 2257 nihil
198 2213 317 2257 aliud
345 2213 600 2273 subjunxisti
623 2212 677 2256 de
706 2222 798 2257 tuo.
829 2215 1114 2273 Consequens
1144 2214 1260 2256 enim
1284 2212 1456 2267 fuerat,

66 2292 118 2328 ut
134 2284 334 2342 impleres
351 2284 441 2328 sine
459 2284 810 2342 tergiversatione
828 2286 1087 2328 sententiam
1106 2305 1116 2342 3
1138 2300 1328 2343 cumque
1347 2299 1458 2342 prae—

67 2355 248 2398 misisses
282 2370 370 2398 non
407 2364 446 2398 te
471 2370 627 2413 negare
652 2355 817 2399 arbitrii
850 2355 1097 2399 libertatem
1134 2355 1340 2408 adderes,
1385 2354 1461 2398 sed

68 2425 326 2469 confitemur
348 2423 494 2467 datam
518 2440 539 2467 a
573 2427 660 2469 Deo
689 2423 936 2475 libertatem
962 2425 1128 2468 arbitrii
1151 2425 1195 2467 in
1230 2424 1457 2468 hominum

71 2509 323 2554 permanere
345 2503 515 2539 natura.
543 2513 562 2534 »

132 2569 424 2612 Atocsrmus.
461 2565 690 2619 Quomodo
707 2575 856 2611 manet
877 2565 1054 2612 libertas
1071 2566 1114 2610 in
1133 2567 1215 2621 eiS,
1239 2565 1315 2625 qui
1338 2574 1386 2611 ut
1408 2560 1460 2608 liss
