1821 3264
237 217 380 247 OPERIS
411 219 588 248 IMPERF.
621 216 784 247 coNTnA
816 216 984 248 summ.
1020 221 1103 248 Lm.
1142 222 1189 247 11.
1323 207 1403 247 351

31 283 110 344 qui
121 292 171 329 ut
186 284 426 330 imitatione
442 293 719 344 peccaretur,
748 286 839 330 sine
860 287 1101 331 imitatione
1124 287 1315 345 peccavit
1339 294 1414 331 :ct

31 367 121 398 non
137 362 202 398 est
225 354 362 399 Adam
384 364 500 400 certe
520 356 621 409 iste,
654 355 730 399 sed
763 355 978 400 diabolus.
1013 357 1098 409 Qui
1133 356 1247 400 enim
1272 355 1383 400 dixit
1399 390 1413 410 ,

30 424 209 469 intravit
238 425 285 468 in
315 425 590 483 mundum¹3
621 425 792 469 initium
829 426 992 485 peccati
1024 427 1156 486 hujus
1188 426 1377 470 ostendit
1402 443 1412 471 ε

30 494 151 554 quod
169 494 343 539 initium
360 495 638 540 manifestum
658 504 738 549 est,
760 511 849 540 non
871 511 961 540 esse
984 495 1146 541 factum
1169 512 1245 555 per
1269 497 1416 540 homi-

30 577 155 619 nem,
179 564 255 609 sed
283 580 359 622 per
391 565 640 622 diabolum3
663 565 698 609 si
730 575 954 624 peccatum
987 565 1107 625 quod
1143 567 1415 610 imitarentur

30 643 280 693 peccantes,
300 635 484 680 velimus
499 634 738 679 attendere.
758 639 906 680 Restat
920 636 1068 694 igitur,
1093 645 1142 680 ut
1157 645 1383 694 peccatum
1401 670 1414 689 ‚

29 703 151 763 quod
170 718 248 763 per
269 720 407 749 unum
429 705 653 750 hominem
675 706 854 750 intravit
874 707 918 749 in
941 705 1181 764 mundum,
1206 721 1295 750 non
1314 706 1417 748 imin

29 774 207 829 tationi,
225 774 300 820 sed
319 775 584 834 generationi
607 785 723 820 recte
745 777 877 834 possit
898 777 1093 822 attribui.
1117 777 1295 834 Agimus
1317 791 1418 820 sane

30 845 121 888 Deo
145 845 326 902 gratias,
356 846 565 904 quoniam
595 854 745 889 contra
774 855 965 889 vestrum
1002 845 1176 890 locutus
1203 861 1414 900 errorem,

28 913 300 959 voluntatem
340 917 500 960 bonam
538 931 623 975 qua
661 916 882 960 imitamur
920 917 1080 969 bonos,
1125 932 1214 960 non
1255 917 1417 962 viribus

28 984 167 1028 nostri
185 983 314 1028 liberi
335 985 520 1041 arbitrii,
536 985 612 1030 sed
633 985 791 1030 auxilio
812 986 889 1030 Dei
907 1001 996 1030 esse
1018 986 1295 1030 tribuendam
1308 1018 1319 1040 ,
1340 1001 1416 1030 ve-

28 1052 98 1098 lut
114 1063 367 1099 coruscante
389 1056 467 1100 tibi
494 1057 675 1100 veritate
709 1054 930 1100 confessus
958 1071 1001 1100 es
1024 1075 1032 1101 :
1058 1055 1418 1116 quandoquidem

29 1133 81 1168 ut
99 1124 292 1183 Angelos
310 1125 531 1169 imitemur
546 1160 559 1180 ,
583 1141 673 1170 non
694 1126 1047 1185 praesumendum
1071 1140 1094 1170 a
1116 1126 1242 1170 nobis
1259 1161 1270 1180 ,
1297 1124 1372 1169 sed
1394 1141 1418 1168 a

29 1196 216 1240 Domino
237 1196 539 1242 demonstrasti
562 1212 650 1242 esse
671 1197 962 1256 poscendum,
982 1198 1042 1242 sic
1065 1212 1285 1256 exponens
1297 1197 1418 1256 quod

29 1281 204 1311 oramus
223 1276 266 1311 et
287 1266 497 1322 dicimus,
525 1286 546 1310 «
573 1269 670 1313 Fiat
691 1268 892 1313 voluntas
922 1277 1020 1323 tua,
1038 1266 1152 1313 sicut
1172 1269 1217 1311 in
1236 1266 1352 1311 coelo
1374 1276 1419 1310 et

32 1355 53 1379 »
76 1339 121 1381 in
138 1341 293 1382 terra2.
317 1357 336 1379 »

89 1410 209 1452 LIII.
234 1410 462 1453 Jnmmns.
491 1426 512 1450 «
538 1407 623 1453 Sed
640 1417 690 1451 ut
712 1408 966 1452 imitationis
994 1408 1261 1453 vocabulum
1287 1409 1417 1452 rebus

29 1477 206 1523 diversis
226 1478 505 1523 manifestum
527 1488 591 1522 est
607 1479 898 1523 communiter
920 1480 1174 1536 convenire3
1199 1480 1256 1522 ita
1281 1494 1418 1536 gene·

29 1549 140 1592 ratio
155 1563 254 1593 vere
270 1558 314 1592 et
330 1549 502 1608 proprie
518 1557 796 1606 generantem
812 1547 1095 1592 substantiam
1114 1548 1279 1592 indicat
1297 1566 1305 1591 :
1329 1563 1418 1591 non

30 1618 203 1677 proprie
222 1627 390 1674 autem,
415 1619 491 1663 sed
522 1618 697 1663 abusive
724 1618 877 1662 studiis
909 1618 1166 1677 applicatur.
1194 1620 1250 1661 Et
1273 1627 1419 1661 tamen

30 1690 130 1749 quia
147 1690 218 1734 hic
236 1691 399 1750 estjam
426 1703 528 1733 usus
544 1689 770 1748 loquendi,
795 1698 838 1732 et
860 1688 981 1748 quod
1002 1688 1204 1732 indicarit
1221 1688 1418 1745 agnosci-

30 1767 125 1815 tur,
149 1769 193 1804 et
224 1760 562 1819 proprietatibus
593 1752 898 1819 praejudicium
929 1758 1087 1804 afferre
1118 1774 1207 1803 non
1242 1758 1412 1801 sinitur.

31 1828 198 1875 Dicitur
215 1844 316 1887 ergo
338 1829 538 1874 diabolus
556 1843 761 1888 generare
775 1838 1019 1888 peccantes,
1034 1829 1273 1873 secundum
1298 1825 1419 1886 quod

31 1901 243 1946 Dominus
262 1901 308 1944 in
334 1900 598 1959 Evangelio:
625 1919 645 1942 «
668 1902 777 1954 Vos,
809 1901 898 1954 ait,
929 1916 979 1944 ex
1000 1909 1123 1958 patre
1143 1897 1320 1942 diabolo
1347 1913 1416 1941 es-

34 1990 55 2014 »
81 1972 150 2017 tis.
170 1989 190 2013 »
206 1974 304 2025 Quo
318 1986 531 2026 sermone,
555 1987 656 2015 eum
670 1972 777 2015 dixit
793 1971 1124 2015 criminosorum
1139 1985 1189 2029 pa
1197 1979 1322 2022 trem,
1339 1983 1419 2012 cu-

25 2043 95 2103 jus
116 2041 430 2101 malignitatem
448 2043 823 2088 convincebantur
839 2042 998 2087 imitari
1021 2051 1089 2086 :et
1110 2050 1256 2085 tamen
1278 2040 1323 2083 in
1341 2040 1420 2083 ab·

31 2113 174 2157 soluto
195 2122 259 2157 est
279 2112 588 2170 intelligentia,
619 2113 721 2172 quia
753 2127 830 2171 per
859 2113 942 2155 hoc
968 2126 1151 2165 nomen,
1186 2108 1415 2162 videlicet,

31 2199 113 2228 nec
133 2182 310 2228 diabolo
341 2199 466 2227 sexus
481 2217 492 2238 ,
517 2198 597 2226 nec
624 2183 879 2227 hominibus
913 2181 995 2227 illis
1018 2181 1128 2225 aeria
1160 2180 1215 2223 sit
1237 2179 1420 2237 ascripta

31 2255 285 2300 substantia.
312 2257 408 2299 Jam
436 2254 566 2312 igitur
588 2253 709 2313 quod
741 2253 897 2298 confici
920 2253 1021 2296 hinc
1042 2250 1310 2296 voluerimus
1339 2264 1421 2306 ap-

30 2335 195 2384 pareat,
223 2325 266 2370 si
288 2325 461 2383 proprie
488 2338 714 2383 nunquam
741 2323 966 2367 hominem
996 2323 1128 2366 homo
1146 2320 1418 2380 judicaretur

31 2396 189 2442 imitari
199 2431 216 2451 ,.
236 2405 283 2440 et.
300 2395 534 2454 Apostolus
556 2410 632 2454 per
657 2394 797 2439 Adam
820 2409 970 2438 omnes
994 2406 1190 2452 peccasse
1213 2390 1416 2434 dixisset:

33 2482 116 2526 ego
131 2467 269 2512 libere
294 2467 620 2526 praescriberem
645 2480 728 2509 usu
759 2464 1081 2524 Scripturarum
1115 2475 1204 2506 esse
1233 2464 1420 2519 Aposto-

84 2559 95 2575 1
115 2554 206 2586 Rom.
225 2563 259 2594 v,
277 2560 327 2585 η.
344 2567 385 2575 --
399 2558 411 2574 ²
426 2550 540 2585 Matth.
561 2560 608 2589 vr,
634 2560 684 2583 ιο.
698 2547 764 2572 -3
784 2550 877 2581 Joan.
897 2546 968 2589 vm,
989 2544 1043 2589 44.
