1821 3264
251 242 394 269 OPERIS
427 242 602 268 IMPERF.
638 240 800 268 CONl'ssA
833 243 1001 269 JthN.
1038 243 1121 269 Lm.
1158 245 1205 268 11.
1341 232 1422 270 355

42 306 109 350 lus
127 305 278 361 dixit1,
303 323 325 351 a
349 323 436 367 quo
451 306 668 364 generatio
685 307 837 365 utique
856 308 1083 351 hominum
1104 309 1257 365 coepit,
1279 316 1329 352 ut
1350 323 1426 365 per

43 377 365 436 generationem
382 377 557 422 doceret
571 377 665 421 iisse
688 392 763 435 per
781 392 929 421 omnes
951 378 1157 435 originale
1180 388 1424 438 peccatum.

47 448 203 492 «Cum
242 447 341 492 ideo
377 447 610 507 Apostolus
644 462 720 506 per
755 462 892 491 unum
926 448 1147 492 hominem
1171 449 1347 503 dixerit,
1374 464 1429 492 ne

41 525 269 577 putaretur
291 517 369 561 isse
386 533 463 577 per
485 532 633 562 omnes
655 516 865 576 originale
887 527 1128 576 peccatum.
1155 519 1317 578 Ineptis
1340 519 1397 562 ita
1414 553 1425 573 ,

41 596 90 631 ut
109 587 181 632 vix
204 598 375 632 teneam
391 589 673 642 cachinnum,
697 587 773 647 qui
789 587 895 632 dicis
913 589 1238 647 generationem
1261 589 1316 632 ab
1339 604 1428 632 uno

40 658 217 702 homine
234 659 434 717 coepisse,
464 674 564 703 cum
588 667 631 702 et
654 657 873 703 diversitas
902 674 1082 703 sexuum
1097 693 1108 713 ,
1145 668 1188 703 et
1214 659 1342 703 lectio
1359 658 1427 702 di-

39 727 138 774 vina
159 738 362 785 testetur,
395 729 720 788 generationem
742 745 832 774 non
854 745 945 774 esse
971 729 1183 788 potuisse,
1209 729 1310 773 nissi
1335 729 1425 774 duo

41 800 158 859 prius
176 799 396 855 homines,
413 799 458 844 id
472 808 549 855 est,
570 799 636 844 vir
658 809 701 844 et
721 800 874 843 mulier
896 801 1149 845 extitissent.
1180 819 1199 842 »

99 874 386 917 Aueusmns.
409 872 490 924 Qui
513 873 595 916 hoc
614 871 783 930 legunt,
809 871 957 929 legant
977 872 1136 916 iterum
1158 872 1423 931 superiorem

40 942 358 1001 responsionem
393 957 555 1000 meam,
581 952 655 986 aut
677 942 710 986 si
735 943 825 1001 ejus
853 943 962 985 bene
985 943 1294 997 meminerunt,
1319 942 1431 986 deli-

40 1022 234 1058 ramenta
266 1013 394 1073 hujus
428 1012 650 1057 irrideant.
689 1012 895 1066 Quamvis
924 1027 1093 1071 possem
1125 1011 1291 1067 dicere,
1327 1011 1430 1056 ideo

40 1098 131 1128 non
168 1082 301 1138 duos,
331 1084 406 1127 sed
441 1098 579 1127 unum
610 1083 833 1127 hominem
855 1082 1008 1127 dixisse
1038 1083 1320 1141 Apostolum,
1355 1097 1431 1140 per

42 1169 172 1213 quem
197 1163 421 1213 peccatum
445 1155 620 1198 intravit
645 1155 690 1197 in
720 1153 962 1211 mundum3
988 1155 1091 1213 quia
1109 1155 1318 1212 scriptum
1341 1161 1427 1207 est,

43 1243 64 1268 «
88 1227 232 1270 Erunt
255 1225 344 1269 duo
370 1225 414 1269 in
434 1242 563 1270 carne
584 1241 671 1269 una
692 1245 700 1270 ι
725 1244 744 1267 »
770 1227 889 1269 unde
913 1226 1123 1270 Dominus
1143 1225 1224 1280 ait,
1249 1244 1269 1266 «
1296 1225 1432 1281 Igitur

45 1295 170 1355 »jam
199 1311 288 1339 non
311 1305 413 1340 sunt
444 1295 559 1349 duo,
595 1296 669 1340 sed
704 1312 791 1340 una
810 1297 934 1340 caro3
964 1316 972 1340 ;
997 1313 1017 1336 »
1051 1297 1233 1339 maxime
1256 1296 1436 1354 quando

42 1366 107 1411 vir
135 1365 329 1410 adhaeret
369 1367 514 1420 uxori,
551 1376 594 1411 et
622 1367 757 1410 initur
788 1366 1063 1411 concubitus.
1102 1370 1161 1410 De
1195 1366 1436 1410 concubitu

42 1447 188 1481 autem
209 1436 352 1496 proles
375 1438 570 1496 gignitur
586 1472 596 1490 ,
623 1438 797 1481 trahens
815 1437 1024 1495 originale
1048 1447 1292 1496 peccatum,
1326 1437 1434 1480 vitio

43 1516 309 1566 propagante
330 1508 500 1560 vitium,
526 1510 616 1551 Deo
632 1515 806 1551 creante
824 1516 1025 1550 naturam
1048 1526 1056 1551 :
1079 1521 1213 1565 quam
1230 1515 1430 1550 naturam

44 1578 273 1637 conjuges,
301 1578 429 1622 etiam
461 1564 575 1621 bene
609 1587 778 1622 utentes
809 1578 937 1631 vitio,
973 1586 1267 1635 n011,})ossunt
1289 1586 1437 1619 tamen

43 1649 101 1693 ita
124 1664 344 1706 generare,
370 1660 419 1693 ut
438 1650 573 1708 possit
597 1665 686 1694 esse
717 1650 806 1693 sine
836 1650 941 1694 vitio
969 1668 977 1693 :
1003 1648 1124 1708 quod
1147 1647 1221 1692 ille
1242 1648 1319 1708 qui
1342 1649 1431 1692 sine

43 1721 136 1781 ipso
165 1730 290 1765 natus
321 1731 384 1766 est
413 1722 536 1777 vitio,
576 1730 755 1766 evacuat
783 1721 826 1764 in
859 1719 1073 1779 parvulis,
1099 1720 1228 1764 etiam
1252 1719 1430 1764 nolente

16 1809 19 1810 ⁷
45 1794 71 1836 J
75 1791 237 1836 uliano.

104 1866 263 1909 LVIII.
284 1866 309 1908 J
315 1879 443 1908 uum
454 1882 511 1908 [s.
538 1881 556 1904 «
583 1866 671 1907 Aut
689 1863 723 1906 si
736 1861 863 1916 forte,
883 1861 1114 1921 (quoniam
1135 1860 1258 1904 aliter
1275 1860 1432 1918 dogma

47 1944 172 1980 tuum
199 1945 310 1980 stare
338 1950 427 1979 non
456 1943 611 1994 potest,
632 1937 646 1992 )
669 1933 805 1978 Adam
830 1948 880 1977 ex
899 1948 942 1976 se
971 1931 1216 1990 concepisse
1239 1940 1282 1974 et
1298 1945 1434 1990 pepe-

46 2008 148 2051 risse
177 2007 446 2066 responderis
479 2025 487 2051 :
522 2005 779 2065 Apostolum
808 2003 985 2064 quidem
1020 2019 1109 2047 non
1145 2004 1227 2047 hoc
1255 2002 1433 2047 sensisse

45 2077 156 2123 nulli
185 2078 394 2136 dubium3
428 2087 478 2123 tu
507 2092 610 2122 vero
644 2076 751 2136 quid
785 2076 903 2121 sexui
929 2084 1006 2120 tuo
1039 2075 1229 2120 volueris
1259 2073 1432 2119 evenire

46 2148 322 2193 monstrabis.
349 2167 370 2188 n

105 2222 398 2264 Aucus-smus.
414 2221 511 2264 Non
529 2218 771 2278 expavescis
784 2218 906 2277 quod
926 2217 1135 2276 scriptum
1147 2225 1227 2270 est,
1247 2235 1267 2258 «
1282 2219 1433 2275 Neque

51 2309 71 2332 n
98 2290 299 2334 maledici
320 2305 503 2349 regnum
525 2289 603 2334 Dei
627 2288 972 2349 possidebunt4?
993 2307 1011 2329 »
1033 2290 1183 2348 Neque
1205 2288 1320 2332 enim
1345 2296 1433 2330 tam

48 2360 167 2406 foeda
189 2361 381 2405 convicia
410 2359 518 2405 nihil
542 2369 583 2405 te
609 2359 882 2420 adjuvantia,
909 2359 991 2404 nisi
1023 2356 1312 2404 maledicendi
1338 2357 1432 2401 libi-

50 2430 168 2487 dine,
187 2430 440 2491 loquereris.

99 2539 108 2556 ¹
128 2533 207 2566 Vide
223 2532 279 2566 lib.
300 2544 319 2565 ιι
338 2533 378 2566 de
395 2532 533 2576 Nuptiis,
559 2543 632 2574 cap.
658 2541 712 2574 27.
727 2548 769 2555 -
785 2538 797 2554 Ἴ
816 2533 897 2565 Gen.
916 2530 952 2572 ιι,
970 2530 1025 2573 24.
1045 2547 1085 2553 -
1101 2528 1116 2553 3
1133 2530 1247 2563 Matth.
1271 2540 1338 2570 x1x,
1352 2529 1432 2563 6.-
1487 2548 1494 2554 -

52 2586 69 2618 4
90 2599 103 2622 ι
128 2590 202 2622 Cor.
226 2599 272 2629 vi,
301 2599 353 2623 ιο.

1182 2639 1249 2679 23.
