1884 3285
445 270 526 309 244
880 276 911 304 s.
951 272 1177 305 Ames'nm
1213 278 1391 305 Eriscorl

442 359 531 388 non
556 342 714 401 poterit
733 341 855 386 mori.
878 340 995 394 Quid
1012 341 1152 401 litigas
1174 341 1228 385 de
1244 340 1593 399 concupiscentia
1608 338 1819 398 litigante,
1872 350 1876 399 ξ

442 415 525 458 hoc
541 421 620 467 est,
646 411 700 456 de
719 411 812 470 lege
834 412 877 456 in
900 411 1105 455 membris
1127 420 1397 471 repugnante
1430 409 1514 468 legi
1532 410 1714 454 mentis?
1737 414 1823 454 Lex
1873 414 1877 469 ξ

441 483 604 543 peccati
618 483 793 536 dieitur,
812 483 912 543 quia
933 481 1083 526 suadet
1102 492 1291 541 peccata,
1319 491 1449 540 atque
1470 490 1520 525 ut
1541 481 1598 525 ita
1624 480 1821 535 dixerim,
1874 480 1876 511 ἶ

436 554 588 614 jubet,
612 562 655 598 et
671 553 704 598 si
724 555 761 597 ei
780 563 924 597 mente
942 553 1166 607 serviatur,
1191 552 1281 596 sine
1303 551 1577 595 excusatione
1600 559 1820 609 peccatur.
1874 542 1877 610 ᾖ

443 627 672 669 Peccatum
690 623 864 678 dieitur,
893 623 993 683 quia
1021 632 1198 682 peceato
1216 621 1326 666 facta
1345 631 1425 676 est,
1451 621 1702 680 appetitque
1725 636 1825 679 pec-

440 710 552 740 care.
580 698 741 739 Reatus
761 696 850 754 ejus
870 693 1196 752 regeneratione
1210 692 1376 737 solutus
1396 700 1473 746 est,
1493 691 1721 736 conflictus
1736 691 1826 750 ejus
1874 689 1878 722 3³

439 766 495 809 ad
513 781 696 824 agonem
722 765 894 809 relictus
918 775 994 808 est.
1021 762 1185 809 Malum
1209 773 1292 818 est,
1319 763 1484 807 clarum
1510 772 1587 806 est.
1615 764 1709 807 Non
1729 761 1825 805 viri·
1875 763 1878 786 ⁷

441 834 523 879 bus
542 844 700 879 nostrae
721 835 973 889 voluntatis,
1000 844 1048 878 ut
1067 844 1214 894 putas,
1240 835 1341 878 huic
1365 832 1628 887 obsistimus,
1654 831 1735 875 nisi
1757 829 1824 874 di·

441 905 602 950 vinitus
644 904 914 966 adjuvemur.
954 904 1270 949 Debellandurn
1306 905 1388 948 hoc
1417 903 1580 947 malum
1617 910 1701 955 est,
1737 916 1824 945 non
1876 898 1878 901 ’

441 976 691 1036 negandum
714 996 722 1021 z
749 976 1013 1021 vincendum
1032 987 1109 1030 est,
1130 991 1217 1020 non
1240 974 1582 1019 defendendum.
1607 977 1828 1017 Postremo
1876 976 1879 983 '

440 1048 474 1092 si
498 1048 537 1091 ei
558 1049 773 1092 consentis
790 1083 801 1102 ,
836 1047 998 1091 malum
1028 1062 1210 1104 agnosce
1243 1044 1462 1105 peccando
1493 1064 1503 1089 2
1530 1044 1563 1087 si
1585 1044 1624 1087 ei
1646 1043 1825 1097 resistis,
1876 1047 1879 1090 ἶ

441 1118 605 1162 malum
623 1134 806 1176 agnosce
828 1118 1083 1177 pugnando.

502 1191 683 1233 LXXII.
705 1192 931 1233 Jeme-s.
950 1187 1055 1231 «Vel
1078 1187 1181 1246 quid
1208 1185 1381 1244 prodest
1403 1186 1492 1245 ejus
1515 1185 1575 1228 rei
1598 1182 1825 1238 modestia,

441 1259 564 1318 cujus
586 1267 758 1303 accusat
779 1274 821 1302 sc
849 1259 940 1317 ipsa
964 1257 1191 1317 prsesentia
1214 1259 1232 1301 Ρ
1256 1256 1364 1300 Vide
1387 1271 1489 1314 ergo
1511 1271 1598 1315 quo
1625 1264 1698 1299 tua
1722 1253 1828 1298 acu-

440 1328 557 1372 mina
574 1329 886 1387 provehantur.
914 1328 1056 1371 Primo
1087 1327 1188 1387 quia
1212 1336 1361 1385 peccat
1390 1335 1542 1369 natura
1567 1326 1657 1368 sine
1679 1323 1827 1368 volun-

444 1407 529 1442 tate
568 1418 576 1443 ;
602 1398 722 1458 quod
747 1414 836 1443 non
869 1407 1023 1457 potest.
1059 1396 1260 1442 Secundo
1284 1396 1382 1456 quia
1415 1405 1476 1439 est
1505 1403 1754 1453 peccatum,
1786 1401 1829 1437 et

443 1485 532 1514 non
555 1478 721 1529 peccat,
746 1469 789 1513 id
812 1480 890 1521 est,
917 1485 1002 1513 una
1023 1484 1086 1512 res
1110 1478 1187 1523 est,
1214 1477 1357 1512 etnon
1381 1477 1455 1511 est.
1473 1466 1636 1510 Deinde
1652 1465 1828 1525 quando

443 1540 590 1585 turbat
612 1555 786 1600 pacem,
804 1539 1056 1584 miserabilis
1076 1549 1154 1584 est.
1181 1555 1259 1582 nee
1275 1553 1353 1597 pro
1379 1546 1497 1582 tanto
1517 1536 1696 1581 erimine
1712 1535 1829 1595 plee-

442 1610 549 1655 titur
563 1610 778 1670 dissipatae
799 1610 977 1670 quietis:
994 1609 1170 1670 quando
1187 1619 1328 1653 autem
1350 1609 1516 1667 perficit
1537 1606 1825 1667 iniquitatem,

445 1680 703 1725 damnabilis
719 1690 796 1724 est.
819 1680 902 1724 Sed
924 1680 990 1723 lex
1005 1680 1168 1739 peccati
1193 1681 1303 1723 sicut
1319 1678 1611 1737 mereturipsa
1635 1687 1829 1721 tormen-

442 1759 553 1805 tum,
574 1751 631 1794 ita
653 1759 826 1794 excusat
845 1750 1032 1794 hominis
1050 1748 1336 1793 voluntatem.
1361 1748 1470 1801 Quia
1493 1747 1561 1791 lex
1585 1756 1628 1790 et
1650 1761 1825 1805 cogens,

441 1829 484 1864 et
503 1819 724 1875 naturalis,
750 1829 793 1864 et
815 1835 1041 1879 nunquam
1066 1819 1272 1863 recedens
1287 1853 1297 1873 ,
1321 1818 1512 1878 superari
1534 1819 1686 1877 utique
1707 1832 1729 1860 a
1750 1831 1828 1860 vo-

442 1891 610 1935 luntate
633 1907 721 1936 non
742 1901 884 1950 potest
907 1911 914 1936 z
941 1900 983 1935 et
1004 1906 1132 1935 nemo
1163 1900 1340 1950 propter
1360 1890 1444 1933 hoc
1467 1904 1563 1933 reus
1593 1898 1655 1932 est
1670 1923 1680 1943 ,
1707 1885 1827 1947 quod

440 1962 576 2006 vitare
602 1977 691 2006 non
720 1963 878 2021 potuit.
914 1962 996 2007 Sed
1025 1977 1104 2005 nee
1134 1963 1221 2019 ipsa
1248 1964 1334 2004 Lex
1363 1969 1514 2019 peccat
1540 1979 1548 2004 :
1583 1960 1682 2018 quia
1710 1955 1827 2002 aliud
1878 1976 1881 2009 ξ

439 2031 581 2076 facere
599 2048 685 2076 non
705 2027 992 2091 potuit.Deus
1007 2042 1151 2077 autem
1176 2030 1440 2075 inevitabilia
1465 2030 1600 2074 reatui
1628 2029 1825 2084 ascribit3
1878 2043 1881 2089 j

440 2118 521 2147 nee
535 2112 584 2147 ut
598 2112 766 2148 tantum
785 2103 885 2147 mali
903 2101 1048 2158 faeiat,
1070 2103 1124 2146 ab
1147 2101 1236 2146 ullo
1258 2102 1450 2160 cogitur:
1477 2100 1680 2145 omnibus
1697 2099 1827 2157 igitur
1877 2117 1880 2142 ε

439 2173 648 2218 absolutis
675 2174 746 2217 hic
775 2173 889 2218 solus
917 2173 960 2216 in
985 2173 1165 2217 crimine
1194 2172 1430 2231 reperitur,
1457 2171 1532 2231 qui
1555 2171 1660 2214 mira
1683 2169 1827 2214 fronte

436 2244 625 2304 imputat
642 2244 734 2288 aliis
753 2243 1051 2288 necessitatem
1073 2278 1083 2297 ,
1107 2258 1207 2287 cum
1237 2243 1326 2301 ipse
1356 2242 1447 2286 sine
1477 2241 1727 2286 necessitate
1750 2240 1826 2284 de-

435 2314 620 2376 linquat.
651 2318 793 2360 Macte
819 2315 979 2358 virtute
1008 2312 1254 2373 prudentiae
1279 2312 1544 2356 nobilissime
1566 2312 1822 2371 disputator,

433 2386 509 2445 qui
542 2385 745 2444 gradibus
768 2386 947 2429 Punicae
976 2383 1191 2428 dialexeos
1210 2419 1220 2438 ‚
1253 2393 1299 2427 ut
1327 2382 1653 2427 commendares
1677 2383 1789 2427 dona
1812 2418 1822 2437 ,

433 2457 623 2502 evertisti
639 2456 801 2516 judicia
823 2454 1134 2514 ,utsimnlares
1153 2455 1351 2513 gratiam,
1371 2454 1792 2513 subruistijustitiam
1811 2474 1823 2510 3

431 2537 482 2571 ut
502 2526 734 2571 infamares
757 2535 958 2570 naturam
979 2560 989 2579 ,
1016 2525 1270 2568 criminatus
1297 2540 1340 2567 es
1362 2525 1589 2567 hominum
1614 2524 1825 2568 Condito·
1878 2536 1881 2579 ξ

431 2612 520 2642 rem
541 2618 551 2653 3
572 2606 614 2641 et
636 2597 695 2642 ita
720 2597 972 2641 criminatus
993 2611 1052 2650 es,
1076 2606 1122 2638 ut
1143 2609 1227 2638 non
1251 2593 1389 2639 solum
1412 2593 1557 2654 aliquo
1580 2603 1822 2654 peccatore,
