1821 3264
238 298 380 324 OPERIS
413 298 586 324 mmmm.
622 299 782 325 CONTRA
815 302 981 327 urim.
1019 305 1099 328 mu.
1139 306 1182 328 ιι.
1318 293 1400 331 483

33 380 55 404 (ι
73 362 477 421 quiincrementum
492 362 568 406 dat
584 365 697 406 Deus
711 366 741 418 1,
766 383 784 405 »
811 380 899 409 non
917 367 1192 426 praecipiebat
1213 377 1399 425 tantum,

29 430 104 475 sed
118 432 246 476 etiam
265 431 418 476 orabat
438 431 494 476 ad
515 435 653 477 Deum
673 467 684 487 ,
711 443 760 478 ut
779 434 940 478 malum
965 452 1053 480 non
1076 437 1294 493 facerent,
1309 440 1404 498 qui-

29 500 111 545 bus
145 503 236 561 ejus
267 501 436 562 eloquia
467 501 731 562 praedicabat
762 524 772 549 :
805 515 951 563 aperte
982 506 1097 550 enim
1125 507 1228 551 alibi
1256 507 1361 553 dicit
1392 530 1401 554 :

33 590 53 616 «
76 574 262 618 Oramus
283 583 429 618 autem
446 573 502 618 ad
516 577 670 628 Deum,
692 591 747 619 ne
763 575 870 636 quid
893 575 1055 621 faciatis
1077 578 1179 622 mali
1199 582 1233 622 ².
1261 598 1282 621 »

85 645 369 689 CCXXXIII.
395 647 420 688 J
426 661 622 689 munus.
651 663 671 687 «
695 647 757 691 Ne
771 647 877 706 quid
894 647 1007 691 enim
1026 647 1211 691 arduum
1230 658 1273 693 et
1289 650 1408 694 inac-

28 729 196 759 cessum
222 716 390 760 homini
414 717 647 776 praecipere
674 716 894 762 videretur
913 752 923 772 ,
945 718 1127 763 verbum
1150 719 1204 763 de
1226 734 1409 764 consue-

28 784 180 829 tudine
214 786 472 846 usurpavit,
493 795 543 830 ut
568 787 811 832 humanum
840 788 1003 833 diceret
1023 823 1034 844 ,
1065 789 1111 834 id
1142 798 1222 843 est,
1255 789 1404 845 facile,

28 856 269 913 tractabile,
296 866 339 902 et
359 859 480 917 quod
501 873 728 902 causarum
745 861 1066 919 comparatione
1087 861 1295 905 mitescat.
1314 864 1410 906 Non

29 943 52 971 a
73 927 196 972 vobis
221 962 232 982 ‚
255 929 398 988 inquit
419 963 430 983 ‚
456 943 634 988 reposco
663 943 808 988 parem
839 931 1030 988 augustis
1055 931 1182 974 rebus
1205 932 1411 976 intentio-

28 1013 126 1042 nem
145 1033 155 1053 ,
184 1013 264 1042 nec
286 1014 417 1058 quam
440 1014 608 1058 magnae
641 1008 742 1043 sunt
763 1000 976 1044 virtutum
1003 1016 1105 1059 opes
1129 1036 1139 1055 ,
1178 1010 1265 1045 tam
1301 1017 1413 1046 nova

28 1069 150 1113 vobis
169 1104 180 1124 ,
205 1069 366 1129 quibus
388 1084 457 1113 cas
492 1071 719 1129 capessatis
734 1105 745 1124 ,
770 1080 986 1129 praecepta
1012 1071 1248 1115 constituto
1270 1090 1278 1116 :
1304 1072 1413 1115 nihil

29 1138 170 1184 ferum
201 1140 352 1199 ingero
367 1175 377 1194 ‚
399 1140 505 1185 nihil
530 1141 650 1200 quod
671 1141 743 1185 vix
764 1143 926 1199 portari
944 1142 1076 1200 possit
1097 1141 1243 1186 indico
1268 1163 1278 1199 3
1304 1158 1357 1186 ne
1381 1143 1414 1186 si

29 1226 108 1270 pro
129 1211 360 1270 splendore
382 1212 563 1272 justitiae
590 1211 675 1255 tale
697 1211 862 1272 aliquid
884 1212 1138 1271 imperarem
1156 1246 1167 1265 ,
1197 1212 1251 1255 de
1279 1214 1416 1257 carnis

29 1282 283 1327 infirmitate
302 1282 526 1342 conquesti
548 1281 787 1341 allegaretis
816 1283 966 1342 jugem
992 1298 1068 1327 vos
1089 1283 1283 1327 laborem
1306 1284 1418 1328 ferre

31 1368 120 1397 non
139 1369 278 1413 posse.
305 1356 431 1399 Nunc
444 1354 592 1413 itaque
610 1354 690 1397 hac
706 1352 1002 1397 moderatione
1021 1354 1247 1408 convenio,
1264 1363 1313 1397 ut
1336 1354 1419 1398 tale

31 1426 226 1468 studium
265 1425 502 1470 virtutibus
539 1424 779 1468 adhibeatis
804 1459 814 1478 ‚
854 1424 982 1483 quale
1025 1423 1281 1468 adhibuistis
1319 1435 1419 1468 ante

32 1495 284 1540 criminibus
309 1515 318 1540 ι
339 1510 529 1554 cumque
547 1495 704 1553 injuria
725 1495 778 1538 sit
798 1495 1077 1539 honestarum
1102 1510 1263 1549 rerum,
1288 1495 1322 1538 si
1346 1493 1419 1538 tali

33 1576 295 1626 appetantur
328 1566 547 1625 proposito
568 1599 578 1619 ‚
604 1564 735 1623 quale
770 1573 836 1607 est
871 1563 1141 1608 deformibus
1172 1565 1419 1622 impensum

34 1639 162 1683 rebus
183 1660 193 1696 3
219 1648 365 1682 tamen
386 1635 623 1696 disciplinae
644 1636 763 1685 huic,
788 1636 834 1679 in
855 1651 940 1694 qua
963 1636 1081 1689 estis,
1102 1635 1277 1690 sufficit,
1303 1636 1336 1679 si
1353 1635 1420 1679 vel

34 1710 109 1755 tali
138 1710 380 1754 intentione
391 1708 600 1767 justitiam
622 1705 860 1759 sectemini,
881 1703 1001 1763 quali
1022 1705 1298 1764 iniquitatem
1322 1704 1420 1748 estis

35 1779 445 1838 immunditiamque
466 1775 631 1821 sectati.

95 1855 387 1896 Amnum-s.
424 1850 519 1892 Hoc
540 1856 686 1891 tamen
711 1860 800 1889 non
828 1843 1016 1898 facient,
1040 1843 1119 1887 nisi
1140 1842 1201 1887 illi
1223 1842 1422 1887 formosae

37 1930 246 1981 susceptae
278 1929 390 1974 tuae,
424 1915 788 1975 concupiscentiae
819 1915 958 1959 carnis
993 1922 1235 1973 repugnent
1265 1913 1422 1957 robore

38 1993 256 2038 charitatis
278 2010 287 2036 ε
313 2005 413 2034 curn
436 2005 523 2049 qua
552 1987 648 2046 lege
675 1986 973 2030 membrorum
988 2019 998 2039 ‚
1024 1993 1317 2043 repugnatura
1338 1982 1423 2040 legi

39 2064 221 2118 mentis,
249 2062 388 2107 omnis
417 2062 551 2104 homo
574 2059 789 2115 nascitur3
821 2066 864 2100 et
892 2057 1013 2115 cujus
1041 2054 1304 2111 obligatione
1327 2068 1425 2097 reus

40 2143 103 2178 est
119 2169 129 2188 ,
154 2133 187 2178 si
209 2148 300 2177 non
330 2139 604 2186 renascatur3
629 2143 762 2188 quam
792 2125 996 2170 mortales
1027 2139 1118 2169 non
1138 2124 1319 2167 vincunt
1347 2138 1426 2166 suo

40 2206 192 2264 spiritu
205 2240 216 2260 ‚
237 2205 377 2249 sinon
397 2211 589 2262 aguntur
604 2200 680 2244 Dei
701 2199 863 2258 Spiritu
884 2217 893 2242 ε
916 2199 1179 2255 «Quotquot
1194 2194 1311 2238 enim
1331 2194 1427 2253 Spi-

44 2294 64 2317 »
89 2275 178 2320 ritu
198 2276 276 2319 Dei
294 2283 482 2332 aguntur
497 2307 508 2326 ‚
534 2272 580 2315 hi
596 2270 674 2314 filii
692 2278 794 2314 sunt
816 2268 936 2312 Deiss.
962 2285 982 2307 »
1007 2269 1071 2311 Ite
1091 2280 1209 2309 nunc
1224 2299 1234 2318 ‚
1260 2273 1303 2307 et
1319 2277 1425 2307 con-

44 2354 108 2390 tra
128 2346 255 2390 istam
286 2344 562 2389 christianam
586 2350 717 2400 atque
739 2337 1021 2398 apostolicam
1037 2335 1263 2380 veritatem
1285 2332 1424 2377 extol-

44 2415 175 2461 lendo
192 2416 452 2475 praecipitate
473 2413 661 2457 liberum
683 2409 909 2454 arbitrium
926 2443 936 2461 ‚
963 2416 1006 2450 et
1022 2407 1068 2449 in
1090 2414 1228 2449 vestra
1247 2404 1424 2457 virtute,

46 2502 136 2530 non
157 2484 422 2543 assurgendo
436 2517 447 2538 ⁵
470 2482 547 2527 secl
568 2481 787 2534 cadendo,
814 2477 1034 2522 confidite.

103 2557 384 2603 CCXXXIV.
405 2557 634 2599 Junmcs.
659 2570 678 2592 «
698 2547 1095 2605 Credamusitaque
1109 2544 1311 2602 magistro
1328 2558 1427 2601 gen-
1448 2559 1456 2566 ·

99 2647 108 2665 ¹
134 2650 145 2671 1
169 2642 242 2675 Cor.
267 2651 317 2679 m,
334 2643 364 2673 8.
384 2657 423 2663 -
439 2646 450 2661 2
476 2649 494 2669 2
513 2639 586 2669 Cor.
607 2647 677 2675 xus,
698 2645 727 2675 7.
748 2653 783 2657 --
807 2632 925 2664 3ssom.
948 2641 1013 2670 νιιι,
1039 2629 1086 2670 ι4.

1153 2684 1215 2718 ἑΗ.
