1821 3264
263 244 406 272 opums
439 242 616 271 lMPERF.
652 243 815 271 cor-:Tm
849 242 1016 273 JULlAN.
1054 247 1137 273 Lux.
1176 248 1202 272 1.
1344 236 1429 274 273

46 307 234 366 imprimi
263 309 411 354 asseris
441 310 576 353 bonas
601 309 862 367 cupiditates
899 310 1097 367 3diceres
1128 325 1230 355 cum
1260 312 1432 367 eodem,

48 378 205 422 bonam
227 387 270 422 et
291 388 391 423 ante
408 379 620 438 baptisma
638 377 769 423 fuisse
789 389 988 424 naturam
1002 415 1012 435 ,
1045 397 1144 440 quae
1170 380 1273 425 licet
1295 382 1435 426 habe-

45 457 109 493 ret
126 449 455 508 possibilitatem
468 449 588 504 mali,
613 464 703 494 non
724 459 872 495 tamen
897 451 1100 495 habuerit
1118 453 1433 507 necessitatem,

45 535 92 564 ac
120 535 196 579 per
224 521 308 566 hoc
336 521 392 566 ad
423 520 784 566 indissimulabile
816 522 983 567 bonum
1006 533 1254 568 consecrata
1284 539 1438 584 perve-

44 591 170 636 nerit.
209 593 302 636 Hoc
324 592 440 636 enim
463 593 594 637 modo
614 627 625 646 ‚
653 592 733 636 etsi
755 594 912 638 rationi
934 629 944 649 ,
976 609 1257 653 nequaquam
1291 605 1438 640 tamen

44 677 213 718 eorum,
232 678 342 722 quos
365 664 573 724 sequeris,
596 663 875 722 dogmatibus
892 665 1259 710 contravenires.»

102 736 401 779 Amusmvus.
446 734 617 779 Oblitus
661 750 705 779 es
738 735 845 794 quid
889 735 1084 780 dicamus
1128 755 1137 780 ι
1182 735 1408 780 recordare
1429 771 1439 789 ‚

44 819 206 864 quaeso.
249 807 336 850 Nos
372 819 523 849 sumus
559 805 637 864 qui
679 805 804 849 vobis
845 805 1187 851 reclamantibus
1225 806 1409 851 dicimus
1431 842 1441 858 ‚

44 875 173 919 etiam
187 875 327 935 justis,
351 875 552 935 quandiu
568 885 672 920 sunt
700 876 746 920 in
769 877 850 920 hae
869 878 955 921 vita
982 912 992 931 ‚
1020 893 1110 920 non
1133 877 1281 921 deesse
1296 912 1306 931 ‚
1329 877 1446 920 unde

43 945 87 990 in
114 945 310 990 oratione
346 962 423 991 sua
457 946 512 990 de
539 962 583 991 se
608 946 710 1006 ipsis
747 947 957 992 veraciter
995 947 1179 991 dicant:
1216 967 1232 987 «
1268 948 1446 991 Dimitte

45 1033 66 1058 »
97 1017 224 1061 nobis
251 1016 400 1061 debita
439 1026 586 1062 nostra
619 1020 650 1060 ¹.
695 1036 714 1058 »
745 1019 962 1071 Quoniam
996 1017 1029 1061 si
1060 1018 1247 1061 dixerint
1285 1033 1329 1061 se
1357 1032 1446 1061 non

44 1087 206 1131 habere
226 1097 473 1147 peccatum,
497 1103 540 1132 se
562 1088 678 1147 ipsos
699 1088 950 1148 decipiunt,
972 1097 1014 1132 et
1036 1090 1193 1133 veritas
1217 1093 1261 1131 in
1281 1089 1340 1132 eis
1360 1104 1447 1133 non

43 1160 153 1202 est2.
178 1175 197 1199 η
215 1159 333 1212 Quid
347 1168 412 1204 est
432 1174 535 1218 ergo
556 1159 677 1219 quod
690 1160 877 1204 inaniter
896 1159 1104 1219 loqueris,
1130 1175 1197 1203 me
1216 1160 1448 1204 Joviniano

44 1229 90 1273 in
110 1244 159 1273 ea
181 1238 303 1289 parte
320 1230 543 1290 conjungi⁷
564 1246 651 1290 qua
680 1230 784 1275 dicit
816 1231 1084 1290 baptizatum
1110 1231 1336 1275 hominem
1358 1246 1446 1274 non

46 1314 169 1358 posse
193 1315 374 1359 peccare
396 1300 555 1344 PAbsit
582 1309 738 1345 uttam
757 1301 889 1345 simus
917 1301 1037 1345 surdi
1060 1309 1102 1344 et
1125 1301 1260 1355 muti,
1288 1309 1337 1344 ut
1357 1316 1447 1345 non

45 1369 270 1416 audiamus
293 1386 445 1415 eorum
468 1372 545 1430 qui
567 1371 775 1430 baptizati
806 1381 908 1416 sunt
938 1386 1114 1426 vocem,
1142 1371 1214 1415 vel
1234 1386 1323 1415 non
1345 1385 1443 1415 cum

44 1441 104 1485 eis
133 1440 327 1486 dicamus
349 1461 357 1486 :
380 1460 400 1484 «
424 1441 605 1485 Dimitte
627 1442 753 1486 nobis
772 1441 921 1486 debita
942 1451 1104 1485 nostra.
1126 1459 1146 1482 »
1172 1444 1237 1485 Ex
1258 1456 1346 1500 quo
1369 1456 1446 1484 au-

43 1521 132 1556 tem
154 1513 287 1557 homo
310 1512 463 1572 incipit
482 1513 544 1556 uti
563 1511 802 1557 voluntatis
818 1512 1013 1567 arbitrio,
1037 1520 1080 1555 et
1097 1527 1276 1570 peccare
1291 1520 1333 1555 et
1353 1525 1442 1555 non

43 1598 222 1643 peccare
248 1593 397 1643 potes:
426 1582 501 1628 sed
523 1584 709 1628 alterum
730 1584 887 1628 horum
909 1599 998 1628 non
1022 1583 1142 1638 facit,
1169 1584 1250 1627 nisi
1269 1583 1443 1642 adjutus

44 1655 99 1698 ab
114 1670 166 1700 eo
180 1656 257 1715 qui
270 1654 408 1700 dixit:
438 1674 458 1697 «
486 1656 587 1700 Sine
611 1670 680 1699 me
709 1655 818 1699 nihil
842 1655 1021 1714 potestis
1044 1654 1187 1699 facere
1205 1656 1220 1680 3
1249 1674 1256 1699 :
1287 1673 1306 1694 »
1334 1653 1442 1697 alte-

45 1741 139 1770 rum
167 1742 270 1772 vero
298 1727 471 1786 propria
500 1727 727 1770 voluntate
745 1761 756 1781 ,
780 1727 868 1771 sive
893 1742 915 1790 a
943 1742 987 1770 se
1018 1727 1134 1785 ip50‚
1164 1726 1253 1770 sive
1277 1726 1332 1768 ab
1357 1724 1441 1769 alio

44 1797 276 1857 deceptore
313 1797 540 1852 seductuS‚
571 1795 641 1841 vel
669 1805 852 1855 peccato
886 1797 997 1840 sicut
1033 1811 1180 1841 servus
1221 1796 1436 1840 addictus.

44 1868 227 1929 Adjutos
249 1877 395 1912 autem
422 1868 619 1912 homines
647 1867 849 1911 novimus
878 1867 955 1910 Dei
991 1867 1168 1926 Spiritu,
1202 1876 1252 1910 ut
1279 1881 1328 1910 ea
1352 1865 1439 1909 vel-

42 1938 135 1984 lent
156 1956 256 2000 quae
273 1941 350 1984 Dei
373 1948 475 1983 sunt
490 1974 500 1994 ,
527 1947 627 1983 ante
651 1939 946 1998 baptismum,
977 1939 1087 1982 sicut
1110 1937 1361 1983 Cornelium
1386 1938 1401 1962 ‘¹
1427 1955 1435 1981 :

43 2012 256 2071 quosdam
279 2026 382 2056 vero
411 2026 492 2056 nec
526 2019 624 2070 post
652 2010 916 2069 baptismum
936 2044 945 2060 ‚
965 2009 1077 2053 sicut
1099 2009 1318 2053 Simonem
1342 2011 1438 2052 Ma-

45 2097 147 2141 gum
174 2085 204 2126 ⁵.
231 2083 401 2127 Judicia
423 2083 502 2127 Dei
523 2082 634 2126 sicut
660 2081 799 2126 multa
830 2081 1010 2139 abyssus
1035 2082 1050 2106 ⁰
1076 2100 1084 2124 ε
1117 2090 1161 2125 et
1184 2080 1320 2139 gratia
1347 2080 1439 2139 ejus

43 2167 132 2197 non
162 2169 213 2198 ex
240 2153 469 2212 operibus,
505 2152 700 2212 alioquin
730 2152 863 2209 gratia
888 2153 978 2211 jam
1003 2166 1090 2195 non
1115 2159 1179 2194 est
1201 2150 1335 2208 gratia
1361 2151 1390 2191 ⁷.
1417 2168 1436 2190 »

44 2224 200 2269 Desine
216 2224 350 2283 igitur
365 2223 600 2269 conviciari
622 2222 748 2266 nobis
766 2222 821 2266 de
841 2222 1087 2266 Manichaeo
1109 2230 1152 2264 et
1175 2221 1407 2265 Joviniano
1429 2240 1437 2264 :

44 2296 205 2354 quibus
235 2296 349 2339 enim
374 2294 629 2340 convicieris
646 2294 690 2336 in
714 2294 840 2337 nobis
861 2329 871 2349 ,
901 2309 1009 2353 quos
1038 2293 1258 2337 subsecuti
1282 2306 1441 2350 negare

46 2380 135 2410 non
157 2381 386 2425 possumus
406 2363 614 2424 originale
635 2373 882 2423 peccatum,
905 2363 1072 2408 videres
1088 2364 1122 2407 si
1140 2362 1290 2407 oculos
1314 2363 1443 2404 haben

46 2451 112 2481 res
128 2471 139 2492 ,
157 2446 199 2481 et
220 2446 382 2481 taceres
396 2435 430 2479 si
446 2434 634 2479 frontem
652 2435 848 2478 haberes.
882 2435 949 2478 Sic
969 2450 1021 2477 au
1031 2444 1113 2477 tem
1147 2433 1440 2477 calumniosus

99 2544 109 2560 ¹
127 2538 241 2572 Matth.
266 2545 460 2578 vr‚12.-—²
483 2550 491 2568 ι
514 2540 606 2568 Joan.
628 2549 650 2574 1,
672 2535 778 2568 8.——3
797 2540 887 2567 Joan.
914 2537 1242 2573 ›v‚—1‘1Acz.x‚
1268 2546 1283 2565 ᾳ).
1311 2551 1348 2555 —-
1364 2533 1438 2564 51‹l.
1463 2556 1470 2560 -

49 2605 116 2635 viu,
144 2598 246 2628 18.-
265 2592 279 2616 6
304 2594 381 2626 Psal.
410 2605 508 2634 xxxv,
532 2599 644 2634 7.-·7
673 2596 762 2624 Rom.
794 2604 835 2631 xv,
853 2594 885 2621 (i.

240 2657 387 2687 CXLUI.
1180 2652 1224 2684 1&
