1821 3264
418 243 470 268 DE
502 241 790 269 conr-EPTtONE
823 244 874 270 ET
906 245 1077 273 GnA'l'lA.
1393 238 1443 275 37

64 321 293 365 possumus
315 307 456 349 vivere
473 341 484 362 ,
508 321 587 349 nec
613 314 756 349 tamen
778 322 878 351 cum
901 309 1120 354 adfuerint
1138 311 1365 366 alimenta,
1388 316 1447 358 eis

62 376 112 419 fit
140 385 189 420 ut
222 377 337 419 vivat
359 376 433 433 qui
456 377 564 418 mori
587 366 788 420 voluerit.
831 380 944 435 Ergo
974 380 1236 439 adjutorium
1268 382 1448 429 alimen-

63 455 207 490 torum
233 454 296 489 est
329 445 420 489 sine
442 461 530 505 quo
552 461 640 489 non
664 447 735 499 fit,
765 462 853 490 non
877 464 965 507 quo
996 449 1046 493 fit
1068 459 1116 493 ut
1139 453 1349 498 vivamus.
1391 459 1446 500 At

62 531 164 560 vero
185 515 411 560 beatitudo
433 532 561 576 quam
585 532 673 560 non
699 516 833 560 habet
857 519 986 562 horno
1004 554 1014 572 ‚
1036 535 1134 563 curn
1163 522 1259 565 data
1285 522 1441 578 fuerit,

61 586 270 630 continuo
293 587 341 629 fit
365 586 530 630 beatus.
558 586 836 646 Adjutorium
859 597 923 632 est
944 589 1059 632 enim
1088 605 1175 633 non
1193 592 1332 635 solum
1354 593 1445 637 sine

59 671 149 716 quo
180 671 268 700 non
302 656 376 710 fit,
413 671 564 700 verum
589 656 717 699 etiam
741 673 829 716 quo
860 659 907 701 fit
931 669 1108 718 propter
1141 662 1259 719 quod
1296 661 1440 708 datur.

59 730 334 786 Quapropter
355 728 437 772 hoc
460 726 721 786 adjutorium
748 738 790 771 et
808 744 896 788 quo
915 729 962 772 fit
981 739 1065 783 est,
1086 740 1129 774 et
1143 731 1234 774 sine
1252 748 1340 791 quo
1356 749 1446 778 non

58 797 108 841 fit
133 816 142 842 z
169 797 270 857 quia
292 806 335 841 et
357 797 392 840 si
414 796 514 841 data
536 797 668 840 fuerit
689 797 852 840 homini
884 798 1109 842 beatitudo
1126 834 1136 853 ‚
1163 801 1373 846 continuo
1396 804 1445 848 fit

58 867 234 924 beatus;
269 877 311 911 et
337 867 372 911 si
398 868 499 911 data
531 883 756 927 nunquam
789 867 943 922 fuerit,
974 885 1200 930 nunquam
1231 873 1325 916 erit.
1354 873 1444 917 Ali-

56 947 200 981 menta
226 953 326 982 vero
342 953 431 982 non
453 948 770 997 consequenter
790 938 957 983 faciunt
981 950 1029 984 ut
1047 941 1178 985 homo
1195 942 1310 986 vivat
1335 962 1343 987 :
1369 943 1445 988 sed

55 1016 200 1052 tamen
224 1009 314 1051 sine
336 1007 418 1052 illis
442 1023 530 1052 non
554 1018 697 1068 potest
716 1010 876 1053 vivere.
906 1010 1050 1054 Primo
1074 1011 1221 1070 itaque
1244 1012 1440 1068 homini,

54 1077 198 1136 quiin
220 1093 272 1121 eo
303 1078 417 1122 bono
439 1094 528 1138 quo
552 1079 690 1124 factus
722 1078 864 1123 fuerat
894 1089 1036 1124 rectus
1065 1091 1289 1140 acceperat
1319 1098 1444 1141 posse

54 1163 143 1191 non
166 1163 343 1207 peecare
361 1183 371 1202 ‚
403 1164 526 1207 posse
554 1164 641 1193 non
671 1151 779 1192 mori
803 1184 812 1203 ‚
841 1165 964 1209 posse
989 1150 1128 1209 ipsum
1162 1151 1324 1195 honum
1354 1168 1443 1196 non

53 1217 250 1263 deserere
266 1255 276 1273 ‚
302 1220 456 1263 datum
485 1229 548 1263 est
571 1221 838 1280 adjutorium
862 1221 1215 1280 perseverantiae,
1242 1238 1329 1266 non
1353 1239 1442 1283 quo

51 1288 174 1332 fieret
195 1300 244 1332 ut
262 1299 579 1348 perseveraret,
605 1289 680 1334 sed
698 1291 790 1335 sinc
808 1306 896 1349 quo
915 1307 990 1350 per
1007 1292 1194 1336 liberum
1214 1294 1441 1337 arbitrium

50 1373 322 1417 perseverare
343 1375 431 1403 non
457 1370 613 1418 posset.
641 1363 767 1403 Nunc
789 1375 891 1404 vero
913 1363 1068 1405 sanctis
1092 1363 1136 1404 in
1162 1378 1341 1419 regnum
1367 1364 1442 1406 Dei

49 1446 126 1490 per
148 1431 328 1488 gratiam
355 1430 426 1473 Dei
453 1430 769 1488 praedestinatis
792 1445 881 1473 non
902 1429 987 1473 tale
1009 1431 1269 1490 adjutorium
1295 1447 1441 1489 perse·-

49 1501 252 1547 verantiae
270 1500 421 1554 datur,
445 1500 519 1543 sed
538 1499 622 1543 tale
642 1510 689 1544 ut
707 1501 765 1544 eis
785 1501 1098 1559 perseverantia
1117 1501 1207 1560 ipsa
1226 1503 1437 1560 donetur3

48 1589 137 1617 non
160 1572 298 1616 solum
323 1581 372 1615 ut
402 1574 492 1616 sine
516 1573 596 1615 isto
625 1573 741 1615 dono
765 1581 1086 1630 perseverantes
1111 1588 1198 1616 esse
1227 1588 1315 1616 non
1339 1589 1440 1632 pos-

47 1643 131 1687 sint
153 1678 163 1697 ,
188 1657 339 1687 verum
365 1642 494 1685 etiam
518 1651 567 1685 ut
590 1657 666 1700 per
693 1643 776 1686 hoc
807 1642 971 1686 donum
1002 1658 1091 1685 non
1123 1643 1203 1685 nisi
1236 1659 1436 1701 perseve-

47 1723 187 1757 rantes
218 1714 317 1757 sint.
353 1715 449 1757 Non
471 1712 611 1756 solum
633 1713 746 1755 enim
771 1712 880 1755 dixit
907 1731 914 1755 :
957 1731 975 1752 «
1004 1713 1103 1756 Sine
1134 1727 1204 1755 me
1228 1713 1335 1756 nihil
1359 1729 1438 1772 po-

49 1802 70 1825 »
99 1784 216 1827 testis
257 1783 422 1826 facerel
455 1802 463 1826 :
494 1802 513 1823 »
545 1798 693 1826 verum
728 1782 856 1825 etiam
890 1781 996 1824 dixit
1024 1801 1032 1825 ;
1069 1801 1088 1823 «
1124 1785 1221 1826 Non
1254 1798 1329 1826 vos
1366 1799 1435 1827 me

50 1872 70 1896 »
99 1854 305 1911 elegistis,
333 1853 406 1896 scd
441 1869 520 1911 ego
549 1853 659 1911 elegi
691 1867 788 1906 vos,
821 1862 863 1895 et
886 1853 1009 1910 posui
1035 1867 1136 1906 vos,
1170 1862 1217 1895 ut
1240 1854 1364 1906 eatis,
1391 1863 1434 1897 et

50 1943 70 1966 »
100 1924 290 1969 fructum
315 1924 504 1967 afferatis
520 1958 530 1977 ‚
557 1934 598 1966 et
622 1924 790 1966 fructus
812 1933 951 1965 vester
975 1924 1187 1965 maneat2.
1220 1941 1238 1963 υ
1265 1923 1434 1974 Quibus

46 1995 186 2040 verbis
208 1996 266 2038 eis
289 2010 377 2037 non
399 1993 539 2036 solum
560 1993 768 2052 justitiam
788 2027 798 2046 ,
829 2007 982 2035 verum
1006 1992 1135 2035 etiam
1165 1992 1207 2034 in
1238 1992 1306 2034 illa
1335 2008 1433 2050 per-

46 2065 326 2110 severantiam
356 2080 399 2108 se
428 2064 596 2107 dedisse
625 2064 895 2107 monstravit.
929 2063 1102 2107 Christo
1132 2063 1246 2106 enim
1276 2063 1334 2106 sic
1363 2078 1434 2107 eos

46 2146 237 2197 ponente
258 2145 307 2179 ut
337 2145 461 2188 eant,
492 2146 534 2178 et
557 2134 750 2179 fructum
780 2135 990 2187 afferant,
1023 2144 1066 2177 et
1087 2133 1254 2177 fructus
1282 2149 1433 2177 eorum

44 2217 240 2259 maneat,
266 2207 361 2265 quis
390 2206 548 2249 audeat
574 2204 743 2248 dicere:
769 2207 867 2249 Non
897 2203 1121 2247 manebit?
1151 2205 1246 2263 quis
1274 2203 1432 2248 audeat

43 2277 187 2321 dicere
220 2297 228 2322 ;
262 2280 460 2320 Forsitan
491 2291 577 2319 non
613 2277 830 2319 manebit?
866 2294 885 2316 «
914 2276 1013 2319 Sine
1044 2276 1300 2333 poenitentia
1329 2285 1431 2320 sunt

47 2366 67 2389 »
93 2348 208 2390 enim
238 2346 351 2390 dona
380 2355 423 2389 et
454 2347 622 2390 vocatio
657 2346 753 2389 Dei⁵
782 2365 789 2390 :
819 2364 837 2386 »
870 2346 945 2389 sed
974 2345 1143 2389 vocatio
1176 2360 1325 2389 eorum
1355 2345 1430 2404 qui

43 2417 282 2462 secundum
314 2416 581 2475 propositum
612 2416 754 2459 vocati
786 2425 901 2459 sunt.
936 2419 1019 2459 Pro
1046 2415 1111 2458 his
1141 2416 1273 2473 igitur
1295 2416 1429 2458 inter-

44 2487 233 2549 pellante
255 2489 426 2532 Christo
449 2503 502 2530 ne
531 2487 704 2530 deficiat
730 2485 837 2529 fides
860 2501 1034 2540 eorum,
1059 2487 1150 2530 sine
1177 2486 1313 2531 dubio
1340 2501 1428 2530 non

94 2581 101 2595 ¹
119 2576 210 2606 Joan.
231 2584 288 2614 xv,
309 2573 340 2606 5.
356 2591 395 2597 --
412 2580 424 2596 ²
441 2573 523 2605 Ibid.
546 2571 675 2605 16.—3
696 2575 784 2605 Rom.
804 2582 848 2613 xi,
863 2580 917 2613 29.
