1821 3264
6 0 37 61 τι

10 65 36 122 γε

29 127 34 199 ἔ

257 272 401 297 ominis
435 269 609 297 imm-mr.
646 269 807 295 CONTRA
844 269 1010 295 JULMN.
1050 269 1129 295 Lm.
1163 268 1208 292 11.
1336 252 1420 291 389

27 224 32 304 ,ἰ

4 319 30 394 ,Ι
99 342 388 383 Arousrrims.
422 335 685 379 Manichaeos
707 343 753 376 tu
777 334 952 393 adjuvas
970 368 980 386 ,
1008 334 1167 391 quibus
1184 331 1421 375 inducendi

43 411 166 458 aliam
189 418 388 452 naturam
418 406 573 449 malam
602 404 677 448 das
705 404 872 458 locum,
912 404 1109 462 negando
1146 404 1187 446 in
1221 401 1421 460 originali

22 482 152 540 ¹‘malo
183 496 273 525 esse
302 493 475 524 causam
499 477 680 520 miseriae
712 476 992 535 parvulorum
1024 490 1185 534 :quam
1208 474 1423 517 miseriam

20 543 84 628 {in
108 552 305 613 paradiso
328 550 480 609 utique
509 564 597 592 non
620 548 857 601 haberent,
883 547 918 591 si
940 551 1241 606 perseverante
1262 545 1325 588 ibi
1349 560 1426 588 na-

0 631 26 674 Μ
42 634 149 670 turae
161 624 366 668 humanae
381 618 643 664 rectitudine
655 633 703 661 ac
721 618 990 661 beatitudine
1010 624 1303 660 nascerentur.

47 708 50 709 ’
100 697 214 741 CXI.
241 696 468 738 JULIANUs.
499 709 518 732 «
545 693 606 734 De
623 689 803 733 istorum
822 688 938 731 enim
955 696 1234 746 peccatorum
1253 699 1425 743 genere,

43 783 140 829 quae
171 764 308 810 multa
337 779 448 818 esse,
479 771 523 806 et
549 760 709 806 dimitti
732 759 877 804 omnia
902 774 978 818 per
1001 758 1181 816 gratiam
1203 769 1430 801 commen-

0 856 10 881 κ
43 839 177 893 davit,
198 835 388 882 ostendit
412 850 457 879 se
481 834 609 878 etiam
632 831 743 876 illud
771 846 909 875 unum
927 830 1123 890 superius
1153 827 1306 872 dixisse
1329 842 1432 885 pec-

0 869 23 955 fl
42 920 186 957 catum
208 928 217 954 :
240 917 288 952 tu
316 917 462 951 autem
486 907 580 949 haec
602 903 742 948 multa
757 918 807 947 ea
824 901 1039 947 consentis
1061 915 1171 954 esse,
1193 915 1293 960 quae
1310 913 1431 943 com-

0 998 10 1024 τ
43 982 277 1026 mittuntur
313 980 368 1023 ab
404 991 675 1037 unoquoque
707 974 885 1019 homine
920 981 1044 1017 motu
1065 971 1252 1031 propriae
1273 969 1432 1015 volun-

0 1067 18 1115 εξ
43 1053 142 1098 tatis
161 1072 169 1097 ε
191 1060 235 1096 et
251 1050 362 1095 illud
381 1065 484 1109 ergo
506 1063 643 1092 unum
661 1047 716 1090 de
738 1044 892 1090 eodem
910 1058 1068 1102 genere
1089 1050 1167 1086 est.
1190 1059 1210 1082 »

12 1123 15 1137 ¹
101 1127 395 1168 Ammsmns.
435 1118 573 1165 Simul
591 1132 691 1162 cum
714 1115 791 1160 illo
814 1130 920 1169 uno,
942 1113 1039 1157 dico
1058 1127 1149 1156 esse
1172 1110 1326 1165 multa,
1347 1125 1437 1154 non

0 1208 17 1257 Vs
42 1203 198 1256 praeter
226 1193 333 1238 illud
363 1212 372 1237 ε
403 1200 546 1251 potest
579 1198 724 1233 autem
758 1196 802 1232 et
823 1187 906 1231 hoc
944 1194 1058 1230 recte
1091 1183 1177 1228 dici
1202 1182 1257 1226 de
1281 1179 1435 1225 eodem

0 1258 5 1303 ἰ
43 1281 199 1326 genere
226 1280 337 1319 esse,
371 1265 402 1308 si
428 1262 480 1307 ad
511 1262 725 1320 originem
755 1256 1000 1314 referatur,
1025 1254 1128 1315 quia
1154 1263 1196 1297 et
1222 1253 1365 1312 ipsum
1386 1266 1437 1295 ex

6 1346 7 1350 ’
41 1337 170 1398 primi
214 1335 403 1381 hominis
446 1333 671 1377 voluntate
715 1329 933 1382 manavit,
971 1324 1150 1386 quando
1184 1323 1298 1367 illius
1333 1337 1437 1382 pec-

0 1455 2 1458 ,
41 1419 189 1454 catum
224 1408 403 1452 intravit
433 1407 477 1449 in
509 1403 750 1456 mundum,
778 1410 821 1444 et
848 1415 925 1460 per
947 1413 1096 1444 omnes
1117 1395 1316 1440 homines
1340 1409 1439 1453 per-

41 1480 226 1526 transiit.

99 1553 238 1597 CXII.
266 1552 494 1594 JcmANrs.
527 1566 546 1588 «
568 1547 622 1589 Ut
639 1542 909 1601 intelligatur
924 1541 979 1584 ab
1009 1552 1294 1598 unoquoque,
1314 1544 1437 1579 motu

41 1623 228 1684 propriae
253 1620 492 1666 voluntatis
516 1625 776 1671 attractum,
801 1615 946 1673 etjam
974 1627 1064 1655 non
1087 1607 1351 1653 foecunditas
1369 1622 1438 1650 se-

43 1695 211 1739 minum
228 1729 238 1748 ,
275 1692 349 1736 sed
389 1689 632 1735 studiorum
672 1686 857 1745 pravitas
896 1690 1118 1741 arguetur.
1155 1681 1373 1724 Caeterum
1402 1678 1437 1721 si

43 1764 154 1810 illud
177 1780 312 1808 unum
332 1761 541 1820 originale
559 1758 765 1803 voluisset
791 1754 997 1813 intelligi,
1020 1769 1108 1797 non
1131 1752 1283 1811 utique
1305 1750 1349 1792 in
1366 1763 1434 1792 se-

41 1836 279 1897 quentibus
299 1842 474 1895 peccata
492 1830 629 1876 multa
643 1829 838 1882 dixisset,
855 1842 954 1887 quae
972 1840 1047 1885 per
1063 1822 1244 1882 gratiam
1259 1820 1433 1865 dimissa

42 1917 238 1954 testatur.
266 1926 286 1948 »

101 1986 392 2024 Arc-[smmis.
431 1979 574 2029 Quare
599 1988 688 2017 non
717 1971 914 2024 dixisset,
944 1968 1024 2012 nisi
1048 1967 1150 2026 quia
1173 1966 1256 2009 hoc
1275 1963 1431 2008 volunt

44 2049 292 2110 Pelagiani'?
316 2047 391 2093 sed
411 2063 498 2091 non
522 2044 617 2089 vult
639 2043 819 2096 veritas,
845 2056 931 2100 qua
956 2038 1184 2097 Pelagiana
1207 2035 1429 2092 redargui-

44 2131 115 2166 tur
144 2121 333 2174 novitas,
361 2128 403 2162 et
434 2117 621 2160 vincitur
650 2113 830 2158 vanitas.
863 2109 1004 2154 Multa
1027 2109 1143 2153 enim
1172 2105 1350 2160 delicta,
1382 2119 1433 2147 ex

0 2243 1 2251 ἵ
43 2193 201 2253 quibus
235 2191 368 2250 gratia
398 2188 532 2232 mittit
567 2187 610 2229 in
639 2183 1016 2245 justificationem,
1056 2178 1184 2223 simul
1222 2192 1321 2221 cum
1356 2173 1433 2218 illo

0 2253 1 2294 3
45 2279 134 2307 uno
153 2262 290 2305 multa
313 2269 437 2316 sunt,
458 2274 509 2301 ex
534 2272 622 2317 quo
652 2270 737 2299 uno
754 2252 996 2314 judicium,
1023 2250 1151 2293 etiam
1179 2249 1211 2292 si
1246 2246 1327 2291 alia
1344 2260 1432 2288 non

45 2334 284 2387 addantur,
328 2331 462 2375 mittit
495 2330 538 2373 in
577 2325 1001 2372 condemnationem.
1048 2321 1114 2366 Sic
1158 2334 1259 2376 ergo
1293 2315 1433 2361 Adam

46 2423 185 2452 unum
207 2405 415 2450 delictum
440 2402 582 2462 potuit
607 2399 818 2458 generatis
833 2398 1044 2449 inserere,
1070 2392 1266 2437 Christus
1289 2397 1436 2432 autem

46 2477 308 2538 regeneratis
332 2474 468 2519 multa
491 2473 736 2528 dimittere,
758 2468 966 2529 quoniam
988 2464 1085 2525 plus
1104 2464 1183 2507 iste
1206 2458 1433 2521 profuisse,

49 2564 180 2609 quam
202 2547 274 2591 ille
296 2545 492 2590 nocuisse
515 2550 794 2587 monstratur.

110 2620 271 2664 CXIII.
299 2620 339 2660 Ji
360 2633 479 2659 Lim-1
495 2634 526 2657 s.
561 2632 579 2654 «
603 2614 657 2655 Et
688 2609 886 2669 quamvis
908 2621 1007 2666 quae
1033 2613 1125 2648 acta
1150 2611 1265 2657 sunt,
1292 2599 1344 2644 ad
1368 2598 1442 2642 de-

2 446 5 456 ι

0 781 13 813 ll
