1821 3264
247 257 390 286 onius
424 259 601 286 mezur.
634 259 797 288 corsua
828 262 997 291 Jthv.
1034 264 1116 291 Lm,
1154 265 1182 290 1.
1327 253 1407 292 243

0 329 1 333 ’
29 322 328 377 contumaciae,
343 324 647 368 moderationis
661 325 814 369 animae
825 329 1085 387 conjugatur
1098 329 1292 385 arbitrio,
1306 345 1409 389 qua·

27 390 79 436 lis
98 391 199 446 fuit,
222 407 321 436 cum
337 392 621 438 inhabitanda
643 395 826 452 paradisi
852 407 1014 442 secreta
1047 400 1253 458 suscepit,
1285 408 1411 443 ante·-

27 477 156 522 quam
181 478 348 507 veneno
366 465 556 522 pestiferi
578 466 787 523 serpentis
803 466 963 512 infecta
988 469 1239 527 sacrilegam
1253 469 1413 513 {amem

27 531 169 586 sciret,
186 533 522 593 divinorumque
542 535 793 578 memoriam
817 547 1135 595 praeceptorum
1149 539 1306 581 animae
1320 554 1414 582 sen-

28 601 146 646 sibus
160 603 440 647 inhaerentem
461 604 679 648 edacitatis
697 604 841 649 studio
859 607 1111 664 praeteriret.
1132 610 1243 651 Hinc
1262 623 1416 666 pecca·

27 680 122 716 tum
143 688 336 718 manasse
358 673 579 734 proditur,
604 683 810 735 tanquam
830 692 1009 736 corpore
1032 680 1265 739 animaque
1289 681 1415 737 geni-

27 743 194 787 toribus
216 763 225 788 :
247 744 354 788 dum
383 745 574 803 corporis
596 754 749 790 natura
771 755 966 792 tentatur
981 784 992 803 ,
1013 749 1154 792 anima
1180 749 1292 793 male
1313 765 1414 794 sana

27 814 313 872 compatitur3
338 831 435 874 quae
460 816 494 859 si
522 817 813 875 appetentiam
838 819 1030 878 corporis
1062 818 1341 873 refrenasset,
1373 820 1416 864 in

26 882 119 942 ipso
139 893 239 927 ortu
261 894 370 929 esset
392 887 578 930 extincta
603 887 725 945 origo
740 889 920 946 peccati.
941 908 957 929 n
971 890 1181 934 Vides-ne
1202 890 1418 949 quemad-

27 953 206 997 modum
233 953 384 999 doctor
407 955 646 1000 catholicus
664 991 674 1010 ,
697 967 741 1001 et
763 958 999 1003 christiana
1022 961 1230 1019 sapientia
1259 961 1419 1019 praedi-

26 1031 120 1078 tus,
145 1023 282 1082 ipsam
306 1025 393 1069 cibi
411 1025 550 1070 illiciti
572 1028 994 1086 concupiscentiam,
1017 1046 1149 1089 quam
1178 1040 1226 1074 tu
1242 1066 1252 1085 ‚
1280 1033 1313 1074 si
1330 1047 1419 1076 non

26 1094 301 1152 permittatur
336 1095 516 1154 implere
555 1098 676 1156 quod
705 1100 893 1157 appetit,
935 1101 1082 1144 asseris
1112 1102 1417 1155 innocentem,

21 1164 111 1224 jam
131 1164 288 1208 famem
311 1166 560 1224 sacrilegam
584 1171 865 1228 nuncupavit.
891 1173 947 1214 Et
961 1180 1106 1215 tamen
1123 1173 1156 1215 si
1176 1173 1319 1216 anima
1336 1173 1419 1216 uti-

27 1250 113 1294 que
138 1235 365 1279 voluntate
387 1247 597 1291 correcta,
623 1239 738 1283 hanc
757 1242 1049 1299 appetentiam
1071 1243 1262 1300 corporis
1286 1242 1422 1286 refre-

27 1314 183 1360 nasset,
203 1306 370 1365 inipso,
397 1316 444 1351 ut
462 1308 536 1362 ait,
553 1318 703 1352 exortu
731 1312 921 1354 extincta
948 1321 1057 1354 esset
1078 1312 1197 1369 origo
1220 1313 1386 1371 peccati
1406 1331 1415 1356 :

28 1376 98 1420 sed
121 1377 326 1437 quoniam
358 1393 445 1421 non
482 1393 673 1436 represso
703 1381 898 1438 appetitu
921 1380 1059 1425 illiciti
1088 1382 1197 1435 cibi,
1225 1382 1280 1425 ad
1318 1397 1420 1441 pec-

28 1447 110 1491 cati
142 1448 557 1502 consummationem
584 1459 844 1508 perventum
881 1460 970 1507 est3
1007 1467 1097 1494 non
1130 1452 1320 1495 extincta
1356 1461 1421 1494 est

28 1517 148 1576 origo
169 1517 348 1576 peccati,
371 1518 446 1561 sed
465 1518 594 1562 etiam
616 1520 808 1562 manavit
829 1519 874 1562 in
896 1529 1090 1578 posteros
1119 1540 1127 1564 z
1149 1530 1190 1564 et
1215 1531 1334 1565 tanta
1358 1531 1422 1564 est

29 1587 166 1632 carnis
186 1597 229 1631 et
250 1587 425 1646 spiritus
441 1587 648 1633 dissensio
665 1590 915 1644 subsecuta,
941 1599 990 1634 ut
1005 1591 1049 1634 in
1072 1600 1290 1645 naturam,
1311 1592 1423 1635 sicut

29 1657 144 1700 idem
172 1656 325 1702 doctor
354 1656 437 1701 alio
467 1657 564 1702 loco
596 1659 727 1713 dicit,
760 1674 836 1718 per
863 1661 1262 1718 praevaricationem
1295 1661 1422 1720 primi

29 1727 215 1771 hominis
236 1730 521 1772 verteretur1.

89 1796 174 1841 Sed
195 1807 243 1840 tu
272 1797 476 1842 adversus
497 1798 613 1851 haec,
646 1817 665 1839 «
695 1797 937 1841 naturalem
975 1813 1064 1842 esse.
1094 1799 1290 1842 omnium
1319 1815 1420 1843 sen-

31 1880 156 1910 suum
177 1866 448 1926 voluptatem
472 1867 719 1910 testimonio
742 1868 1032 1911 universitatis
1058 1867 1213 1911 docere
1238 1877 1280 1912 te
1306 1887 1325 1908 »
1352 1869 1422 1912 di-

33 1937 92 1982 cis
116 1955 126 1981 t
150 1937 272 1997 quasi
295 1953 384 1981 non
405 1946 550 1997 posset
574 1938 617 1981 in
641 1953 843 1996 corpore,
871 1953 959 1981 non
988 1938 1138 1982 mortis
1171 1940 1322 1999 hujus,
1348 1939 1423 1983 sed

33 2007 133 2052 vitae
155 2008 293 2062 illius,
330 2009 388 2052 ita
420 2022 509 2051 esse
545 2007 741 2051 omnium
781 2023 986 2052 sensuum
1019 2008 1221 2066 voluptas
1257 2018 1425 2053 naturae

34 2077 254 2122 sufficiens
275 2087 326 2121 ut
346 2093 516 2122 summa
537 2078 582 2121 in
599 2079 700 2137 jura
721 2079 893 2122 virtutis
917 2078 1048 2122 animi
1070 2079 1297 2139 carnisque
1320 2095 1426 2124 con-

34 2145 202 2202 cordia,
228 2146 348 2191 nulla
382 2148 794 2205 concupiscerentur
822 2146 987 2191 illicita.
1020 2149 1057 2192 O
1083 2164 1212 2208 quam
1237 2149 1426 2192 multum

37 2232 150 2261 erras
171 2218 247 2277 qui
269 2233 319 2260 ex
339 2218 435 2270 ista,
460 2233 560 2276 quae
577 2233 695 2261 nunc
711 2227 773 2261 est
787 2253 796 2267 ,
824 2217 1188 2276 corruptibilitate
1205 2228 1335 2279 atque
1357 2220 1429 2263 in-

37 2287 242 2331 firmitate
258 2296 427 2330 naturae
445 2297 613 2331 sanctas
630 2287 815 2345 paradisi
837 2286 1012 2331 delicias
1034 2298 1164 2348 atque
1186 2288 1306 2333 illam
1326 2290 1428 2333 bea-

35 2356 266 2401 titudinem
288 2357 499 2415 conjicis?
530 2355 622 2400 Alia
641 2366 731 2400 erat
757 2357 831 2400 illa
848 2358 1174 2411 immortalitas,
1197 2359 1272 2402 ubi
1297 2360 1429 2403 homo

39 2436 207 2485 poterat
221 2442 307 2471 non
322 2428 430 2470 mori
449 2427 551 2472 :alia
570 2437 633 2471 est
646 2429 723 2471 ista
741 2428 995 2482 mortalitas,
1009 2429 1085 2473 ubi
1104 2430 1237 2473 homo
1252 2445 1340 2473 non
1359 2445 1431 2489 po-

41 2503 124 2541 test
146 2497 226 2541 nisi
249 2497 360 2542 mori
387 2517 395 2541 2
422 2496 503 2541 alia
533 2498 612 2541 erit
641 2513 807 2541 summa
837 2498 1159 2549 immortalitaS,
1192 2500 1268 2542 ubi
1301 2500 1434 2544 homo

91 2586 99 2602 ¹
121 2579 267 2613 ambros.
288 2579 341 2613 lib.
362 2591 406 2613 vn
427 2580 459 2612 in
478 2581 554 2612 Luc.
577 2592 608 2611 n.
636 2580 706 2621 1341.

1176 2634 1236 2673 16.
