<?xml version="1.0" encoding="UTF-8"?>
<!DOCTYPE html PUBLIC "-//W3C//DTD XHTML 1.0 Transitional//EN"
    "http://www.w3.org/TR/xhtml1/DTD/xhtml1-transitional.dtd">
<html xmlns="http://www.w3.org/1999/xhtml" xml:lang="en" lang="en">
 <head>
  <title>
</title>
<meta http-equiv="Content-Type" content="text/html;charset=utf-8" />
  <meta name='ocr-system' content='tesseract 3.04.00' />
  <meta name='ocr-capabilities' content='ocr_page ocr_carea ocr_par ocr_line ocrx_word'/>
</head>
<body>
  <div class='ocr_page' id='page_1' title='image "./operaomniaaccura36auguuoft/operaomniaaccura36auguuoft_0253.png"; bbox 0 0 1821 3264; ppageno 0'>
   <div class='ocr_carea' id='block_1_1' title="bbox 266 196 1422 263">
    <p class='ocr_par' dir='ltr' id='par_1_1' title="bbox 266 196 1422 263">
     <span class='ocr_line' id='line_1_1' title="bbox 266 196 1422 263; baseline -0.024 -1"><span class='ocrx_word' id='word_1_1' title='bbox 266 231 410 263; x_wconf 81' lang='lat' dir='ltr'>OPERIS</span> <span class='ocrx_word' id='word_1_2' title='bbox 441 227 617 257; x_wconf 72' lang='lat' dir='ltr'>IMPERF.</span> <span class='ocrx_word' id='word_1_3' title='bbox 651 219 815 250; x_wconf 70' lang='lat' dir='ltr'>CONTRA</span> <span class='ocrx_word' id='word_1_4' title='bbox 847 216 1015 247; x_wconf 76' lang='lat' dir='ltr'><strong>JULIAN.</strong></span> <span class='ocrx_word' id='word_1_5' title='bbox 1052 215 1133 241; x_wconf 87' lang='lat' dir='ltr'><strong>LIB·</strong></span> <span class='ocrx_word' id='word_1_6' title='bbox 1171 214 1199 239; x_wconf 88' lang='lat'>1.</span> <span class='ocrx_word' id='word_1_7' title='bbox 1341 196 1422 236; x_wconf 82' lang='grc'>183</span> 
     </span>
    </p>
   </div>
   <div class='ocr_carea' id='block_1_2' title="bbox 21 277 1446 1129">
    <p class='ocr_par' dir='ltr' id='par_1_2' title="bbox 47 277 1426 437">
     <span class='ocr_line' id='line_1_2' title="bbox 48 277 1426 355; baseline -0.025 -4"><span class='ocrx_word' id='word_1_8' title='bbox 48 303 158 352; x_wconf 88' lang='lat' dir='ltr'>fellit</span> <span class='ocrx_word' id='word_1_9' title='bbox 182 321 192 348; x_wconf 90' lang='lat'><strong>:</strong></span> <span class='ocrx_word' id='word_1_10' title='bbox 217 313 289 346; x_wconf 88' lang='lat' dir='ltr'>eos</span> <span class='ocrx_word' id='word_1_11' title='bbox 310 309 499 355; x_wconf 88' lang='lat' dir='ltr'>namque</span> <span class='ocrx_word' id='word_1_12' title='bbox 518 292 652 337; x_wconf 87' lang='lat' dir='ltr'>libros</span> <span class='ocrx_word' id='word_1_13' title='bbox 671 297 770 333; x_wconf 86' lang='lat' dir='ltr'>tuos</span> <span class='ocrx_word' id='word_1_14' title='bbox 790 283 897 330; x_wconf 85' lang='lat' dir='ltr'>tales</span> <span class='ocrx_word' id='word_1_15' title='bbox 912 280 1082 335; x_wconf 84' lang='lat' dir='ltr'>inveni,</span> <span class='ocrx_word' id='word_1_16' title='bbox 1100 293 1201 323; x_wconf 85' lang='lat' dir='ltr'>cum</span> <span class='ocrx_word' id='word_1_17' title='bbox 1218 277 1426 336; x_wconf 86' lang='lat' dir='ltr'>legerem,</span> 
     </span>
     <span class='ocr_line' id='line_1_3' title="bbox 47 352 1179 437; baseline -0.025 -17"><span class='ocrx_word' id='word_1_18' title='bbox 47 373 195 437; x_wconf 89' lang='lat' dir='ltr'>quales</span> <span class='ocrx_word' id='word_1_19' title='bbox 217 377 576 431; x_wconf 74' lang='lat' dir='ltr'><strong>praesumpseram</strong></span> <span class='ocrx_word' id='word_1_20' title='bbox 599 374 688 405; x_wconf 91' lang='lat' dir='ltr'>esse</span> <span class='ocrx_word' id='word_1_21' title='bbox 709 365 943 416; x_wconf 80' lang='lat' dir='ltr'><strong>antequam</strong></span> <span class='ocrx_word' id='word_1_22' title='bbox 963 352 1179 411; x_wconf 57' lang='lat' dir='ltr'>legerem„</span> 
     </span>
    </p>

    <p class='ocr_par' dir='ltr' id='par_1_3' title="bbox 21 417 1439 854">
     <span class='ocr_line' id='line_1_4' title="bbox 106 417 1430 491; baseline -0.025 0"><span class='ocrx_word' id='word_1_23' title='bbox 106 445 273 491; x_wconf 87' lang='lat' dir='ltr'><strong>XVIII.</strong></span> <span class='ocrx_word' id='word_1_24' title='bbox 299 442 525 484; x_wconf 66' lang='lat' dir='ltr'>Jummcs.</span> <span class='ocrx_word' id='word_1_25' title='bbox 549 430 711 477; x_wconf 92' lang='lat' dir='ltr'>«Facit</span> <span class='ocrx_word' id='word_1_26' title='bbox 732 440 908 488; x_wconf 92' lang='lat' dir='ltr'>quoque</span> <span class='ocrx_word' id='word_1_27' title='bbox 930 422 1123 483; x_wconf 84' lang='lat' dir='ltr'>epistolae</span> <span class='ocrx_word' id='word_1_28' title='bbox 1144 417 1430 470; x_wconf 81' lang='lat' dir='ltr'>mentionem,</span> 
     </span>
     <span class='ocr_line' id='line_1_5' title="bbox 50 487 1434 578; baseline -0.025 -15"><span class='ocrx_word' id='word_1_29' title='bbox 50 530 180 578; x_wconf 90' lang='lat' dir='ltr'>quam</span> <span class='ocrx_word' id='word_1_30' title='bbox 211 529 236 558; x_wconf 89' lang='lat' dir='ltr'>a</span> <span class='ocrx_word' id='word_1_31' title='bbox 263 526 334 556; x_wconf 91' lang='lat' dir='ltr'>me</span> <span class='ocrx_word' id='word_1_32' title='bbox 361 510 420 554; x_wconf 88' lang='lat' dir='ltr'>ait</span> <span class='ocrx_word' id='word_1_33' title='bbox 443 511 626 552; x_wconf 85' lang='lat' dir='ltr'>Romam</span> <span class='ocrx_word' id='word_1_34' title='bbox 658 500 787 546; x_wconf 71' lang='lat' dir='ltr'>tuisse</span> <span class='ocrx_word' id='word_1_35' title='bbox 815 497 1057 550; x_wconf 71' lang='lat' dir='ltr'>directam,</span> <span class='ocrx_word' id='word_1_36' title='bbox 1086 491 1161 536; x_wconf 89' lang='lat' dir='ltr'>sed</span> <span class='ocrx_word' id='word_1_37' title='bbox 1190 503 1268 549; x_wconf 88' lang='lat' dir='ltr'>per</span> <span class='ocrx_word' id='word_1_38' title='bbox 1299 487 1434 533; x_wconf 86' lang='lat' dir='ltr'>verba</span> 
     </span>
     <span class='ocr_line' id='line_1_6' title="bbox 21 564 1435 649; baseline -0.025 -14"><span class='ocrx_word' id='word_1_39' title='bbox 21 611 24 615; x_wconf 56' lang='grc'>’</span> <span class='ocrx_word' id='word_1_40' title='bbox 49 603 148 649; x_wconf 83' lang='lat' dir='ltr'>quae</span> <span class='ocrx_word' id='word_1_41' title='bbox 164 583 325 646; x_wconf 83' lang='lat' dir='ltr'>posuit,</span> <span class='ocrx_word' id='word_1_42' title='bbox 342 577 617 639; x_wconf 82' lang='lat' dir='ltr'>nequivimus</span> <span class='ocrx_word' id='word_1_43' title='bbox 640 587 729 633; x_wconf 90' lang='lat' dir='ltr'>quo</span> <span class='ocrx_word' id='word_1_44' title='bbox 746 570 801 614; x_wconf 93' lang='lat' dir='ltr'>de</span> <span class='ocrx_word' id='word_1_45' title='bbox 821 568 981 626; x_wconf 85' lang='lat' dir='ltr'>scripto</span> <span class='ocrx_word' id='word_1_46' title='bbox 998 564 1268 623; x_wconf 85' lang='lat' dir='ltr'>loqueretur,</span> <span class='ocrx_word' id='word_1_47' title='bbox 1280 572 1435 617; x_wconf 88' lang='lat' dir='ltr'>agnos-</span> 
     </span>
     <span class='ocr_line' id='line_1_7' title="bbox 49 628 1436 704; baseline -0.025 0"><span class='ocrx_word' id='word_1_48' title='bbox 49 673 160 704; x_wconf 88' lang='lat' dir='ltr'>cere.</span> <span class='ocrx_word' id='word_1_49' title='bbox 193 658 303 702; x_wconf 88' lang='lat' dir='ltr'>Nam</span> <span class='ocrx_word' id='word_1_50' title='bbox 334 651 389 696; x_wconf 89' lang='lat' dir='ltr'>ad</span> <span class='ocrx_word' id='word_1_51' title='bbox 417 650 633 696; x_wconf 89' lang='lat' dir='ltr'>Zosimum</span> <span class='ocrx_word' id='word_1_52' title='bbox 661 640 882 703; x_wconf 89' lang='lat' dir='ltr'>quondam</span> <span class='ocrx_word' id='word_1_53' title='bbox 912 636 1028 682; x_wconf 90' lang='lat' dir='ltr'>illius</span> <span class='ocrx_word' id='word_1_54' title='bbox 1055 631 1239 678; x_wconf 86' lang='lat' dir='ltr'>civitatis</span> <span class='ocrx_word' id='word_1_55' title='bbox 1266 628 1436 689; x_wconf 89' lang='lat' dir='ltr'>episco-</span> 
     </span>
     <span class='ocr_line' id='line_1_8' title="bbox 51 700 1439 790; baseline -0.024 -15"><span class='ocrx_word' id='word_1_56' title='bbox 51 744 155 790; x_wconf 89' lang='lat' dir='ltr'>pum</span> <span class='ocrx_word' id='word_1_57' title='bbox 177 741 307 786; x_wconf 89' lang='lat' dir='ltr'>super</span> <span class='ocrx_word' id='word_1_58' title='bbox 328 725 394 769; x_wconf 90' lang='lat' dir='ltr'>his</span> <span class='ocrx_word' id='word_1_59' title='bbox 419 716 732 783; x_wconf 76' lang='lat' dir='ltr'>quaestionibus</span> <span class='ocrx_word' id='word_1_60' title='bbox 756 713 864 756; x_wconf 84' lang='lat' dir='ltr'>duas</span> <span class='ocrx_word' id='word_1_61' title='bbox 887 705 1088 768; x_wconf 81' lang='lat' dir='ltr'>epistolas</span> <span class='ocrx_word' id='word_1_62' title='bbox 1110 700 1346 758; x_wconf 65' lang='lat' dir='ltr'>destinavi,</span> <span class='ocrx_word' id='word_1_63' title='bbox 1363 714 1439 745; x_wconf 89' lang='lat' dir='ltr'>ve·-</span> 
     </span>
     <span class='ocr_line' id='line_1_9' title="bbox 51 782 1436 854; baseline -0.025 -8"><span class='ocrx_word' id='word_1_64' title='bbox 51 816 147 846; x_wconf 90' lang='lat' dir='ltr'>rum</span> <span class='ocrx_word' id='word_1_65' title='bbox 170 813 221 843; x_wconf 90' lang='lat' dir='ltr'>eo</span> <span class='ocrx_word' id='word_1_66' title='bbox 249 807 445 854; x_wconf 89' lang='lat' dir='ltr'>tempore</span> <span class='ocrx_word' id='word_1_67' title='bbox 462 827 472 847; x_wconf 92' lang='lat'>,</span> <span class='ocrx_word' id='word_1_68' title='bbox 498 804 587 850; x_wconf 88' lang='lat' dir='ltr'>quo</span> <span class='ocrx_word' id='word_1_69' title='bbox 610 786 754 831; x_wconf 90' lang='lat' dir='ltr'>adhuc</span> <span class='ocrx_word' id='word_1_70' title='bbox 778 782 911 827; x_wconf 88' lang='lat' dir='ltr'>libros</span> <span class='ocrx_word' id='word_1_71' title='bbox 934 792 1111 823; x_wconf 86' lang='lat' dir='ltr'>exorsus</span> <span class='ocrx_word' id='word_1_72' title='bbox 1131 789 1220 818; x_wconf 91' lang='lat' dir='ltr'>non</span> <span class='ocrx_word' id='word_1_73' title='bbox 1244 786 1376 816; x_wconf 87' lang='lat' dir='ltr'>eram.</span> <span class='ocrx_word' id='word_1_74' title='bbox 1415 788 1436 811; x_wconf 89' lang='lat'>»</span> 
     </span>
    </p>

    <p class='ocr_par' dir='ltr' id='par_1_4' title="bbox 52 839 1446 1129">
     <span class='ocr_line' id='line_1_10' title="bbox 110 839 1443 919; baseline -0.023 -4"><span class='ocrx_word' id='word_1_75' title='bbox 110 875 396 915; x_wconf 67' lang='lat' dir='ltr'>AUGtsTth&#39;s.</span> <span class='ocrx_word' id='word_1_76' title='bbox 424 864 529 908; x_wconf 81' lang='lat' dir='ltr'>Haec</span> <span class='ocrx_word' id='word_1_77' title='bbox 552 855 732 919; x_wconf 90' lang='lat' dir='ltr'>epistola</span> <span class='ocrx_word' id='word_1_78' title='bbox 757 869 847 898; x_wconf 90' lang='lat' dir='ltr'>non</span> <span class='ocrx_word' id='word_1_79' title='bbox 870 861 934 896; x_wconf 87' lang='lat' dir='ltr'>est</span> <span class='ocrx_word' id='word_1_80' title='bbox 955 848 1011 894; x_wconf 84' lang='lat' dir='ltr'>ad</span> <span class='ocrx_word' id='word_1_81' title='bbox 1036 847 1252 892; x_wconf 90' lang='lat' dir='ltr'>Zosimum</span> <span class='ocrx_word' id='word_1_82' title='bbox 1269 840 1370 889; x_wconf 86' lang='lat' dir='ltr'>:sed</span> <span class='ocrx_word' id='word_1_83' title='bbox 1387 839 1443 885; x_wconf 88' lang='lat' dir='ltr'>ad</span> 
     </span>
     <span class='ocr_line' id='line_1_11' title="bbox 52 912 1440 992; baseline -0.024 -4"><span class='ocrx_word' id='word_1_84' title='bbox 52 957 123 988; x_wconf 91' lang='lat' dir='ltr'>eos</span> <span class='ocrx_word' id='word_1_85' title='bbox 148 936 419 986; x_wconf 89' lang='lat' dir='ltr'>seducendos</span> <span class='ocrx_word' id='word_1_86' title='bbox 439 969 450 989; x_wconf 92' lang='lat'>,</span> <span class='ocrx_word' id='word_1_87' title='bbox 477 932 553 992; x_wconf 92' lang='lat' dir='ltr'>qui</span> <span class='ocrx_word' id='word_1_88' title='bbox 586 933 736 975; x_wconf 85' lang='lat' dir='ltr'>Romae</span> <span class='ocrx_word' id='word_1_89' title='bbox 758 932 933 985; x_wconf 80' lang='lat' dir='ltr'>possent</span> <span class='ocrx_word' id='word_1_90' title='bbox 955 919 1031 966; x_wconf 88' lang='lat' dir='ltr'>tali</span> <span class='ocrx_word' id='word_1_91' title='bbox 1055 917 1254 962; x_wconf 86' lang='lat' dir='ltr'>suasione</span> <span class='ocrx_word' id='word_1_92' title='bbox 1276 912 1440 958; x_wconf 89' lang='lat' dir='ltr'>seduci.</span> 
     </span>
     <span class='ocr_line' id='line_1_12' title="bbox 56 980 1445 1062; baseline -0.025 -3"><span class='ocrx_word' id='word_1_93' title='bbox 56 1012 141 1060; x_wconf 87' lang='lat' dir='ltr'>Sed</span> <span class='ocrx_word' id='word_1_94' title='bbox 159 1012 193 1055; x_wconf 92' lang='lat' dir='ltr'>si</span> <span class='ocrx_word' id='word_1_95' title='bbox 212 1024 307 1054; x_wconf 90' lang='lat' dir='ltr'>eam</span> <span class='ocrx_word' id='word_1_96' title='bbox 329 1022 419 1052; x_wconf 90' lang='lat' dir='ltr'>non</span> <span class='ocrx_word' id='word_1_97' title='bbox 442 1002 660 1062; x_wconf 70' lang='lat' dir='ltr'>agnoscis,</span> <span class='ocrx_word' id='word_1_98' title='bbox 685 1012 801 1051; x_wconf 91' lang='lat' dir='ltr'>ecce,</span> <span class='ocrx_word' id='word_1_99' title='bbox 826 1009 914 1038; x_wconf 85' lang='lat' dir='ltr'>non</span> <span class='ocrx_word' id='word_1_100' title='bbox 937 993 989 1036; x_wconf 87' lang='lat' dir='ltr'>sit</span> <span class='ocrx_word' id='word_1_101' title='bbox 1011 1000 1100 1034; x_wconf 90' lang='lat' dir='ltr'>tua.</span> <span class='ocrx_word' id='word_1_102' title='bbox 1126 987 1300 1032; x_wconf 87' lang='lat' dir='ltr'>Utinam</span> <span class='ocrx_word' id='word_1_103' title='bbox 1322 992 1366 1027; x_wconf 85' lang='lat' dir='ltr'>et</span> <span class='ocrx_word' id='word_1_104' title='bbox 1381 980 1445 1025; x_wconf 88' lang='lat' dir='ltr'>illi</span> 
     </span>
     <span class='ocr_line' id='line_1_13' title="bbox 53 1058 1446 1129; baseline -0.023 0"><span class='ocrx_word' id='word_1_105' title='bbox 53 1084 153 1129; x_wconf 84' lang='lat' dir='ltr'>libri</span> <span class='ocrx_word' id='word_1_106' title='bbox 170 1096 260 1126; x_wconf 88' lang='lat' dir='ltr'>non</span> <span class='ocrx_word' id='word_1_107' title='bbox 284 1086 429 1124; x_wconf 86' lang='lat' dir='ltr'>essent</span> <span class='ocrx_word' id='word_1_108' title='bbox 449 1076 530 1129; x_wconf 86' lang='lat' dir='ltr'>tui,</span> <span class='ocrx_word' id='word_1_109' title='bbox 556 1071 630 1117; x_wconf 88' lang='lat' dir='ltr'>sed</span> <span class='ocrx_word' id='word_1_110' title='bbox 654 1068 781 1114; x_wconf 88' lang='lat' dir='ltr'>alieni</span> <span class='ocrx_word' id='word_1_111' title='bbox 804 1087 812 1112; x_wconf 74' lang='lat'>2</span> <span class='ocrx_word' id='word_1_112' title='bbox 836 1081 890 1110; x_wconf 86' lang='lat' dir='ltr'>ne</span> <span class='ocrx_word' id='word_1_113' title='bbox 912 1079 988 1123; x_wconf 90' lang='lat' dir='ltr'>per</span> <span class='ocrx_word' id='word_1_114' title='bbox 1011 1076 1083 1107; x_wconf 89' lang='lat' dir='ltr'>eos</span> <span class='ocrx_word' id='word_1_115' title='bbox 1103 1070 1153 1104; x_wconf 92' lang='lat' dir='ltr'>tu</span> <span class='ocrx_word' id='word_1_116' title='bbox 1175 1058 1304 1115; x_wconf 88' lang='lat' dir='ltr'>longe</span> <span class='ocrx_word' id='word_1_117' title='bbox 1325 1070 1349 1099; x_wconf 93' lang='lat' dir='ltr'>a</span> <span class='ocrx_word' id='word_1_118' title='bbox 1369 1068 1446 1100; x_wconf 91' lang='lat' dir='ltr'>ve-</span> 
     </span>
    </p>
   </div>
   <div class='ocr_carea' id='block_1_3' title="bbox 30 1147 1479 2626">
    <p class='ocr_par' dir='ltr' id='par_1_5' title="bbox 55 1147 526 1200">
     <span class='ocr_line' id='line_1_14' title="bbox 55 1147 526 1200; baseline -0.025 0"><span class='ocrx_word' id='word_1_119' title='bbox 55 1155 180 1200; x_wconf 87' lang='lat' dir='ltr'>ritate</span> <span class='ocrx_word' id='word_1_120' title='bbox 202 1153 325 1195; x_wconf 87' lang='lat' dir='ltr'>fieres</span> <span class='ocrx_word' id='word_1_121' title='bbox 346 1147 526 1193; x_wconf 88' lang='lat' dir='ltr'>alienus.</span> 
     </span>
    </p>

    <p class='ocr_par' dir='ltr' id='par_1_6' title="bbox 30 1199 1479 2626">
     <span class='ocr_line' id='line_1_15' title="bbox 112 1199 1450 1269; baseline -0.023 0"><span class='ocrx_word' id='word_1_122' title='bbox 112 1226 235 1269; x_wconf 83' lang='lat' dir='ltr'><strong>XIX.</strong></span> <span class='ocrx_word' id='word_1_123' title='bbox 259 1224 284 1266; x_wconf 87' lang='lat' dir='ltr'>J</span> <span class='ocrx_word' id='word_1_124' title='bbox 288 1236 487 1264; x_wconf 70' lang='lat' dir='ltr'>mmm-s.</span> <span class='ocrx_word' id='word_1_125' title='bbox 510 1235 529 1258; x_wconf 93' lang='lat'>«</span> <span class='ocrx_word' id='word_1_126' title='bbox 551 1218 685 1259; x_wconf 89' lang='lat' dir='ltr'>Porro</span> <span class='ocrx_word' id='word_1_127' title='bbox 699 1218 847 1254; x_wconf 88' lang='lat' dir='ltr'>utatur</span> <span class='ocrx_word' id='word_1_128' title='bbox 865 1204 1027 1250; x_wconf 89' lang='lat' dir='ltr'>indicio</span> <span class='ocrx_word' id='word_1_129' title='bbox 1044 1199 1253 1262; x_wconf 86' lang='lat' dir='ltr'>epistolae,</span> <span class='ocrx_word' id='word_1_130' title='bbox 1273 1211 1360 1259; x_wconf 89' lang='lat' dir='ltr'>qua</span> <span class='ocrx_word' id='word_1_131' title='bbox 1374 1203 1450 1240; x_wconf 88' lang='lat' dir='ltr'>aut</span> 
     </span>
     <span class='ocr_line' id='line_1_16' title="bbox 30 1266 1451 1354; baseline -0.023 -12"><span class='ocrx_word' id='word_1_132' title='bbox 30 1301 34 1303; x_wconf 82' lang='grc'><strong>’</strong></span> <span class='ocrx_word' id='word_1_133' title='bbox 57 1296 239 1354; x_wconf 86' lang='lat' dir='ltr'>accepit,</span> <span class='ocrx_word' id='word_1_134' title='bbox 271 1300 348 1336; x_wconf 90' lang='lat' dir='ltr'>aut</span> <span class='ocrx_word' id='word_1_135' title='bbox 373 1289 498 1333; x_wconf 84' lang='lat' dir='ltr'>finxit</span> <span class='ocrx_word' id='word_1_136' title='bbox 522 1301 592 1329; x_wconf 90' lang='lat' dir='ltr'>me</span> <span class='ocrx_word' id='word_1_137' title='bbox 621 1281 943 1341; x_wconf 85' lang='lat' dir='ltr'>responsionem</span> <span class='ocrx_word' id='word_1_138' title='bbox 972 1283 1123 1320; x_wconf 86' lang='lat' dir='ltr'>contra</span> <span class='ocrx_word' id='word_1_139' title='bbox 1151 1284 1288 1315; x_wconf 91' lang='lat' dir='ltr'>novos</span> <span class='ocrx_word' id='word_1_140' title='bbox 1307 1266 1451 1312; x_wconf 88' lang='lat' dir='ltr'>Mani-</span> 
     </span>
     <span class='ocr_line' id='line_1_17' title="bbox 58 1336 1452 1423; baseline -0.024 -11"><span class='ocrx_word' id='word_1_141' title='bbox 58 1368 215 1419; x_wconf 85' lang='lat' dir='ltr'>chaeos,</span> <span class='ocrx_word' id='word_1_142' title='bbox 237 1362 357 1423; x_wconf 87' lang='lat' dir='ltr'>(quia</span> <span class='ocrx_word' id='word_1_143' title='bbox 380 1368 503 1404; x_wconf 89' lang='lat' dir='ltr'>vetus</span> <span class='ocrx_word' id='word_1_144' title='bbox 522 1354 785 1413; x_wconf 83' lang='lat' dir='ltr'>dedignatur</span> <span class='ocrx_word' id='word_1_145' title='bbox 806 1349 978 1404; x_wconf 84' lang='lat' dir='ltr'>videri),</span> <span class='ocrx_word' id='word_1_146' title='bbox 1004 1353 1193 1405; x_wconf 88' lang='lat' dir='ltr'>quatuor</span> <span class='ocrx_word' id='word_1_147' title='bbox 1215 1336 1452 1385; x_wconf 89' lang='lat' dir='ltr'>volumini-</span> 
     </span>
     <span class='ocr_line' id='line_1_18' title="bbox 59 1407 1453 1494; baseline -0.023 -12"><span class='ocrx_word' id='word_1_148' title='bbox 59 1440 142 1482; x_wconf 90' lang='lat' dir='ltr'>bus</span> <span class='ocrx_word' id='word_1_149' title='bbox 164 1433 396 1494; x_wconf 85' lang='lat' dir='ltr'>explicasse</span> <span class='ocrx_word' id='word_1_150' title='bbox 418 1451 427 1476; x_wconf 85' lang='lat'>:</span> <span class='ocrx_word' id='word_1_151' title='bbox 456 1443 535 1473; x_wconf 89' lang='lat' dir='ltr'>cur</span> <span class='ocrx_word' id='word_1_152' title='bbox 556 1441 646 1471; x_wconf 91' lang='lat' dir='ltr'>non</span> <span class='ocrx_word' id='word_1_153' title='bbox 667 1423 836 1469; x_wconf 85' lang='lat' dir='ltr'>curavit</span> <span class='ocrx_word' id='word_1_154' title='bbox 858 1435 907 1463; x_wconf 82' lang='lat' dir='ltr'>ea</span> <span class='ocrx_word' id='word_1_155' title='bbox 929 1433 1028 1477; x_wconf 83' lang='lat' dir='ltr'>quae</span> <span class='ocrx_word' id='word_1_156' title='bbox 1048 1412 1354 1475; x_wconf 82' lang='lat' dir='ltr'>objecissemus</span> <span class='ocrx_word' id='word_1_157' title='bbox 1373 1407 1453 1451; x_wconf 82' lang='lat' dir='ltr'>ad.-</span> 
     </span>
     <span class='ocr_line' id='line_1_19' title="bbox 59 1492 1455 1554; baseline -0.023 -1"><span class='ocrx_word' id='word_1_158' title='bbox 59 1507 257 1553; x_wconf 77' lang='lat' dir='ltr'>discere?</span> <span class='ocrx_word' id='word_1_159' title='bbox 289 1507 379 1550; x_wconf 87' lang='lat' dir='ltr'>Cur</span> <span class='ocrx_word' id='word_1_160' title='bbox 415 1516 506 1546; x_wconf 89' lang='lat' dir='ltr'>non</span> <span class='ocrx_word' id='word_1_161' title='bbox 541 1496 709 1543; x_wconf 85' lang='lat' dir='ltr'>studuit</span> <span class='ocrx_word' id='word_1_162' title='bbox 745 1493 821 1554; x_wconf 87' lang='lat' dir='ltr'>qui</span> <span class='ocrx_word' id='word_1_163' title='bbox 853 1504 954 1535; x_wconf 88' lang='lat' dir='ltr'>cum</span> <span class='ocrx_word' id='word_1_164' title='bbox 997 1494 1106 1531; x_wconf 86' lang='lat' dir='ltr'>esset</span> <span class='ocrx_word' id='word_1_165' title='bbox 1148 1492 1455 1540; x_wconf 85' lang='lat' dir='ltr'>congressurus</span> 
     </span>
     <span class='ocr_line' id='line_1_20' title="bbox 61 1554 1455 1638; baseline -0.024 -13"><span class='ocrx_word' id='word_1_166' title='bbox 61 1578 319 1638; x_wconf 79' lang='lat' dir='ltr'>agnoscere?</span> <span class='ocrx_word' id='word_1_167' title='bbox 341 1573 417 1619; x_wconf 91' lang='lat' dir='ltr'>sed</span> <span class='ocrx_word' id='word_1_168' title='bbox 438 1572 614 1616; x_wconf 84' lang='lat' dir='ltr'>levitate</span> <span class='ocrx_word' id='word_1_169' title='bbox 637 1564 883 1625; x_wconf 88' lang='lat' dir='ltr'>turpissima</span> <span class='ocrx_word' id='word_1_170' title='bbox 906 1559 1148 1610; x_wconf 84' lang='lat' dir='ltr'>concitatus</span> <span class='ocrx_word' id='word_1_171' title='bbox 1169 1554 1213 1598; x_wconf 88' lang='lat' dir='ltr'>in</span> <span class='ocrx_word' id='word_1_172' title='bbox 1235 1559 1455 1597; x_wconf 87' lang='lat' dir='ltr'>certamen</span> 
     </span>
     <span class='ocr_line' id='line_1_21' title="bbox 60 1630 1454 1694; baseline -0.024 2"><span class='ocrx_word' id='word_1_173' title='bbox 60 1650 294 1694; x_wconf 81' lang='lat' dir='ltr'>maximum</span> <span class='ocrx_word' id='word_1_174' title='bbox 319 1642 560 1690; x_wconf 86' lang='lat' dir='ltr'>luminibus</span> <span class='ocrx_word' id='word_1_175' title='bbox 581 1636 805 1690; x_wconf 90' lang='lat' dir='ltr'>involutis,</span> <span class='ocrx_word' id='word_1_176' title='bbox 833 1630 1158 1678; x_wconf 77' lang='lat' dir='ltr'>Andabatarurn</span> <span class='ocrx_word' id='word_1_177' title='bbox 1183 1638 1303 1668; x_wconf 92' lang='lat' dir='ltr'>more</span> <span class='ocrx_word' id='word_1_178' title='bbox 1318 1657 1329 1678; x_wconf 95' lang='lat'>,</span> <span class='ocrx_word' id='word_1_179' title='bbox 1351 1635 1454 1679; x_wconf 86' lang='lat' dir='ltr'>pro·-</span> 
     </span>
     <span class='ocr_line' id='line_1_22' title="bbox 61 1689 1457 1772; baseline -0.023 -6"><span class='ocrx_word' id='word_1_180' title='bbox 61 1721 201 1766; x_wconf 90' lang='lat' dir='ltr'>cessit.</span> <span class='ocrx_word' id='word_1_181' title='bbox 228 1717 358 1772; x_wconf 86' lang='lat' dir='ltr'>Quod</span> <span class='ocrx_word' id='word_1_182' title='bbox 381 1714 546 1760; x_wconf 89' lang='lat' dir='ltr'>factum</span> <span class='ocrx_word' id='word_1_183' title='bbox 573 1706 785 1769; x_wconf 81' lang='lat' dir='ltr'>ejusmodi</span> <span class='ocrx_word' id='word_1_184' title='bbox 804 1703 1064 1762; x_wconf 83' lang='lat' dir='ltr'>allegatione</span> <span class='ocrx_word' id='word_1_185' title='bbox 1083 1695 1298 1749; x_wconf 82' lang='lat' dir='ltr'>defendit,</span> <span class='ocrx_word' id='word_1_186' title='bbox 1318 1701 1369 1737; x_wconf 89' lang='lat' dir='ltr'>ut</span> <span class='ocrx_word' id='word_1_187' title='bbox 1389 1689 1457 1735; x_wconf 93' lang='lat' dir='ltr'>di-</span> 
     </span>
     <span class='ocr_line' id='line_1_23' title="bbox 63 1764 1457 1849; baseline -0.024 -12"><span class='ocrx_word' id='word_1_188' title='bbox 63 1801 132 1838; x_wconf 88' lang='lat' dir='ltr'>cat</span> <span class='ocrx_word' id='word_1_189' title='bbox 150 1806 192 1835; x_wconf 87' lang='lat' dir='ltr'>se</span> <span class='ocrx_word' id='word_1_190' title='bbox 208 1786 384 1849; x_wconf 88' lang='lat' dir='ltr'>patroni</span> <span class='ocrx_word' id='word_1_191' title='bbox 402 1785 467 1829; x_wconf 90' lang='lat' dir='ltr'>sui</span> <span class='ocrx_word' id='word_1_192' title='bbox 486 1779 806 1827; x_wconf 75' lang='lat' dir='ltr'>festinationem</span> <span class='ocrx_word' id='word_1_193' title='bbox 826 1809 835 1829; x_wconf 84' lang='lat'>,</span> <span class='ocrx_word' id='word_1_194' title='bbox 856 1787 989 1834; x_wconf 77' lang='lat' dir='ltr'>quam</span> <span class='ocrx_word' id='word_1_195' title='bbox 1007 1769 1079 1814; x_wconf 87' lang='lat' dir='ltr'>ille</span> <span class='ocrx_word' id='word_1_196' title='bbox 1097 1769 1141 1812; x_wconf 90' lang='lat' dir='ltr'>in</span> <span class='ocrx_word' id='word_1_197' title='bbox 1158 1764 1457 1810; x_wconf 82' lang='lat' dir='ltr'>transmitten-</span> 
     </span>
     <span class='ocr_line' id='line_1_24' title="bbox 64 1834 1451 1909; baseline -0.023 -1"><span class='ocrx_word' id='word_1_198' title='bbox 64 1862 129 1908; x_wconf 91' lang='lat' dir='ltr'>dis</span> <span class='ocrx_word' id='word_1_199' title='bbox 150 1858 317 1906; x_wconf 87' lang='lat' dir='ltr'>schedis</span> <span class='ocrx_word' id='word_1_200' title='bbox 339 1856 512 1909; x_wconf 85' lang='lat' dir='ltr'>habuit,</span> <span class='ocrx_word' id='word_1_201' title='bbox 530 1850 690 1897; x_wconf 84' lang='lat' dir='ltr'>imitari</span> <span class='ocrx_word' id='word_1_202' title='bbox 711 1845 920 1908; x_wconf 82' lang='lat' dir='ltr'>praecipiti</span> <span class='ocrx_word' id='word_1_203' title='bbox 941 1840 1218 1901; x_wconf 81' lang='lat' dir='ltr'>responsione</span> <span class='ocrx_word' id='word_1_204' title='bbox 1238 1834 1451 1881; x_wconf 87' lang='lat' dir='ltr'>voluisse:</span> 
     </span>
     <span class='ocr_line' id='line_1_25' title="bbox 65 1903 1458 1994; baseline -0.023 -15"><span class='ocrx_word' id='word_1_205' title='bbox 65 1933 189 1994; x_wconf 87' lang='lat' dir='ltr'>quasi</span> <span class='ocrx_word' id='word_1_206' title='bbox 210 1920 301 1975; x_wconf 88' lang='lat' dir='ltr'>non</span> <span class='ocrx_word' id='word_1_207' title='bbox 323 1924 624 1973; x_wconf 83' lang='lat' dir='ltr'>honestissime</span> <span class='ocrx_word' id='word_1_208' title='bbox 644 1919 836 1980; x_wconf 87' lang='lat' dir='ltr'>potuerit</span> <span class='ocrx_word' id='word_1_209' title='bbox 857 1915 1059 1959; x_wconf 85' lang='lat' dir='ltr'>intimare</span> <span class='ocrx_word' id='word_1_210' title='bbox 1079 1921 1253 1968; x_wconf 90' lang='lat' dir='ltr'>tempus</span> <span class='ocrx_word' id='word_1_211' title='bbox 1274 1906 1358 1951; x_wconf 87' lang='lat' dir='ltr'>sibi</span> <span class='ocrx_word' id='word_1_212' title='bbox 1377 1903 1458 1948; x_wconf 90' lang='lat' dir='ltr'>ali-</span> 
     </span>
     <span class='ocr_line' id='line_1_26' title="bbox 65 1976 1460 2065; baseline -0.024 -15"><span class='ocrx_word' id='word_1_213' title='bbox 65 2002 187 2065; x_wconf 90' lang='lat' dir='ltr'>quod</span> <span class='ocrx_word' id='word_1_214' title='bbox 208 2001 370 2047; x_wconf 89' lang='lat' dir='ltr'>debere</span> <span class='ocrx_word' id='word_1_215' title='bbox 391 1995 572 2043; x_wconf 91' lang='lat' dir='ltr'>concedi</span> <span class='ocrx_word' id='word_1_216' title='bbox 592 2029 603 2049; x_wconf 95' lang='lat'>,</span> <span class='ocrx_word' id='word_1_217' title='bbox 629 2007 718 2053; x_wconf 89' lang='lat' dir='ltr'>quo</span> <span class='ocrx_word' id='word_1_218' title='bbox 741 1990 796 2034; x_wconf 86' lang='lat' dir='ltr'>ad</span> <span class='ocrx_word' id='word_1_219' title='bbox 817 1987 1051 2032; x_wconf 87' lang='lat' dir='ltr'>lectionem</span> <span class='ocrx_word' id='word_1_220' title='bbox 1072 1980 1178 2026; x_wconf 88' lang='lat' dir='ltr'>editi</span> <span class='ocrx_word' id='word_1_221' title='bbox 1200 1976 1340 2038; x_wconf 87' lang='lat' dir='ltr'>operis</span> <span class='ocrx_word' id='word_1_222' title='bbox 1359 1989 1460 2035; x_wconf 90' lang='lat' dir='ltr'>per-</span> 
     </span>
     <span class='ocr_line' id='line_1_27' title="bbox 66 2047 1461 2131; baseline -0.022 -11"><span class='ocrx_word' id='word_1_223' title='bbox 66 2075 259 2131; x_wconf 66' lang='lat' dir='ltr'>veniret,</span> <span class='ocrx_word' id='word_1_224' title='bbox 278 2071 491 2129; x_wconf 85' lang='lat' dir='ltr'>flagitium</span> <span class='ocrx_word' id='word_1_225' title='bbox 511 2081 599 2110; x_wconf 88' lang='lat' dir='ltr'>esse</span> <span class='ocrx_word' id='word_1_226' title='bbox 616 2065 729 2108; x_wconf 90' lang='lat' dir='ltr'>inter</span> <span class='ocrx_word' id='word_1_227' title='bbox 742 2058 934 2105; x_wconf 88' lang='lat' dir='ltr'>eruditos</span> <span class='ocrx_word' id='word_1_228' title='bbox 951 2057 996 2100; x_wconf 92' lang='lat' dir='ltr'>in</span> <span class='ocrx_word' id='word_1_229' title='bbox 1013 2051 1230 2099; x_wconf 88' lang='lat' dir='ltr'>scribendi</span> <span class='ocrx_word' id='word_1_230' title='bbox 1251 2047 1461 2109; x_wconf 83' lang='lat' dir='ltr'>gravitate</span> 
     </span>
     <span class='ocr_line' id='line_1_28' title="bbox 69 2115 1463 2204; baseline -0.022 -13"><span class='ocrx_word' id='word_1_231' title='bbox 69 2146 343 2204; x_wconf 85' lang='lat' dir='ltr'>delinquere,</span> <span class='ocrx_word' id='word_1_232' title='bbox 375 2150 418 2184; x_wconf 90' lang='lat' dir='ltr'>et</span> <span class='ocrx_word' id='word_1_233' title='bbox 449 2134 717 2197; x_wconf 87' lang='lat' dir='ltr'>impatientia</span> <span class='ocrx_word' id='word_1_234' title='bbox 750 2127 1020 2175; x_wconf 87' lang='lat' dir='ltr'>deliberandi</span> <span class='ocrx_word' id='word_1_235' title='bbox 1051 2126 1309 2183; x_wconf 84' lang='lat' dir='ltr'>impugnare</span> <span class='ocrx_word' id='word_1_236' title='bbox 1340 2115 1463 2179; x_wconf 89' lang='lat' dir='ltr'>quod</span> 
     </span>
     <span class='ocr_line' id='line_1_29' title="bbox 71 2190 1462 2264; baseline -0.022 -2"><span class='ocrx_word' id='word_1_237' title='bbox 71 2216 265 2261; x_wconf 79' lang='lat' dir='ltr'>nescias?</span> <span class='ocrx_word' id='word_1_238' title='bbox 288 2215 386 2258; x_wconf 86' lang='lat' dir='ltr'>Huc</span> <span class='ocrx_word' id='word_1_239' title='bbox 414 2207 583 2254; x_wconf 87' lang='lat' dir='ltr'>accedit</span> <span class='ocrx_word' id='word_1_240' title='bbox 603 2241 613 2260; x_wconf 95' lang='lat'>,</span> <span class='ocrx_word' id='word_1_241' title='bbox 648 2202 767 2264; x_wconf 88' lang='lat' dir='ltr'>quod</span> <span class='ocrx_word' id='word_1_242' title='bbox 800 2199 926 2245; x_wconf 88' lang='lat' dir='ltr'>nobis</span> <span class='ocrx_word' id='word_1_243' title='bbox 954 2194 1199 2242; x_wconf 88' lang='lat' dir='ltr'>calliditatis</span> <span class='ocrx_word' id='word_1_244' title='bbox 1229 2190 1462 2236; x_wconf 88' lang='lat' dir='ltr'>moliturus</span> 
     </span>
     <span class='ocr_line' id='line_1_30' title="bbox 70 2263 1461 2344; baseline -0.022 -11"><span class='ocrx_word' id='word_1_245' title='bbox 70 2287 295 2338; x_wconf 88' lang='lat' dir='ltr'>invidiam,</span> <span class='ocrx_word' id='word_1_246' title='bbox 325 2297 425 2344; x_wconf 85' lang='lat' dir='ltr'>quae</span> <span class='ocrx_word' id='word_1_247' title='bbox 457 2279 676 2323; x_wconf 89' lang='lat' dir='ltr'>dictorum</span> <span class='ocrx_word' id='word_1_248' title='bbox 705 2276 795 2334; x_wconf 85' lang='lat' dir='ltr'>ejus</span> <span class='ocrx_word' id='word_1_249' title='bbox 822 2271 970 2316; x_wconf 88' lang='lat' dir='ltr'>seriem</span> <span class='ocrx_word' id='word_1_250' title='bbox 1014 2268 1265 2318; x_wconf 80' lang='lat' dir='ltr'>curtaverit,</span> <span class='ocrx_word' id='word_1_251' title='bbox 1293 2263 1361 2306; x_wconf 89' lang='lat' dir='ltr'>his</span> <span class='ocrx_word' id='word_1_252' title='bbox 1386 2275 1461 2304; x_wconf 83' lang='lat' dir='ltr'>ex-</span> 
     </span>
     <span class='ocr_line' id='line_1_31' title="bbox 73 2332 1464 2417; baseline -0.022 -13"><span class='ocrx_word' id='word_1_253' title='bbox 73 2359 230 2417; x_wconf 88' lang='lat' dir='ltr'>cerptis</span> <span class='ocrx_word' id='word_1_254' title='bbox 258 2354 390 2399; x_wconf 76' lang='lat' dir='ltr'>iidem</span> <span class='ocrx_word' id='word_1_255' title='bbox 423 2346 770 2396; x_wconf 82' lang='lat' dir='ltr'>accommodavit</span> <span class='ocrx_word' id='word_1_256' title='bbox 787 2379 796 2394; x_wconf 86' lang='grc'>,</span> <span class='ocrx_word' id='word_1_257' title='bbox 826 2357 926 2402; x_wconf 89' lang='lat' dir='ltr'>quae</span> <span class='ocrx_word' id='word_1_258' title='bbox 952 2339 1042 2385; x_wconf 90' lang='lat' dir='ltr'>veri</span> <span class='ocrx_word' id='word_1_259' title='bbox 1070 2335 1249 2382; x_wconf 88' lang='lat' dir='ltr'>similius</span> <span class='ocrx_word' id='word_1_260' title='bbox 1276 2332 1464 2378; x_wconf 87' lang='lat' dir='ltr'>falsitate</span> 
     </span>
     <span class='ocr_line' id='line_1_32' title="bbox 74 2401 1464 2488; baseline -0.022 -15"><span class='ocrx_word' id='word_1_261' title='bbox 74 2430 165 2488; x_wconf 83' lang='lat' dir='ltr'>ejus</span> <span class='ocrx_word' id='word_1_262' title='bbox 192 2437 235 2470; x_wconf 87' lang='lat' dir='ltr'>et</span> <span class='ocrx_word' id='word_1_263' title='bbox 259 2422 555 2481; x_wconf 86' lang='lat' dir='ltr'>malignitate,</span> <span class='ocrx_word' id='word_1_264' title='bbox 586 2431 718 2477; x_wconf 86' lang='lat' dir='ltr'>quam</span> <span class='ocrx_word' id='word_1_265' title='bbox 747 2415 1005 2474; x_wconf 77' lang='lat' dir='ltr'>cujusquam</span> <span class='ocrx_word' id='word_1_266' title='bbox 1038 2417 1234 2452; x_wconf 84' lang='lat' dir='ltr'>nostrum</span> <span class='ocrx_word' id='word_1_267' title='bbox 1263 2401 1464 2461; x_wconf 87' lang='lat' dir='ltr'>imperita</span> 
     </span>
     <span class='ocr_line' id='line_1_33' title="bbox 76 2471 1464 2557; baseline -0.022 -13"><span class='ocrx_word' id='word_1_268' title='bbox 76 2497 346 2557; x_wconf 87' lang='lat' dir='ltr'>simplicitate</span> <span class='ocrx_word' id='word_1_269' title='bbox 378 2492 583 2538; x_wconf 87' lang='lat' dir='ltr'>videntur</span> <span class='ocrx_word' id='word_1_270' title='bbox 620 2502 708 2531; x_wconf 87' lang='lat' dir='ltr'>esse</span> <span class='ocrx_word' id='word_1_271' title='bbox 745 2482 998 2542; x_wconf 86' lang='lat' dir='ltr'>composita.</span> <span class='ocrx_word' id='word_1_272' title='bbox 1037 2481 1198 2522; x_wconf 85' lang='lat' dir='ltr'>Verum</span> <span class='ocrx_word' id='word_1_273' title='bbox 1234 2474 1278 2517; x_wconf 87' lang='lat' dir='ltr'>id</span> <span class='ocrx_word' id='word_1_274' title='bbox 1311 2471 1464 2531; x_wconf 87' lang='lat' dir='ltr'>quovis</span> 
     </span>
     <span class='ocr_line' id='line_1_34' title="bbox 79 2543 1479 2626; baseline -0.022 -11"><span class='ocrx_word' id='word_1_275' title='bbox 79 2569 221 2615; x_wconf 89' lang='lat' dir='ltr'>animo</span> <span class='ocrx_word' id='word_1_276' title='bbox 239 2602 250 2623; x_wconf 90' lang='lat'>,</span> <span class='ocrx_word' id='word_1_277' title='bbox 285 2564 439 2626; x_wconf 88' lang='lat' dir='ltr'>quovis</span> <span class='ocrx_word' id='word_1_278' title='bbox 466 2569 640 2608; x_wconf 89' lang='lat' dir='ltr'>auctore</span> <span class='ocrx_word' id='word_1_279' title='bbox 672 2554 931 2614; x_wconf 72' lang='lat' dir='ltr'>contigerit,</span> <span class='ocrx_word' id='word_1_280' title='bbox 964 2549 1088 2595; x_wconf 83' lang='lat' dir='ltr'>nobis</span> <span class='ocrx_word' id='word_1_281' title='bbox 1117 2558 1261 2592; x_wconf 85' lang='lat' dir='ltr'>tamen</span> <span class='ocrx_word' id='word_1_282' title='bbox 1289 2543 1479 2590; x_wconf 51' lang='lat' dir='ltr'>duobus</span> 
     </span>
    </p>
   </div>
  </div>
 </body>
</html>
