1884 3285
444 258 527 297 416
887 267 920 296 s.
957 268 1187 298 Accusnm
1221 271 1401 299 zrlscom

442 335 571 387 Quasi
593 348 666 378 vos
688 334 853 392 negetis
871 369 881 389 ,
901 350 952 378 ex
973 336 1374 394 praevaricatoribus
1394 336 1526 396 legis,
1551 338 1699 396 quales
1721 347 1818 383 tan-
1868 339 1871 380 ζ

441 405 670 450 tummodo
704 415 949 464 peccatores
997 407 1052 450 ad
1091 407 1416 452 similitudinem
1459 409 1820 467 praevaricationis
1868 400 1871 437 Ῐ

439 474 547 519 Adae
561 476 776 535 pertinere
788 476 1066 531 contenditis,
1084 476 1250 538 aliquos
1265 494 1341 538 per
1356 478 1647 523 obedientiam
1661 480 1820 524 Christi
1870 526 1871 529 ,

441 545 496 589 ad
512 546 723 605 justitiam
745 547 876 591 fuisse
896 562 1137 592 conversos.
1160 552 1391 593 Possumus
1413 564 1515 608 ergo
1537 558 1580 593 et
1602 565 1680 594 nos
1698 549 1821 594 vobis

440 614 599 660 dicere.
628 617 671 662 Si
698 616 784 661 tale
805 616 969 677 aliquid
993 618 1121 677 quale
1143 634 1216 664 vos
1237 619 1434 663 sensisset
1450 619 1683 678 Apostolus
1704 653 1714 673 ,
1745 619 1819 663 de·
1871 663 1873 669 ,

441 685 535 730 buit
558 687 710 747 utique
733 687 897 742 dicere,
934 691 1014 732 Per
1040 689 1168 732 unius
1193 690 1238 733 in
1260 689 1552 733 obedientiam
1576 698 1820 749 peccatores

439 757 664 801 constituti
687 768 788 803 sunt
816 758 941 802 multi
963 759 1142 818 quidem
1161 794 1171 814 ,
1196 776 1285 804 non
1307 775 1482 813 omnes,
1507 760 1580 804 sed
1609 761 1737 804 etiam
1769 774 1821 803 ex

438 827 503 871 his
536 843 612 887 per
637 827 928 874 obedientiam
951 831 1109 875 Christi
1145 831 1279 891 aliqui
1307 831 1360 875 ad
1384 831 1595 891 justitiam
1629 839 1820 875 reverte·
1874 839 1876 877 1

439 907 556 942 runt.
582 902 672 944 Aut
689 900 818 945 etiam
842 901 983 946 multo
1012 902 1200 961 apertius
1222 902 1279 946 ita
1301 901 1575 962 loqueretur,
1600 902 1635 945 si
1657 900 1821 961 aliquid

441 968 523 1013 tale
551 972 777 1027 sensisset,
812 981 862 1016 ut
894 972 1083 1026 diceret,
1111 971 1238 1017 Multi
1261 972 1438 1032 quidem
1468 972 1721 1017 Judaeorum
1745 987 1822 1032 per
1875 964 1877 966 ¹

436 1039 777 1086 inobedientiam
801 1044 930 1087 unius
952 1043 1139 1087 hominis
1170 1053 1416 1101 peccatores
1440 1053 1541 1087 sunt
1562 1043 1787 1087 constituti
1807 1078 1817 1097 ,
1876 1035 1877 1041 ¹

436 1111 513 1170 qui
538 1110 632 1170 lege
668 1122 870 1172 accepta,
908 1113 1035 1157 simili
1068 1114 1420 1172 praevaricatione
1448 1123 1704 1173 peccarunt,
1746 1113 1820 1157 sed

436 1182 565 1225 etiarn
588 1197 638 1226 ex
662 1183 728 1227 his
750 1183 918 1243 aliquos
935 1183 1187 1244 justificavit
1212 1184 1372 1229 Christi
1395 1184 1654 1229 obedientia.
1692 1183 1822 1238 Quod
1877 1230 1879 1234 ,

435 1251 468 1294 si
486 1251 565 1295 tibi
588 1267 676 1296 non
694 1253 992 1313 praejudicavit
1007 1289 1017 1309 ,
1038 1269 1127 1298 non
1150 1254 1208 1298 ita
1224 1253 1471 1314 loquendo,
1492 1255 1603 1300 sicut
1616 1255 1703 1299 dixi
1721 1270 1822 1299 eum

435 1321 556 1381 loqui
584 1324 807 1378 debuisse,
832 1324 865 1368 si
887 1325 970 1369 hoc
993 1324 1170 1369 sentiret
1193 1325 1313 1385 quod
1333 1336 1379 1370 tu
1402 1345 1410 1371 :
1438 1342 1519 1371 nec
1540 1327 1647 1371 mihi
1671 1326 1822 1385 utique
1878 1346 1879 1351 ¹

434 1393 718 1453 praejudicare
748 1396 908 1450 debet,
935 1396 1035 1456 quia
1070 1411 1160 1440 non
1191 1397 1250 1440 ita
1283 1396 1454 1441 locutus
1482 1407 1573 1452 est,
1599 1395 1822 1457 quomodo
1879 1450 1881 1454 Ι

435 1478 536 1507 eum
557 1463 662 1509 dicis
684 1464 805 1525 loqui
831 1465 1054 1521 debuisse,
1077 1466 1111 1510 si
1134 1467 1216 1510 hoc
1240 1468 1419 1511 sentiret
1440 1466 1559 1527 quod
1587 1482 1681 1525 ego.
1708 1469 1821 1512 Cum

435 1549 538 1593 ergo
561 1536 795 1594 Apostolus
817 1537 875 1581 ita
895 1538 948 1581 sit
970 1537 1162 1592 locutus,
1184 1538 1295 1581 sicut
1311 1537 1582 1598 loquendum
1602 1552 1692 1582 esse
1713 1537 1825 1581 arbi·
1880 1582 1881 1585 ,

435 1613 572 1650 tratus
609 1617 695 1664 est,
724 1606 966 1651 videndum
1000 1616 1084 1661 est,
1121 1608 1217 1667 quis
1256 1608 1295 1651 ei
1329 1618 1524 1653 nostrum
1556 1607 1818 1663 consentiat,
1880 1610 1882 1639 ἰ

434 1684 581 1719 utrum
600 1691 680 1735 ego
698 1678 774 1735 qui
797 1677 894 1722 dico
917 1693 1069 1722 verum
1090 1693 1179 1722 esse
1198 1679 1317 1737 quod
1340 1679 1399 1722 ait
1414 1713 1424 1731 ,
1453 1698 1470 1718 «
1495 1682 1575 1723 Per
1593 1679 1720 1722 unius
1745 1679 1823 1722 de-
1881 1675 1884 1725 ᾗ

437 1763 456 1786 »
483 1746 637 1791 lictum
671 1748 717 1791 in
741 1763 892 1792 omnes
921 1749 1118 1793 homines
1145 1748 1200 1792 ad
1226 1748 1692 1806 condemnatione-w,
1726 1766 1746 1789 »
1780 1757 1823 1792 et
1881 1749 1884 1802 ξ

432 1832 585 1861 verum
609 1833 699 1863 esse
720 1819 840 1879 quod
869 1820 952 1874 ait,
981 1838 1000 1862 «
1023 1823 1103 1864 Per
1131 1819 1259 1863 unius
1289 1819 1631 1864 inobedientiam
1665 1834 1822 1878 pecca·

436 1906 457 1930 »
483 1898 596 1934 tores
619 1891 845 1935 constituti
866 1900 968 1935 sunt
990 1891 1169 1949 multi²3
1193 1910 1212 1932 »
1235 1892 1440 1952 quoniam
1466 1906 1555 1935 non
1579 1899 1819 1950 repugnat,
1882 1881 1884 1887 Α

434 1968 484 2003 ut
513 1960 589 2020 qui
611 1961 741 2005 multi
768 1970 870 2005 sunt
897 1976 1047 2005 omnes
1077 1962 1161 2006 sint
1179 1996 1190 2015 ,
1216 1970 1259 2005 et
1285 1962 1361 2021 qui
1388 1977 1538 2006 omnes
1566 1969 1666 2005 sunt
1697 1959 1822 2004 multi

433 2030 518 2074 sint
539 2049 548 2075 ε
575 2046 628 2075 an
649 2040 698 2075 tu
720 2032 796 2091 qui
818 2032 922 2076 dicis
941 2067 950 2086 ,
980 2032 1056 2076 ubi
1079 2033 1137 2077 ait
1158 2032 1318 2077 multos
1338 2067 1348 2088 ,
1372 2031 1500 2076 multi
1521 2041 1645 2089 sunt3
1669 2031 1745 2075 ubi
1763 2031 1823 2075 ait

433 2115 606 2155 omnes,
626 2117 716 2147 non
733 2117 883 2146 omnes
906 2112 1023 2146 sunt.

492 2174 579 2215 CL.
616 2176 656 2216 J1
677 2191 843 2218 LlANLs.
884 2193 903 2217 «
930 2174 1149 2219 Patefacta
1172 2175 1304 2233 igitur
1327 2174 1395 2218 vel
1416 2174 1629 2234 imperitia
1651 2173 1720 2218 vel
1739 2174 1821 2217 im-

433 2242 643 2300 pudentia
672 2253 768 2299 tua,
804 2261 903 2304 quae
928 2253 1003 2289 aut
1026 2260 1115 2289 non
1148 2255 1294 2299 curat,
1322 2255 1397 2289 aut
1424 2261 1513 2289 non
1542 2244 1682 2299 valet,
1712 2244 1821 2305 quid

434 2312 602 2356 dicatur
630 2329 872 2374 exponere,
905 2325 1165 2375 ostensoque
1196 2316 1386 2360 veritatis
1418 2316 1572 2374 ipsius,
1612 2330 1742 2375 quam
1776 2330 1820 2359 se

433 2396 522 2426 esse
544 2385 740 2429 Christus
759 2385 1045 2445 appellavit3,
1070 2385 1235 2429 lumine
1251 2421 1261 2439 ,
1286 2386 1394 2429 nihil
1418 2386 1472 2430 de
1495 2385 1678 2445 apostoli
1698 2383 1820 2429 Pauli

433 2456 705 2499 sermonibus
731 2456 984 2500 Manichaeae
1002 2491 1012 2507 ,
1042 2455 1086 2499 id
1109 2465 1195 2510 est,
1226 2465 1377 2500 vestrae
1399 2457 1616 2501 cohaerere
1638 2455 1820 2500 demen-

433 2526 503 2569 tiae
530 2544 537 2569 :
565 2542 683 2571 nunc
705 2527 961 2586 expositioni
985 2542 1161 2586 operam
1184 2527 1336 2571 demus
1358 2562 1368 2583 ,
1393 2537 1442 2572 ut
1464 2529 1574 2572 sicut
1600 2535 1819 2572 ostensum

484 2615 492 2631 ¹
516 2611 605 2642 Rom.
621 2620 654 2651 v,
676 2613 772 2644 18.—
790 2610 903 2644 21bid.
933 2622 982 2653 19.
1000 2628 1041 2635 —
1057 2608 1071 2633 3
1089 2613 1272 2652 Joau.x1v‚
1294 2611 1328 2644 6.
