1821 3264
31 275 34 297 '
264 239 407 267 oPEms
441 240 617 268 IMPERF.
653 241 817 270 CONTRA
851 241 1021 272 JULIAN.
1060 247 1140 273 Lux.
1178 248 1225 273 11.
1361 236 1443 275 385

30 324 33 352 ι
63 305 228 351 exclusa
240 305 466 349 honestate
484 305 706 363 desiderii,
727 308 927 354 infectrix
944 312 1155 356 seminum
1174 311 1302 372 culpa
1320 314 1448 372 primi

29 359 33 430 l
63 375 261 437 genitoris
283 385 502 435 operatur.
531 394 552 418 »

28 457 32 504 ι
118 449 410 492 Αυαυετωυε.
438 446 565 491 Unde
597 448 691 492 fieri
725 459 888 508 potest,
926 461 975 496 ut
1012 453 1145 497 homo
1181 455 1256 513 qui
1285 456 1451 499 conaris

27 506 30 582 l
58 517 319 578 -apostoslica
349 517 481 561 verba
514 527 786 577 pervertere,
813 523 945 579 possis
967 521 1087 581 loqui
1118 523 1196 566 nisi
1226 526 1454 582 perverse?

27 591 29 645 Ι
62 591 171 635 Nam
195 589 364 648 utique,
385 602 484 631 cum
509 587 564 631 ad
588 587 698 632 illud
720 589 943 645 delictum,
978 590 1097 650 quod
1121 595 1340 649 generatio
1361 603 1452 638 tra-

25 658 30 724 }
62 659 153 714 hit,
174 674 278 703 usus
299 657 537 703 voluntatis
554 660 798 715 accesserit,
820 677 948 720 quem
974 677 1061 705 non
1078 662 1241 706 habent
1264 664 1448 720 parvuli,

24 743 27 792 g
62 728 269 774 inmultas
284 740 327 774 et
339 729 475 773 varias
488 729 745 788 cupiditates
761 731 1135 776 arbormultorum
1153 732 1339 790 pullulat
1353 749 1453 790 pec-

24 799 27 843 ζ
60 808 258 845 catorum
279 816 291 844 .·
317 799 438 860 quod
462 808 695 859 antequam
719 801 841 844 fieret
857 837 867 856 ,
894 803 1020 845 etiam
1044 802 1183 861 ipsum
1199 818 1337 846 unum
1362 813 1450 847 tra-

22 858 26 940 ἰ
59 870 192 916 hebat
210 869 266 915 ad
285 870 632 924 damnationem,
654 871 688 914 si
718 880 817 915 ante
838 872 1075 917 voluntatis
1098 889 1222 917 usum
1248 874 1453 933 parvulus

2 942 26 1023 i
58 941 200 986 finiret
224 941 337 985 hanc
359 941 509 985 vitam.
535 944 689 1001 Neque
712 944 828 986 enim
848 943 951 1003 quia
974 944 1115 1003 major
1137 943 1358 987 damnatio
1376 943 1454 986 de-

4 1026 25 1082 ,ἷ
57 1011 185 1056 betur
209 1012 300 1072 jam
331 1026 489 1070 magno
512 1021 555 1055 et
581 1012 876 1072 multiplicato
899 1012 1030 1067 malo,
1060 1013 1158 1058 ideo
1182 1014 1300 1057 nulla
1323 1029 1455 1072 parvo

20 1085 24 1133 Ι
57 1092 100 1128 et
123 1082 325 1128 nondum
347 1082 640 1142 multiplicato
667 1084 927 1128 debebatur.
954 1086 1185 1136 Quomodo
1208 1099 1308 1142 ergo
1339 1099 1459 1142 rege-

2 1144 21 1182 ,¹
59 1154 253 1208 neratio,
273 1169 374 1213 quae
402 1153 744 1213 multiplicatum
773 1170 851 1214 per
875 1170 1002 1199 usum
1032 1155 1269 1199 voluntatis
1291 1155 1455 1198 malum

2 1239 8 1269 ;
58 1223 195 1279 toltit,
231 1239 323 1268 non
355 1222 454 1283 plus
489 1233 688 1283 praestat,
727 1240 856 1284 quam
895 1226 1045 1269 nocuit
1075 1226 1295 1284 generatio
1311 1261 1321 1279 ,
1358 1242 1457 1284 quae

57 1294 190 1354 hujus
212 1295 412 1355 quamvis
434 1296 579 1352 magni
602 1305 644 1339 et
667 1295 917 1355 multiplicis
937 1296 1056 1350 mali,
1084 1295 1281 1340 nondum
1306 1306 1451 1341 tamen

0 1382 5 1400 τ
60 1375 259 1422 auctum,
284 1375 327 1410 et
356 1365 555 1411 nondum
580 1365 919 1424 multiplicatum
949 1367 1077 1410 traxit
1109 1367 1303 1421 initium,
1336 1369 1456 1428 quod

59 1435 201 1480 solum
225 1437 317 1480 sine
336 1436 426 1481 ulla
447 1436 739 1495 pullulatione
762 1446 1018 1491 remaneret,
1037 1437 1069 1480 si
1092 1436 1239 1480 nullus
1259 1438 1455 1482 volunta=

15 1414 21 1495 ἕ

11 1498 20 1819 ²
61 1505 114 1550 tis
138 1521 267 1562 usus,
304 1522 394 1566 quo
432 1515 665 1564 augeretur
701 1514 743 1549 et
778 1505 1165 1565 multiplicaretur,
1205 1507 1458 1551 accederet?

61 1575 279 1620 Voluntas
299 1585 445 1620 autem
465 1610 476 1630 ,
499 1584 734 1635 antequam
760 1575 888 1620 bonae
910 1575 1083 1620 liberati
1105 1576 1160 1620 ad
1192 1578 1455 1636 operandam

58 1663 205 1693 veram
228 1648 439 1708 justitiam
472 1647 607 1706 gratia
636 1646 711 1691 Dei
745 1647 1030 1691 subveniente
1055 1647 1283 1703 reddatur,
1312 1649 1457 1693 multis

0 1739 9 1763 ,2
60 1718 152 1764 aliis
186 1720 320 1763 etiam
354 1718 493 1763 causis
513 1753 524 1773 ,
561 1727 718 1777 praeter
750 1718 926 1776 originis
957 1718 1137 1773 vitium,
1176 1729 1376 1763 movetur
1406 1720 1460 1763 ad

11 1820 17 1848 ,
59 1790 350 1850 peccandum,
371 1789 439 1835 vel
462 1798 792 1846 nonmovetur3
816 1789 934 1833 unde
952 1791 1022 1843 fit,
1047 1800 1096 1833 ut
1112 1790 1191 1848 ipsi
1212 1791 1332 1848 impii
1356 1791 1457 1850 qui-

0 1861 16 1940 :j
60 1862 140 1905 bus
164 1860 235 1906 vel
258 1860 458 1906 nondum
488 1860 715 1913 subvenit,
750 1859 819 1904 vel
852 1874 1079 1918 nunquam
1102 1860 1368 1904 subventura
1396 1870 1459 1904 est

11 1941 16 1961 ³
61 1931 225 1990 gratia,
254 1931 574 1990 quaejustificat
599 1931 798 1989 impium,
829 1929 899 1972 alii
922 1930 1058 1987 magis
1076 1963 1086 1983 ,
1111 1929 1181 1972 alii
1199 1931 1340 1974 minus
1359 1945 1460 1989 pec—

0 1966 16 2070 1
62 2010 181 2046 cent.
212 2019 232 2043 «
260 2000 483 2045 Judicium
516 2016 619 2058 crgo
650 2015 699 2043 ex
723 2015 812 2044 uno
834 1999 878 2042 in
902 1998 1336 2057 condemnationem,
1360 2001 1462 2061 quia

0 2089 7 2106 t
63 2090 83 2115 »
111 2072 382 2117 damnantur
400 2081 443 2116 et
456 2072 524 2130 hi,
543 2072 620 2131 qui
636 2086 774 2115 unum
790 2069 900 2114 illud
919 2070 1196 2128 generatione
1213 2080 1457 2116 traxerunt:

0 2075 15 2194 sl
63 2161 83 2185 »
113 2144 249 2203 gratia
272 2153 419 2188 autem
452 2159 504 2187 cx
533 2141 687 2186 multis
729 2141 898 2185 delictis
932 2141 976 2184 in
1000 2141 1353 2200 justificationem
1373 2146 1408 2199 ¹3
1436 2161 1455 2183 »

0 2196 14 2336 ³¹
61 2216 164 2276 quia
187 2231 278 2260 non
301 2215 444 2260 solum
468 2213 578 2257 illud
607 2229 707 2257 cum
731 2229 820 2272 quo
838 2213 1028 2256 nascitur
1045 2213 1204 2267 homo,
1232 2212 1306 2256 sed
1326 2214 1458 2273 quid-

0 2280 1 2290 *
60 2286 168 2346 quid
191 2285 310 2330 aliud
339 2284 601 2329 delictorum
632 2282 868 2327 voluntatis
900 2298 1000 2326 usus
1022 2281 1082 2325 illi
1112 2282 1227 2326 malo
1261 2282 1450 2336 addidit,

0 2337 13 2448 li
61 2355 192 2401 tollit.
221 2359 325 2400 Haec
341 2364 404 2400 est
427 2354 766 2415 apostolicorum
788 2354 1022 2397 verborum
1048 2352 1258 2396 catholica
1282 2354 1452 2407 veritas,

0 2435 12 2492 η
61 2442 193 2487 quam
223 2427 343 2470 nulla
375 2426 579 2470 haeretica
614 2424 880 2484 loquacitate
910 2424 1140 2480 depravas,
1182 2423 1455 2480 quantalibet

0 2495 11 2561 ι]
62 2514 139 2544 nos
162 2497 407 2558 prolixitate
429 2497 629 2542 vanitatis
649 2505 690 2540 et
708 2495 981 2555 loquacitatis
1004 2509 1212 2537 exerceas.

7 2582 10 2600 l

7 2633 10 2706 Ε

6 2713 9 2753 Ι

6 2814 9 2832 l

4 2844 9 2932 ἔ

5 2941 7 2961 Ι

115 2590 123 2605 ¹
146 2586 236 2616 Rom.
256 2595 288 2622 v,
314 2584 363 2615 16.

252 2647 401 2678 CXtht.
1218 2642 1264 2668 :m
