<?xml version="1.0" encoding="UTF-8"?>
<!DOCTYPE html PUBLIC "-//W3C//DTD XHTML 1.0 Transitional//EN"
    "http://www.w3.org/TR/xhtml1/DTD/xhtml1-transitional.dtd">
<html xmlns="http://www.w3.org/1999/xhtml" xml:lang="en" lang="en">
 <head>
  <title>
</title>
<meta http-equiv="Content-Type" content="text/html;charset=utf-8" />
  <meta name='ocr-system' content='tesseract 3.04.00' />
  <meta name='ocr-capabilities' content='ocr_page ocr_carea ocr_par ocr_line ocrx_word'/>
</head>
<body>
  <div class='ocr_page' id='page_1' title='image "./operaomniaaccura36auguuoft/operaomniaaccura36auguuoft_0205.png"; bbox 0 0 1821 3264; ppageno 0'>
   <div class='ocr_carea' id='block_1_1' title="bbox 443 249 1427 290">
    <p class='ocr_par' dir='ltr' id='par_1_1' title="bbox 443 249 1427 290">
     <span class='ocr_line' id='line_1_1' title="bbox 443 249 1427 290; baseline 0 -2"><span class='ocrx_word' id='word_1_1' title='bbox 443 262 495 288; x_wconf 74' lang='lat' dir='ltr'>niz</span> <span class='ocrx_word' id='word_1_2' title='bbox 529 262 640 289; x_wconf 68' lang='lat' dir='ltr'>Dono</span> <span class='ocrx_word' id='word_1_3' title='bbox 673 261 1038 290; x_wconf 74' lang='lat' dir='ltr'><strong>PERSEVERANTJAE.</strong></span> <span class='ocrx_word' id='word_1_4' title='bbox 1352 249 1427 288; x_wconf 79' lang='lat'>141</span> 
     </span>
    </p>
   </div>
   <div class='ocr_carea' id='block_1_2' title="bbox 0 324 1436 384">
    <p class='ocr_par' dir='ltr' id='par_1_2' title="bbox 0 324 1436 384">
     <span class='ocr_line' id='line_1_2' title="bbox 0 324 1436 384; baseline -0.001 -14"><span class='ocrx_word' id='word_1_5' title='bbox 0 331 1 349; x_wconf 77' lang='lat'><em>³</em></span> <span class='ocrx_word' id='word_1_6' title='bbox 53 326 217 370; x_wconf 89' lang='lat' dir='ltr'>donum</span> <span class='ocrx_word' id='word_1_7' title='bbox 242 324 317 369; x_wconf 85' lang='lat' dir='ltr'>Dei</span> <span class='ocrx_word' id='word_1_8' title='bbox 336 340 440 377; x_wconf 84' lang='lat' dir='ltr'>esse,</span> <span class='ocrx_word' id='word_1_9' title='bbox 461 324 537 368; x_wconf 86' lang='lat' dir='ltr'>sed</span> <span class='ocrx_word' id='word_1_10' title='bbox 556 326 887 384; x_wconf 80' lang='lat' dir='ltr'>conjugatorum</span> <span class='ocrx_word' id='word_1_11' title='bbox 906 327 1035 370; x_wconf 85' lang='lat' dir='ltr'>etiam</span> <span class='ocrx_word' id='word_1_12' title='bbox 1051 327 1308 370; x_wconf 85' lang='lat' dir='ltr'><strong>castitatem.</strong></span> <span class='ocrx_word' id='word_1_13' title='bbox 1327 327 1436 378; x_wconf 82' lang='lat' dir='ltr'>Quae</span> 
     </span>
    </p>
   </div>
   <div class='ocr_carea' id='block_1_3' title="bbox 8 432 10 512">
    <p class='ocr_par' dir='ltr' id='par_1_3' title="bbox 8 432 10 512">
     <span class='ocr_line' id='line_1_3' title="bbox 8 432 10 451; baseline 0 0"><span class='ocrx_word' id='word_1_14' title='bbox 8 432 10 451; x_wconf 68' lang='grc' dir='ltr'>ι</span> 
     </span>
     <span class='ocr_line' id='line_1_4' title="bbox 8 488 10 512; baseline 0 0"><span class='ocrx_word' id='word_1_15' title='bbox 8 488 10 512; x_wconf 65' lang='lat' dir='ltr'>i</span> 
     </span>
    </p>
   </div>
   <div class='ocr_carea' id='block_1_4' title="bbox 5 635 8 651">
    <p class='ocr_par' dir='ltr' id='par_1_4' title="bbox 5 635 8 651">
     <span class='ocr_line' id='line_1_5' title="bbox 5 635 8 651; baseline 0 0"><span class='ocrx_word' id='word_1_16' title='bbox 5 635 8 651; x_wconf 73' lang='lat' dir='ltr'>l</span> 
     </span>
    </p>
   </div>
   <div class='ocr_carea' id='block_1_5' title="bbox 8 394 1436 455">
    <p class='ocr_par' dir='ltr' id='par_1_5' title="bbox 8 394 1436 455">
     <span class='ocr_line' id='line_1_6' title="bbox 8 394 1436 455; baseline 0 -15"><span class='ocrx_word' id='word_1_17' title='bbox 8 399 10 408; x_wconf 81' lang='lat'><em>&#39;</em></span> <span class='ocrx_word' id='word_1_18' title='bbox 50 410 149 440; x_wconf 89' lang='lat' dir='ltr'>cum</span> <span class='ocrx_word' id='word_1_19' title='bbox 168 410 266 439; x_wconf 91' lang='lat' dir='ltr'>vera</span> <span class='ocrx_word' id='word_1_20' title='bbox 284 396 391 449; x_wconf 89' lang='lat' dir='ltr'>sint,</span> <span class='ocrx_word' id='word_1_21' title='bbox 412 395 638 439; x_wconf 82' lang='lat' dir='ltr'>hortamur</span> <span class='ocrx_word' id='word_1_22' title='bbox 659 404 801 438; x_wconf 90' lang='lat' dir='ltr'>tamen</span> <span class='ocrx_word' id='word_1_23' title='bbox 821 394 876 438; x_wconf 87' lang='lat' dir='ltr'>ad</span> <span class='ocrx_word' id='word_1_24' title='bbox 899 397 1014 449; x_wconf 86' lang='lat' dir='ltr'>haec,</span> <span class='ocrx_word' id='word_1_25' title='bbox 1040 405 1255 454; x_wconf 80' lang='lat' dir='ltr'>quantuni</span> <span class='ocrx_word' id='word_1_26' title='bbox 1275 396 1436 455; x_wconf 88' lang='lat' dir='ltr'>cuique</span> 
     </span>
    </p>
   </div>
   <div class='ocr_carea' id='block_1_6' title="bbox 49 466 1435 666">
    <p class='ocr_par' dir='ltr' id='par_1_6' title="bbox 49 466 1435 666">
     <span class='ocr_line' id='line_1_7' title="bbox 49 466 1435 526; baseline 0.001 -16"><span class='ocrx_word' id='word_1_27' title='bbox 49 475 244 511; x_wconf 90' lang='lat' dir='ltr'>nostrum</span> <span class='ocrx_word' id='word_1_28' title='bbox 267 466 419 510; x_wconf 83' lang='lat' dir='ltr'>datum</span> <span class='ocrx_word' id='word_1_29' title='bbox 442 475 564 510; x_wconf 89' lang='lat' dir='ltr'>estut</span> <span class='ocrx_word' id='word_1_30' title='bbox 588 466 720 525; x_wconf 84' lang='lat' dir='ltr'>possit</span> <span class='ocrx_word' id='word_1_31' title='bbox 737 467 922 523; x_wconf 67' lang='lat' dir='ltr'>hortari,</span> <span class='ocrx_word' id='word_1_32' title='bbox 947 467 1048 524; x_wconf 85' lang='lat' dir='ltr'>quia</span> <span class='ocrx_word' id='word_1_33' title='bbox 1071 476 1115 510; x_wconf 92' lang='lat' dir='ltr'>et</span> <span class='ocrx_word' id='word_1_34' title='bbox 1140 468 1223 511; x_wconf 90' lang='lat' dir='ltr'>hoc</span> <span class='ocrx_word' id='word_1_35' title='bbox 1239 468 1329 526; x_wconf 83' lang='lat' dir='ltr'>ejus</span> <span class='ocrx_word' id='word_1_36' title='bbox 1352 466 1435 511; x_wconf 92' lang='lat' dir='ltr'>do-</span> 
     </span>
     <span class='ocr_line' id='line_1_8' title="bbox 49 537 1430 595; baseline -0.001 -14"><span class='ocrx_word' id='word_1_37' title='bbox 49 552 152 581; x_wconf 89' lang='lat' dir='ltr'>num</span> <span class='ocrx_word' id='word_1_38' title='bbox 171 545 259 590; x_wconf 90' lang='lat' dir='ltr'>est,</span> <span class='ocrx_word' id='word_1_39' title='bbox 281 538 326 579; x_wconf 91' lang='lat' dir='ltr'>in</span> <span class='ocrx_word' id='word_1_40' title='bbox 349 537 470 595; x_wconf 89' lang='lat' dir='ltr'>eujus</span> <span class='ocrx_word' id='word_1_41' title='bbox 493 551 625 580; x_wconf 88' lang='lat' dir='ltr'>manu</span> <span class='ocrx_word' id='word_1_42' title='bbox 648 546 747 580; x_wconf 89' lang='lat' dir='ltr'>sunt</span> <span class='ocrx_word' id='word_1_43' title='bbox 776 545 818 579; x_wconf 83' lang='lat' dir='ltr'>et</span> <span class='ocrx_word' id='word_1_44' title='bbox 848 551 926 580; x_wconf 90' lang='lat' dir='ltr'>nos</span> <span class='ocrx_word' id='word_1_45' title='bbox 958 545 1000 579; x_wconf 90' lang='lat' dir='ltr'>et</span> <span class='ocrx_word' id='word_1_46' title='bbox 1035 551 1254 580; x_wconf 85' lang='lat' dir='ltr'>sermones</span> <span class='ocrx_word' id='word_1_47' title='bbox 1279 539 1430 581; x_wconf 82' lang='lat' dir='ltr'>nostri.</span> 
     </span>
     <span class='ocr_line' id='line_1_9' title="bbox 49 606 1434 666; baseline 0 -15"><span class='ocrx_word' id='word_1_48' title='bbox 49 606 172 651; x_wconf 86' lang='lat' dir='ltr'><strong>Unde</strong></span> <span class='ocrx_word' id='word_1_49' title='bbox 201 615 241 650; x_wconf 84' lang='lat' dir='ltr'>et</span> <span class='ocrx_word' id='word_1_50' title='bbox 272 606 530 666; x_wconf 83' lang='lat' dir='ltr'>Apostolus,</span> <span class='ocrx_word' id='word_1_51' title='bbox 561 626 581 649; x_wconf 91' lang='lat'>«</span> <span class='ocrx_word' id='word_1_52' title='bbox 614 606 864 651; x_wconf 87' lang='lat' dir='ltr'>Secundum</span> <span class='ocrx_word' id='word_1_53' title='bbox 906 606 1112 664; x_wconf 83' lang='lat' dir='ltr'>gratiam,</span> <span class='ocrx_word' id='word_1_54' title='bbox 1145 607 1304 666; x_wconf 79' lang='lat' dir='ltr'>inquit,</span> <span class='ocrx_word' id='word_1_55' title='bbox 1335 624 1434 666; x_wconf 82' lang='lat' dir='ltr'>quae</span> 
     </span>
    </p>
   </div>
   <div class='ocr_carea' id='block_1_7' title="bbox 5 675 1433 738">
    <p class='ocr_par' dir='ltr' id='par_1_7' title="bbox 5 675 1433 738">
     <span class='ocr_line' id='line_1_10' title="bbox 5 675 1433 738; baseline 0.001 -18"><span class='ocrx_word' id='word_1_56' title='bbox 5 685 8 738; x_wconf 62' lang='grc' dir='ltr'><strong>ξ</strong></span> <span class='ocrx_word' id='word_1_57' title='bbox 51 678 196 721; x_wconf 86' lang='lat' dir='ltr'>»data</span> <span class='ocrx_word' id='word_1_58' title='bbox 231 686 294 722; x_wconf 88' lang='lat' dir='ltr'>est</span> <span class='ocrx_word' id='word_1_59' title='bbox 335 678 464 731; x_wconf 90' lang='lat' dir='ltr'>mihi,</span> <span class='ocrx_word' id='word_1_60' title='bbox 503 687 553 721; x_wconf 89' lang='lat' dir='ltr'>ut</span> <span class='ocrx_word' id='word_1_61' title='bbox 591 679 758 736; x_wconf 88' lang='lat' dir='ltr'>sapiens</span> <span class='ocrx_word' id='word_1_62' title='bbox 797 678 1058 721; x_wconf 79' lang='lat' dir='ltr'>architectus</span> <span class='ocrx_word' id='word_1_63' title='bbox 1096 675 1433 721; x_wconf 75' lang='lat' dir='ltr'>fundamentum</span> 
     </span>
    </p>
   </div>
   <div class='ocr_carea' id='block_1_8' title="bbox 49 747 1434 876">
    <p class='ocr_par' dir='ltr' id='par_1_8' title="bbox 49 747 1434 876">
     <span class='ocr_line' id='line_1_11' title="bbox 49 747 1434 807; baseline 0.003 -18"><span class='ocrx_word' id='word_1_64' title='bbox 49 766 70 789; x_wconf 84' lang='lat'>»</span> <span class='ocrx_word' id='word_1_65' title='bbox 92 748 258 807; x_wconf 83' lang='lat' dir='ltr'>posui1.</span> <span class='ocrx_word' id='word_1_66' title='bbox 288 766 306 788; x_wconf 90' lang='lat'>»</span> <span class='ocrx_word' id='word_1_67' title='bbox 334 750 389 791; x_wconf 87' lang='lat' dir='ltr'>Et</span> <span class='ocrx_word' id='word_1_68' title='bbox 411 747 493 792; x_wconf 84' lang='lat' dir='ltr'>alio</span> <span class='ocrx_word' id='word_1_69' title='bbox 516 747 628 802; x_wconf 88' lang='lat' dir='ltr'>loco,</span> <span class='ocrx_word' id='word_1_70' title='bbox 655 767 672 789; x_wconf 86' lang='lat'>«</span> <span class='ocrx_word' id='word_1_71' title='bbox 697 749 956 807; x_wconf 80' lang='lat' dir='ltr'>Unicuique,</span> <span class='ocrx_word' id='word_1_72' title='bbox 978 748 1136 806; x_wconf 90' lang='lat' dir='ltr'>inquit,</span> <span class='ocrx_word' id='word_1_73' title='bbox 1159 748 1271 792; x_wconf 88' lang='lat' dir='ltr'>sicut</span> <span class='ocrx_word' id='word_1_74' title='bbox 1286 749 1434 793; x_wconf 90' lang='lat' dir='ltr'>Domi-</span> 
     </span>
     <span class='ocr_line' id='line_1_12' title="bbox 49 816 1434 876; baseline 0.002 -18"><span class='ocrx_word' id='word_1_75' title='bbox 49 835 67 858; x_wconf 83' lang='lat'>»</span> <span class='ocrx_word' id='word_1_76' title='bbox 91 832 173 861; x_wconf 91' lang='lat' dir='ltr'>nus</span> <span class='ocrx_word' id='word_1_77' title='bbox 189 816 311 861; x_wconf 85' lang='lat' dir='ltr'>dedit</span> <span class='ocrx_word' id='word_1_78' title='bbox 331 837 338 861; x_wconf 90' lang='lat'><strong>:</strong></span> <span class='ocrx_word' id='word_1_79' title='bbox 361 832 439 875; x_wconf 81' lang='lat' dir='ltr'>ego</span> <span class='ocrx_word' id='word_1_80' title='bbox 458 817 649 876; x_wconf 84' lang='lat' dir='ltr'>plantavi</span> <span class='ocrx_word' id='word_1_81' title='bbox 668 852 678 872; x_wconf 88' lang='lat'>,</span> <span class='ocrx_word' id='word_1_82' title='bbox 700 816 857 876; x_wconf 77' lang='lat' dir='ltr'>Apollo</span> <span class='ocrx_word' id='word_1_83' title='bbox 874 817 1042 876; x_wconf 82' lang='lat' dir='ltr'>rigavit,</span> <span class='ocrx_word' id='word_1_84' title='bbox 1068 818 1142 861; x_wconf 88' lang='lat' dir='ltr'>sed</span> <span class='ocrx_word' id='word_1_85' title='bbox 1163 820 1275 861; x_wconf 90' lang='lat' dir='ltr'>Deus</span> <span class='ocrx_word' id='word_1_86' title='bbox 1292 819 1434 862; x_wconf 68' lang='lat' dir='ltr'>inore⁴</span> 
     </span>
    </p>
   </div>
   <div class='ocr_carea' id='block_1_9' title="bbox 2 886 1433 1017">
    <p class='ocr_par' dir='ltr' id='par_1_9' title="bbox 2 886 1433 1017">
     <span class='ocr_line' id='line_1_13' title="bbox 4 886 1429 948; baseline 0.003 -21"><span class='ocrx_word' id='word_1_87' title='bbox 4 905 5 909; x_wconf 45' lang='lat'>¹</span> <span class='ocrx_word' id='word_1_88' title='bbox 48 904 67 928; x_wconf 71' lang='grc' dir='ltr'>»ι</span> <span class='ocrx_word' id='word_1_89' title='bbox 94 895 288 931; x_wconf 85' lang='lat' dir='ltr'>mentum</span> <span class='ocrx_word' id='word_1_90' title='bbox 311 886 448 930; x_wconf 88' lang='lat' dir='ltr'>dedit.</span> <span class='ocrx_word' id='word_1_91' title='bbox 478 890 631 947; x_wconf 86' lang='lat' dir='ltr'>Itaque</span> <span class='ocrx_word' id='word_1_92' title='bbox 664 903 808 946; x_wconf 85' lang='lat' dir='ltr'>neque</span> <span class='ocrx_word' id='word_1_93' title='bbox 843 889 918 946; x_wconf 88' lang='lat' dir='ltr'>qui</span> <span class='ocrx_word' id='word_1_94' title='bbox 944 887 1134 946; x_wconf 86' lang='lat' dir='ltr'>plantat,</span> <span class='ocrx_word' id='word_1_95' title='bbox 1161 887 1325 948; x_wconf 89' lang='lat' dir='ltr'>aliquid</span> <span class='ocrx_word' id='word_1_96' title='bbox 1343 898 1429 942; x_wconf 89' lang='lat' dir='ltr'>est,</span> 
     </span>
     <span class='ocr_line' id='line_1_14' title="bbox 2 949 1433 1017; baseline 0.002 -18"><span class='ocrx_word' id='word_1_97' title='bbox 2 949 5 1015; x_wconf 49' lang='lat' dir='ltr'><em>J</em></span> <span class='ocrx_word' id='word_1_98' title='bbox 47 975 67 998; x_wconf 88' lang='lat'>»</span> <span class='ocrx_word' id='word_1_99' title='bbox 94 972 235 1017; x_wconf 88' lang='lat' dir='ltr'>neque</span> <span class='ocrx_word' id='word_1_100' title='bbox 257 958 332 1016; x_wconf 91' lang='lat' dir='ltr'>qui</span> <span class='ocrx_word' id='word_1_101' title='bbox 352 957 476 1016; x_wconf 86' lang='lat' dir='ltr'>rigat,</span> <span class='ocrx_word' id='word_1_102' title='bbox 502 958 576 1001; x_wconf 88' lang='lat' dir='ltr'>sed</span> <span class='ocrx_word' id='word_1_103' title='bbox 599 959 674 1017; x_wconf 90' lang='lat' dir='ltr'>qui</span> <span class='ocrx_word' id='word_1_104' title='bbox 703 958 1022 1002; x_wconf 85' lang='lat' dir='ltr'>incrementum</span> <span class='ocrx_word' id='word_1_105' title='bbox 1046 958 1121 1002; x_wconf 90' lang='lat' dir='ltr'>dat</span> <span class='ocrx_word' id='word_1_106' title='bbox 1144 961 1299 1002; x_wconf 72' lang='lat' dir='ltr'>Deus2.</span> <span class='ocrx_word' id='word_1_107' title='bbox 1325 977 1344 999; x_wconf 89' lang='lat'>»</span> <span class='ocrx_word' id='word_1_108' title='bbox 1372 962 1433 1002; x_wconf 83' lang='lat' dir='ltr'>Ac.</span> 
     </span>
    </p>
   </div>
   <div class='ocr_carea' id='block_1_10' title="bbox 2 1033 5 1066">
    <p class='ocr_par' dir='ltr' id='par_1_10' title="bbox 2 1033 5 1066">
     <span class='ocr_line' id='line_1_15' title="bbox 2 1033 5 1048; baseline 0 0"><span class='ocrx_word' id='word_1_109' title='bbox 2 1033 5 1048; x_wconf 81' lang='grc' dir='ltr'>Ι</span> 
     </span>
     <span class='ocr_line' id='line_1_16' title="bbox 2 1052 4 1066; baseline 0 0"><span class='ocrx_word' id='word_1_110' title='bbox 2 1052 4 1066; x_wconf 78' lang='lat' dir='ltr'>l</span> 
     </span>
    </p>
   </div>
   <div class='ocr_carea' id='block_1_11' title="bbox 43 1028 1433 1088">
    <p class='ocr_par' dir='ltr' id='par_1_11' title="bbox 43 1028 1433 1088">
     <span class='ocr_line' id='line_1_17' title="bbox 43 1028 1433 1088; baseline 0 -17"><span class='ocrx_word' id='word_1_111' title='bbox 43 1043 118 1087; x_wconf 88' lang='lat' dir='ltr'>per</span> <span class='ocrx_word' id='word_1_112' title='bbox 148 1029 230 1073; x_wconf 88' lang='lat' dir='ltr'>hoc</span> <span class='ocrx_word' id='word_1_113' title='bbox 265 1028 376 1072; x_wconf 86' lang='lat' dir='ltr'>sicut</span> <span class='ocrx_word' id='word_1_114' title='bbox 397 1029 650 1073; x_wconf 82' lang='lat' dir='ltr'>exhortatur</span> <span class='ocrx_word' id='word_1_115' title='bbox 683 1038 726 1072; x_wconf 91' lang='lat' dir='ltr'>et</span> <span class='ocrx_word' id='word_1_116' title='bbox 754 1030 963 1088; x_wconf 78' lang='lat' dir='ltr'>praedicat</span> <span class='ocrx_word' id='word_1_117' title='bbox 998 1038 1129 1084; x_wconf 79' lang='lat' dir='ltr'>recte,</span> <span class='ocrx_word' id='word_1_118' title='bbox 1155 1028 1231 1072; x_wconf 91' lang='lat' dir='ltr'>sed</span> <span class='ocrx_word' id='word_1_119' title='bbox 1262 1029 1334 1072; x_wconf 93' lang='lat' dir='ltr'>ille</span> <span class='ocrx_word' id='word_1_120' title='bbox 1358 1029 1433 1088; x_wconf 90' lang='lat' dir='ltr'>qui</span> 
     </span>
    </p>
   </div>
   <div class='ocr_carea' id='block_1_12' title="bbox 0 1098 1434 1298">
    <p class='ocr_par' dir='ltr' id='par_1_12' title="bbox 0 1098 1434 1298">
     <span class='ocr_line' id='line_1_18' title="bbox 1 1098 1434 1159; baseline 0 -18"><span class='ocrx_word' id='word_1_121' title='bbox 1 1099 4 1141; x_wconf 73' lang='grc' dir='ltr'>ὲ</span> <span class='ocrx_word' id='word_1_122' title='bbox 42 1099 209 1157; x_wconf 87' lang='lat' dir='ltr'>accepit</span> <span class='ocrx_word' id='word_1_123' title='bbox 228 1100 312 1142; x_wconf 88' lang='lat' dir='ltr'>hoc</span> <span class='ocrx_word' id='word_1_124' title='bbox 335 1098 501 1142; x_wconf 88' lang='lat' dir='ltr'>donum</span> <span class='ocrx_word' id='word_1_125' title='bbox 526 1119 534 1142; x_wconf 87' lang='lat'>:</span> <span class='ocrx_word' id='word_1_126' title='bbox 555 1100 613 1142; x_wconf 81' lang='lat' dir='ltr'>ita</span> <span class='ocrx_word' id='word_1_127' title='bbox 647 1100 946 1143; x_wconf 81' lang='lat' dir='ltr'>exhortantem</span> <span class='ocrx_word' id='word_1_128' title='bbox 969 1109 1085 1144; x_wconf 82' lang='lat' dir='ltr'>recte</span> <span class='ocrx_word' id='word_1_129' title='bbox 1108 1109 1239 1159; x_wconf 90' lang='lat' dir='ltr'>atque</span> <span class='ocrx_word' id='word_1_130' title='bbox 1271 1099 1434 1157; x_wconf 79' lang='lat' dir='ltr'>praedi-</span> 
     </span>
     <span class='ocr_line' id='line_1_19' title="bbox 0 1167 1434 1230; baseline 0.001 -19"><span class='ocrx_word' id='word_1_131' title='bbox 0 1204 4 1230; x_wconf 57' lang='lat'>,</span> <span class='ocrx_word' id='word_1_132' title='bbox 42 1176 213 1211; x_wconf 88' lang='lat' dir='ltr'>cantem</span> <span class='ocrx_word' id='word_1_133' title='bbox 236 1168 431 1226; x_wconf 83' lang='lat' dir='ltr'>profecto</span> <span class='ocrx_word' id='word_1_134' title='bbox 449 1167 521 1211; x_wconf 83' lang='lat' dir='ltr'>ille</span> <span class='ocrx_word' id='word_1_135' title='bbox 539 1169 793 1212; x_wconf 81' lang='lat' dir='ltr'>obedienter</span> <span class='ocrx_word' id='word_1_136' title='bbox 812 1168 951 1223; x_wconf 89' lang='lat' dir='ltr'>audit,</span> <span class='ocrx_word' id='word_1_137' title='bbox 977 1170 1053 1228; x_wconf 90' lang='lat' dir='ltr'>qui</span> <span class='ocrx_word' id='word_1_138' title='bbox 1071 1169 1238 1227; x_wconf 83' lang='lat' dir='ltr'>accepit</span> <span class='ocrx_word' id='word_1_139' title='bbox 1256 1169 1338 1212; x_wconf 79' lang='lat' dir='ltr'>hoc</span> <span class='ocrx_word' id='word_1_140' title='bbox 1360 1169 1434 1212; x_wconf 85' lang='lat' dir='ltr'>do-</span> 
     </span>
     <span class='ocr_line' id='line_1_20' title="bbox 0 1238 1433 1298; baseline -0.001 -17"><span class='ocrx_word' id='word_1_141' title='bbox 0 1245 3 1260; x_wconf 81' lang='lat'>·&#39;</span> <span class='ocrx_word' id='word_1_142' title='bbox 42 1253 162 1281; x_wconf 90' lang='lat' dir='ltr'>num.</span> <span class='ocrx_word' id='word_1_143' title='bbox 192 1238 304 1281; x_wconf 86' lang='lat' dir='ltr'>Hinc</span> <span class='ocrx_word' id='word_1_144' title='bbox 332 1247 396 1281; x_wconf 87' lang='lat' dir='ltr'>est</span> <span class='ocrx_word' id='word_1_145' title='bbox 423 1238 541 1297; x_wconf 85' lang='lat' dir='ltr'>quod</span> <span class='ocrx_word' id='word_1_146' title='bbox 574 1239 805 1293; x_wconf 86' lang='lat' dir='ltr'>Dominus,</span> <span class='ocrx_word' id='word_1_147' title='bbox 831 1254 931 1282; x_wconf 80' lang='lat' dir='ltr'>eum</span> <span class='ocrx_word' id='word_1_148' title='bbox 962 1240 1020 1281; x_wconf 84' lang='lat' dir='ltr'>eis</span> <span class='ocrx_word' id='word_1_149' title='bbox 1052 1239 1332 1298; x_wconf 86' lang='lat' dir='ltr'>loqueretur,</span> <span class='ocrx_word' id='word_1_150' title='bbox 1357 1238 1433 1297; x_wconf 88' lang='lat' dir='ltr'>qui</span> 
     </span>
    </p>
   </div>
   <div class='ocr_carea' id='block_1_13' title="bbox 41 1306 1435 2496">
    <p class='ocr_par' dir='ltr' id='par_1_13' title="bbox 41 1306 1435 2496">
     <span class='ocr_line' id='line_1_21' title="bbox 41 1306 1434 1365; baseline 0 -14"><span class='ocrx_word' id='word_1_151' title='bbox 41 1306 179 1351; x_wconf 85' lang='lat' dir='ltr'>carnis</span> <span class='ocrx_word' id='word_1_152' title='bbox 202 1322 326 1350; x_wconf 83' lang='lat' dir='ltr'>aures</span> <span class='ocrx_word' id='word_1_153' title='bbox 345 1316 514 1365; x_wconf 84' lang='lat' dir='ltr'>apertas</span> <span class='ocrx_word' id='word_1_154' title='bbox 532 1308 761 1361; x_wconf 87' lang='lat' dir='ltr'>haberent,</span> <span class='ocrx_word' id='word_1_155' title='bbox 780 1307 953 1352; x_wconf 83' lang='lat' dir='ltr'>dicebat</span> <span class='ocrx_word' id='word_1_156' title='bbox 978 1317 1140 1362; x_wconf 86' lang='lat' dir='ltr'>tamen,</span> <span class='ocrx_word' id='word_1_157' title='bbox 1160 1327 1179 1349; x_wconf 90' lang='lat'>«</span> <span class='ocrx_word' id='word_1_158' title='bbox 1199 1308 1283 1360; x_wconf 85' lang='lat' dir='ltr'>Qui</span> <span class='ocrx_word' id='word_1_159' title='bbox 1301 1308 1434 1351; x_wconf 87' lang='lat' dir='ltr'>habet</span> 
     </span>
     <span class='ocr_line' id='line_1_22' title="bbox 45 1376 1432 1437; baseline 0.001 -18"><span class='ocrx_word' id='word_1_160' title='bbox 45 1395 66 1419; x_wconf 87' lang='lat'>»</span> <span class='ocrx_word' id='word_1_161' title='bbox 91 1392 213 1423; x_wconf 86' lang='lat' dir='ltr'>aures</span> <span class='ocrx_word' id='word_1_162' title='bbox 237 1376 441 1421; x_wconf 82' lang='lat' dir='ltr'>audiendi</span> <span class='ocrx_word' id='word_1_163' title='bbox 465 1377 638 1421; x_wconf 78' lang='lat' dir='ltr'>audiat3</span> <span class='ocrx_word' id='word_1_164' title='bbox 658 1397 666 1421; x_wconf 90' lang='lat'>:</span> <span class='ocrx_word' id='word_1_165' title='bbox 689 1396 708 1418; x_wconf 91' lang='lat'>»</span> <span class='ocrx_word' id='word_1_166' title='bbox 730 1394 837 1437; x_wconf 85' lang='lat' dir='ltr'>quas</span> <span class='ocrx_word' id='word_1_167' title='bbox 861 1394 948 1422; x_wconf 89' lang='lat' dir='ltr'>non</span> <span class='ocrx_word' id='word_1_168' title='bbox 968 1394 1118 1422; x_wconf 88' lang='lat' dir='ltr'>omnes</span> <span class='ocrx_word' id='word_1_169' title='bbox 1134 1379 1432 1436; x_wconf 85' lang='lat' dir='ltr'>haberetpro-</span> 
     </span>
     <span class='ocr_line' id='line_1_23' title="bbox 41 1447 1431 1507; baseline -0.001 -14"><span class='ocrx_word' id='word_1_170' title='bbox 41 1447 112 1493; x_wconf 88' lang='lat' dir='ltr'>cul</span> <span class='ocrx_word' id='word_1_171' title='bbox 129 1447 266 1492; x_wconf 88' lang='lat' dir='ltr'>dubio</span> <span class='ocrx_word' id='word_1_172' title='bbox 284 1457 477 1492; x_wconf 85' lang='lat' dir='ltr'>noverat.</span> <span class='ocrx_word' id='word_1_173' title='bbox 505 1450 539 1491; x_wconf 84' lang='grc' dir='ltr'>Α</span> <span class='ocrx_word' id='word_1_174' title='bbox 561 1463 649 1507; x_wconf 89' lang='lat' dir='ltr'>quo</span> <span class='ocrx_word' id='word_1_175' title='bbox 670 1457 814 1491; x_wconf 85' lang='lat' dir='ltr'>autem</span> <span class='ocrx_word' id='word_1_176' title='bbox 833 1448 1041 1502; x_wconf 83' lang='lat' dir='ltr'>habeant,</span> <span class='ocrx_word' id='word_1_177' title='bbox 1060 1448 1328 1507; x_wconf 82' lang='lat' dir='ltr'>quicumque</span> <span class='ocrx_word' id='word_1_178' title='bbox 1352 1449 1431 1492; x_wconf 89' lang='lat' dir='ltr'>ha·-</span> 
     </span>
     <span class='ocr_line' id='line_1_24' title="bbox 42 1518 1431 1578; baseline 0 -15"><span class='ocrx_word' id='word_1_179' title='bbox 42 1520 163 1573; x_wconf 82' lang='lat' dir='ltr'>bent,</span> <span class='ocrx_word' id='word_1_180' title='bbox 190 1518 279 1578; x_wconf 90' lang='lat' dir='ltr'>ipse</span> <span class='ocrx_word' id='word_1_181' title='bbox 306 1519 514 1562; x_wconf 87' lang='lat' dir='ltr'>Dominus</span> <span class='ocrx_word' id='word_1_182' title='bbox 537 1518 742 1573; x_wconf 89' lang='lat' dir='ltr'>ostendit,</span> <span class='ocrx_word' id='word_1_183' title='bbox 768 1519 845 1562; x_wconf 88' lang='lat' dir='ltr'>ubi</span> <span class='ocrx_word' id='word_1_184' title='bbox 864 1520 938 1573; x_wconf 84' lang='lat' dir='ltr'>ait,</span> <span class='ocrx_word' id='word_1_185' title='bbox 964 1538 982 1560; x_wconf 89' lang='lat'>«</span> <span class='ocrx_word' id='word_1_186' title='bbox 1003 1519 1124 1563; x_wconf 83' lang='lat' dir='ltr'>Dabo</span> <span class='ocrx_word' id='word_1_187' title='bbox 1147 1519 1207 1564; x_wconf 88' lang='lat' dir='ltr'>eis</span> <span class='ocrx_word' id='word_1_188' title='bbox 1229 1535 1303 1563; x_wconf 89' lang='lat' dir='ltr'>cor</span> <span class='ocrx_word' id='word_1_189' title='bbox 1327 1534 1431 1576; x_wconf 82' lang='lat' dir='ltr'>cog-</span> 
     </span>
     <span class='ocr_line' id='line_1_25' title="bbox 45 1588 1429 1648; baseline 0.001 -17"><span class='ocrx_word' id='word_1_190' title='bbox 45 1607 66 1630; x_wconf 90' lang='lat'>»</span> <span class='ocrx_word' id='word_1_191' title='bbox 91 1588 298 1633; x_wconf 88' lang='lat' dir='ltr'>noscendi</span> <span class='ocrx_word' id='word_1_192' title='bbox 316 1604 385 1632; x_wconf 88' lang='lat' dir='ltr'>me</span> <span class='ocrx_word' id='word_1_193' title='bbox 400 1598 441 1632; x_wconf 91' lang='lat' dir='ltr'>et</span> <span class='ocrx_word' id='word_1_194' title='bbox 458 1604 581 1632; x_wconf 86' lang='lat' dir='ltr'>aures</span> <span class='ocrx_word' id='word_1_195' title='bbox 594 1590 860 1633; x_wconf 62' lang='lat' dir='ltr'>audientesss.</span> <span class='ocrx_word' id='word_1_196' title='bbox 888 1608 906 1630; x_wconf 91' lang='lat'>»</span> <span class='ocrx_word' id='word_1_197' title='bbox 924 1592 1061 1633; x_wconf 83' lang='lat' dir='ltr'>Aures</span> <span class='ocrx_word' id='word_1_198' title='bbox 1081 1605 1183 1648; x_wconf 83' lang='lat' dir='ltr'>ergo</span> <span class='ocrx_word' id='word_1_199' title='bbox 1205 1589 1429 1644; x_wconf 88' lang='lat' dir='ltr'>audiendi,</span> 
     </span>
     <span class='ocr_line' id='line_1_26' title="bbox 42 1658 1435 1720; baseline 0 -17"><span class='ocrx_word' id='word_1_200' title='bbox 42 1659 182 1720; x_wconf 88' lang='lat' dir='ltr'>ipsum</span> <span class='ocrx_word' id='word_1_201' title='bbox 201 1668 264 1703; x_wconf 88' lang='lat' dir='ltr'>est</span> <span class='ocrx_word' id='word_1_202' title='bbox 287 1659 452 1703; x_wconf 88' lang='lat' dir='ltr'>donum</span> <span class='ocrx_word' id='word_1_203' title='bbox 469 1658 721 1715; x_wconf 87' lang='lat' dir='ltr'>obediendi,</span> <span class='ocrx_word' id='word_1_204' title='bbox 740 1669 789 1704; x_wconf 89' lang='lat' dir='ltr'>ut</span> <span class='ocrx_word' id='word_1_205' title='bbox 817 1661 893 1720; x_wconf 87' lang='lat' dir='ltr'>qui</span> <span class='ocrx_word' id='word_1_206' title='bbox 913 1660 958 1704; x_wconf 88' lang='lat' dir='ltr'>id</span> <span class='ocrx_word' id='word_1_207' title='bbox 977 1661 1214 1714; x_wconf 87' lang='lat' dir='ltr'>haberent,</span> <span class='ocrx_word' id='word_1_208' title='bbox 1237 1661 1435 1704; x_wconf 88' lang='lat' dir='ltr'>venirent</span> 
     </span>
     <span class='ocr_line' id='line_1_27' title="bbox 45 1729 1435 1789; baseline 0 -16"><span class='ocrx_word' id='word_1_209' title='bbox 45 1730 97 1774; x_wconf 86' lang='lat' dir='ltr'>ad</span> <span class='ocrx_word' id='word_1_210' title='bbox 114 1745 230 1785; x_wconf 87' lang='lat' dir='ltr'>eum,</span> <span class='ocrx_word' id='word_1_211' title='bbox 248 1729 301 1774; x_wconf 90' lang='lat' dir='ltr'>ad</span> <span class='ocrx_word' id='word_1_212' title='bbox 323 1746 454 1789; x_wconf 87' lang='lat' dir='ltr'>quem</span> <span class='ocrx_word' id='word_1_213' title='bbox 474 1746 602 1774; x_wconf 86' lang='lat' dir='ltr'>nemo</span> <span class='ocrx_word' id='word_1_214' title='bbox 620 1731 755 1785; x_wconf 85' lang='lat' dir='ltr'>venit,</span> <span class='ocrx_word' id='word_1_215' title='bbox 777 1731 856 1774; x_wconf 90' lang='lat' dir='ltr'>nisi</span> <span class='ocrx_word' id='word_1_216' title='bbox 880 1730 1011 1774; x_wconf 87' lang='lat' dir='ltr'>fuerit</span> <span class='ocrx_word' id='word_1_217' title='bbox 1030 1730 1069 1773; x_wconf 89' lang='lat' dir='ltr'>ei</span> <span class='ocrx_word' id='word_1_218' title='bbox 1089 1729 1240 1774; x_wconf 87' lang='lat' dir='ltr'>datum</span> <span class='ocrx_word' id='word_1_219' title='bbox 1266 1746 1290 1774; x_wconf 83' lang='lat' dir='ltr'>a</span> <span class='ocrx_word' id='word_1_220' title='bbox 1308 1733 1435 1774; x_wconf 85' lang='lat' dir='ltr'>Patre</span> 
     </span>
     <span class='ocr_line' id='line_1_28' title="bbox 43 1799 1435 1860; baseline 0 -17"><span class='ocrx_word' id='word_1_221' title='bbox 43 1801 216 1859; x_wconf 78' lang='lat' dir='ltr'>ipsius5.</span> <span class='ocrx_word' id='word_1_222' title='bbox 253 1801 548 1844; x_wconf 83' lang='lat' dir='ltr'>Exhortamur</span> <span class='ocrx_word' id='word_1_223' title='bbox 581 1815 684 1858; x_wconf 83' lang='lat' dir='ltr'>ergo</span> <span class='ocrx_word' id='word_1_224' title='bbox 725 1810 856 1860; x_wconf 89' lang='lat' dir='ltr'>atque</span> <span class='ocrx_word' id='word_1_225' title='bbox 891 1801 1178 1859; x_wconf 71' lang='lat' dir='ltr'>praedicamus</span> <span class='ocrx_word' id='word_1_226' title='bbox 1216 1819 1224 1845; x_wconf 89' lang='grc'>;</span> <span class='ocrx_word' id='word_1_227' title='bbox 1252 1799 1326 1843; x_wconf 88' lang='lat' dir='ltr'>sed</span> <span class='ocrx_word' id='word_1_228' title='bbox 1358 1800 1435 1859; x_wconf 90' lang='lat' dir='ltr'>qui</span> 
     </span>
     <span class='ocr_line' id='line_1_29' title="bbox 44 1869 1434 1929; baseline 0 -15"><span class='ocrx_word' id='word_1_229' title='bbox 44 1870 212 1914; x_wconf 84' lang='lat' dir='ltr'>habent</span> <span class='ocrx_word' id='word_1_230' title='bbox 231 1885 355 1913; x_wconf 81' lang='lat' dir='ltr'>aures</span> <span class='ocrx_word' id='word_1_231' title='bbox 383 1869 587 1914; x_wconf 89' lang='lat' dir='ltr'>audiendi</span> <span class='ocrx_word' id='word_1_232' title='bbox 611 1870 866 1914; x_wconf 81' lang='lat' dir='ltr'>obedienter</span> <span class='ocrx_word' id='word_1_233' title='bbox 888 1887 966 1915; x_wconf 89' lang='lat' dir='ltr'>nos</span> <span class='ocrx_word' id='word_1_234' title='bbox 990 1871 1175 1914; x_wconf 85' lang='lat' dir='ltr'>audiunt</span> <span class='ocrx_word' id='word_1_235' title='bbox 1202 1890 1210 1914; x_wconf 76' lang='grc' dir='ltr'>ε</span> <span class='ocrx_word' id='word_1_236' title='bbox 1236 1871 1311 1929; x_wconf 88' lang='lat' dir='ltr'>qui</span> <span class='ocrx_word' id='word_1_237' title='bbox 1332 1886 1434 1914; x_wconf 89' lang='lat' dir='ltr'>vero</span> 
     </span>
     <span class='ocr_line' id='line_1_30' title="bbox 45 1941 1434 2001; baseline -0.001 -15"><span class='ocrx_word' id='word_1_238' title='bbox 45 1957 114 1986; x_wconf 89' lang='lat' dir='ltr'>eas</span> <span class='ocrx_word' id='word_1_239' title='bbox 137 1957 225 1986; x_wconf 87' lang='lat' dir='ltr'>non</span> <span class='ocrx_word' id='word_1_240' title='bbox 249 1942 428 1996; x_wconf 81' lang='lat' dir='ltr'>habent,</span> <span class='ocrx_word' id='word_1_241' title='bbox 454 1942 502 1985; x_wconf 87' lang='lat' dir='ltr'>fit</span> <span class='ocrx_word' id='word_1_242' title='bbox 524 1942 568 1985; x_wconf 89' lang='lat' dir='ltr'>in</span> <span class='ocrx_word' id='word_1_243' title='bbox 591 1942 650 1985; x_wconf 90' lang='lat' dir='ltr'>eis</span> <span class='ocrx_word' id='word_1_244' title='bbox 668 1941 788 2001; x_wconf 85' lang='lat' dir='ltr'>quod</span> <span class='ocrx_word' id='word_1_245' title='bbox 808 1942 1015 2000; x_wconf 87' lang='lat' dir='ltr'>scriptum</span> <span class='ocrx_word' id='word_1_246' title='bbox 1034 1950 1112 1995; x_wconf 86' lang='lat' dir='ltr'>est,</span> <span class='ocrx_word' id='word_1_247' title='bbox 1136 1960 1155 1982; x_wconf 86' lang='lat'>«</span> <span class='ocrx_word' id='word_1_248' title='bbox 1176 1943 1233 1985; x_wconf 87' lang='lat' dir='ltr'>Ut</span> <span class='ocrx_word' id='word_1_249' title='bbox 1250 1941 1434 1984; x_wconf 86' lang='lat' dir='ltr'>audien-</span> 
     </span>
     <span class='ocr_line' id='line_1_31' title="bbox 48 2009 1430 2069; baseline 0.001 -17"><span class='ocrx_word' id='word_1_250' title='bbox 48 2030 67 2053; x_wconf 89' lang='lat'>»</span> <span class='ocrx_word' id='word_1_251' title='bbox 95 2021 156 2056; x_wconf 86' lang='lat' dir='ltr'>tes</span> <span class='ocrx_word' id='word_1_252' title='bbox 173 2026 262 2056; x_wconf 90' lang='lat' dir='ltr'>non</span> <span class='ocrx_word' id='word_1_253' title='bbox 280 2010 460 2055; x_wconf 85' lang='lat' dir='ltr'>audiant</span> <span class='ocrx_word' id='word_1_254' title='bbox 474 2013 488 2037; x_wconf 63' lang='grc' dir='ltr'>ὅ</span> <span class='ocrx_word' id='word_1_255' title='bbox 506 2031 517 2069; x_wconf 78' lang='lat'>3</span> <span class='ocrx_word' id='word_1_256' title='bbox 547 2029 565 2051; x_wconf 91' lang='lat'>»</span> <span class='ocrx_word' id='word_1_257' title='bbox 593 2011 818 2055; x_wconf 87' lang='lat' dir='ltr'>audientes</span> <span class='ocrx_word' id='word_1_258' title='bbox 842 2009 1044 2055; x_wconf 87' lang='lat' dir='ltr'>videlicet</span> <span class='ocrx_word' id='word_1_259' title='bbox 1065 2011 1256 2069; x_wconf 86' lang='lat' dir='ltr'>corporis</span> <span class='ocrx_word' id='word_1_260' title='bbox 1273 2026 1400 2054; x_wconf 89' lang='lat' dir='ltr'>sensu</span> <span class='ocrx_word' id='word_1_261' title='bbox 1420 2046 1430 2065; x_wconf 92' lang='lat'>,</span> 
     </span>
     <span class='ocr_line' id='line_1_32' title="bbox 44 2079 1434 2127; baseline -0.002 -1"><span class='ocrx_word' id='word_1_262' title='bbox 44 2097 134 2127; x_wconf 87' lang='lat' dir='ltr'>non</span> <span class='ocrx_word' id='word_1_263' title='bbox 156 2080 335 2125; x_wconf 88' lang='lat' dir='ltr'>audiant</span> <span class='ocrx_word' id='word_1_264' title='bbox 358 2080 498 2126; x_wconf 83' lang='lat' dir='ltr'>cordis</span> <span class='ocrx_word' id='word_1_265' title='bbox 527 2082 702 2125; x_wconf 87' lang='lat' dir='ltr'>assensi.</span> <span class='ocrx_word' id='word_1_266' title='bbox 730 2083 820 2126; x_wconf 73' lang='lat' dir='ltr'>Gui-</span> <span class='ocrx_word' id='word_1_267' title='bbox 843 2089 987 2124; x_wconf 90' lang='lat' dir='ltr'>autem</span> <span class='ocrx_word' id='word_1_268' title='bbox 1007 2079 1070 2123; x_wconf 89' lang='lat' dir='ltr'>illi</span> <span class='ocrx_word' id='word_1_269' title='bbox 1098 2080 1286 2124; x_wconf 88' lang='lat' dir='ltr'>babeant</span> <span class='ocrx_word' id='word_1_270' title='bbox 1310 2096 1434 2124; x_wconf 81' lang='lat' dir='ltr'>aures</span> 
     </span>
     <span class='ocr_line' id='line_1_33' title="bbox 45 2149 1432 2206; baseline -0.001 -10"><span class='ocrx_word' id='word_1_271' title='bbox 45 2151 278 2206; x_wconf 83' lang='lat' dir='ltr'>audiendi,</span> <span class='ocrx_word' id='word_1_272' title='bbox 301 2151 365 2195; x_wconf 88' lang='lat' dir='ltr'>illi</span> <span class='ocrx_word' id='word_1_273' title='bbox 388 2167 476 2195; x_wconf 89' lang='lat' dir='ltr'>non</span> <span class='ocrx_word' id='word_1_274' title='bbox 500 2152 708 2205; x_wconf 87' lang='lat' dir='ltr'>habeant,</span> <span class='ocrx_word' id='word_1_275' title='bbox 733 2152 813 2195; x_wconf 85' lang='lat' dir='ltr'>boc</span> <span class='ocrx_word' id='word_1_276' title='bbox 835 2160 923 2205; x_wconf 86' lang='lat' dir='ltr'>est,</span> <span class='ocrx_word' id='word_1_277' title='bbox 949 2166 1027 2194; x_wconf 84' lang='lat' dir='ltr'>eur</span> <span class='ocrx_word' id='word_1_278' title='bbox 1052 2149 1136 2193; x_wconf 87' lang='lat' dir='ltr'>illis</span> <span class='ocrx_word' id='word_1_279' title='bbox 1158 2149 1308 2195; x_wconf 88' lang='lat' dir='ltr'>datum</span> <span class='ocrx_word' id='word_1_280' title='bbox 1334 2152 1385 2194; x_wconf 91' lang='lat' dir='ltr'>sit</span> <span class='ocrx_word' id='word_1_281' title='bbox 1410 2168 1432 2194; x_wconf 89' lang='lat' dir='ltr'>a</span> 
     </span>
     <span class='ocr_line' id='line_1_34' title="bbox 45 2220 1428 2274; baseline -0.001 -8"><span class='ocrx_word' id='word_1_282' title='bbox 45 2226 171 2267; x_wconf 87' lang='lat' dir='ltr'>Patre</span> <span class='ocrx_word' id='word_1_283' title='bbox 193 2230 242 2266; x_wconf 87' lang='lat' dir='ltr'>ut</span> <span class='ocrx_word' id='word_1_284' title='bbox 264 2221 440 2266; x_wconf 87' lang='lat' dir='ltr'>veniant</span> <span class='ocrx_word' id='word_1_285' title='bbox 462 2221 516 2264; x_wconf 91' lang='lat' dir='ltr'>ad</span> <span class='ocrx_word' id='word_1_286' title='bbox 547 2220 728 2274; x_wconf 86' lang='lat' dir='ltr'>Filium,</span> <span class='ocrx_word' id='word_1_287' title='bbox 760 2220 845 2264; x_wconf 90' lang='lat' dir='ltr'>illis</span> <span class='ocrx_word' id='word_1_288' title='bbox 877 2229 1020 2264; x_wconf 87' lang='lat' dir='ltr'>autem</span> <span class='ocrx_word' id='word_1_289' title='bbox 1053 2236 1141 2265; x_wconf 91' lang='lat' dir='ltr'>non</span> <span class='ocrx_word' id='word_1_290' title='bbox 1175 2221 1227 2264; x_wconf 89' lang='lat' dir='ltr'>sit</span> <span class='ocrx_word' id='word_1_291' title='bbox 1249 2221 1428 2274; x_wconf 84' lang='lat' dir='ltr'>datum,</span> 
     </span>
     <span class='ocr_line' id='line_1_35' title="bbox 50 2292 1433 2351; baseline 0 -16"><span class='ocrx_word' id='word_1_292' title='bbox 50 2313 69 2335; x_wconf 88' lang='lat'>«</span> <span class='ocrx_word' id='word_1_293' title='bbox 91 2293 195 2346; x_wconf 87' lang='lat' dir='ltr'>Quis</span> <span class='ocrx_word' id='word_1_294' title='bbox 212 2293 410 2350; x_wconf 85' lang='lat' dir='ltr'>cognovit</span> <span class='ocrx_word' id='word_1_295' title='bbox 433 2307 606 2336; x_wconf 89' lang='lat' dir='ltr'>sensum</span> <span class='ocrx_word' id='word_1_296' title='bbox 630 2292 817 2346; x_wconf 83' lang='lat' dir='ltr'>Domini,</span> <span class='ocrx_word' id='word_1_297' title='bbox 838 2301 914 2335; x_wconf 83' lang='lat' dir='ltr'>aut</span> <span class='ocrx_word' id='word_1_298' title='bbox 936 2292 1032 2351; x_wconf 90' lang='lat' dir='ltr'>quis</span> <span class='ocrx_word' id='word_1_299' title='bbox 1052 2293 1143 2350; x_wconf 78' lang='lat' dir='ltr'>ejus</span> <span class='ocrx_word' id='word_1_300' title='bbox 1166 2292 1433 2335; x_wconf 87' lang='lat' dir='ltr'>consiliarius</span> 
     </span>
     <span class='ocr_line' id='line_1_36' title="bbox 49 2361 1428 2424; baseline 0.001 -18"><span class='ocrx_word' id='word_1_301' title='bbox 49 2383 69 2406; x_wconf 90' lang='lat'>»</span> <span class='ocrx_word' id='word_1_302' title='bbox 95 2365 233 2409; x_wconf 77' lang='lat' dir='ltr'>fuit7?</span> <span class='ocrx_word' id='word_1_303' title='bbox 254 2369 342 2409; x_wconf 89' lang='lat' dir='ltr'>Aut</span> <span class='ocrx_word' id='word_1_304' title='bbox 365 2373 412 2407; x_wconf 88' lang='lat' dir='ltr'>tu</span> <span class='ocrx_word' id='word_1_305' title='bbox 430 2364 526 2424; x_wconf 89' lang='lat' dir='ltr'>quis</span> <span class='ocrx_word' id='word_1_306' title='bbox 545 2378 610 2417; x_wconf 85' lang='lat' dir='ltr'>es,</span> <span class='ocrx_word' id='word_1_307' title='bbox 638 2378 663 2407; x_wconf 96' lang='lat' dir='ltr'>o</span> <span class='ocrx_word' id='word_1_308' title='bbox 686 2363 836 2417; x_wconf 88' lang='lat' dir='ltr'>homo,</span> <span class='ocrx_word' id='word_1_309' title='bbox 862 2363 936 2422; x_wconf 85' lang='lat' dir='ltr'>qui</span> <span class='ocrx_word' id='word_1_310' title='bbox 961 2361 1220 2421; x_wconf 87' lang='lat' dir='ltr'>respondeas</span> <span class='ocrx_word' id='word_1_311' title='bbox 1246 2363 1392 2407; x_wconf 64' lang='lat' dir='ltr'>Deossi&#39;</span> <span class='ocrx_word' id='word_1_312' title='bbox 1410 2381 1428 2402; x_wconf 89' lang='lat'>»</span> 
     </span>
     <span class='ocr_line' id='line_1_37' title="bbox 45 2433 1432 2496; baseline -0.004 -15"><span class='ocrx_word' id='word_1_313' title='bbox 45 2436 270 2496; x_wconf 89' lang='lat' dir='ltr'>Numquid</span> <span class='ocrx_word' id='word_1_314' title='bbox 302 2435 400 2479; x_wconf 92' lang='lat' dir='ltr'>ideo</span> <span class='ocrx_word' id='word_1_315' title='bbox 431 2433 680 2493; x_wconf 83' lang='lat' dir='ltr'>negandum</span> <span class='ocrx_word' id='word_1_316' title='bbox 724 2443 787 2478; x_wconf 89' lang='lat' dir='ltr'>est</span> <span class='ocrx_word' id='word_1_317' title='bbox 819 2433 938 2494; x_wconf 88' lang='lat' dir='ltr'>quod</span> <span class='ocrx_word' id='word_1_318' title='bbox 971 2443 1171 2493; x_wconf 87' lang='lat' dir='ltr'>apertum</span> <span class='ocrx_word' id='word_1_319' title='bbox 1210 2442 1294 2487; x_wconf 86' lang='lat' dir='ltr'>est,</span> <span class='ocrx_word' id='word_1_320' title='bbox 1330 2434 1432 2492; x_wconf 85' lang='lat' dir='ltr'>quia</span> 
     </span>
    </p>
   </div>
   <div class='ocr_carea' id='block_1_14' title="bbox 49 2533 1478 2636">
    <p class='ocr_par' dir='ltr' id='par_1_14' title="bbox 49 2533 1478 2636">
     <span class='ocr_line' id='line_1_38' title="bbox 94 2533 1478 2581; baseline -0.003 -10"><span class='ocrx_word' id='word_1_321' title='bbox 94 2545 104 2560; x_wconf 90' lang='lat'><em>¹</em></span> <span class='ocrx_word' id='word_1_322' title='bbox 124 2540 197 2581; x_wconf 83' lang='lat' dir='ltr'>Sap.</span> <span class='ocrx_word' id='word_1_323' title='bbox 216 2549 274 2579; x_wconf 88' lang='lat' dir='ltr'>vn,</span> <span class='ocrx_word' id='word_1_324' title='bbox 297 2538 347 2570; x_wconf 87' lang='lat'>16.</span> <span class='ocrx_word' id='word_1_325' title='bbox 365 2554 406 2560; x_wconf 88' lang='lat'>--</span> <span class='ocrx_word' id='word_1_326' title='bbox 422 2543 435 2559; x_wconf 86' lang='lat'>2</span> <span class='ocrx_word' id='word_1_327' title='bbox 459 2549 469 2568; x_wconf 91' lang='grc' dir='ltr'>ι</span> <span class='ocrx_word' id='word_1_328' title='bbox 494 2539 565 2569; x_wconf 84' lang='lat' dir='ltr'>Cor.</span> <span class='ocrx_word' id='word_1_329' title='bbox 587 2548 632 2577; x_wconf 85' lang='lat' dir='ltr'>ni,</span> <span class='ocrx_word' id='word_1_330' title='bbox 653 2537 749 2569; x_wconf 82' lang='lat'>5-10.</span> <span class='ocrx_word' id='word_1_331' title='bbox 767 2554 806 2559; x_wconf 91' lang='lat'><strong>—</strong></span> <span class='ocrx_word' id='word_1_332' title='bbox 826 2534 840 2557; x_wconf 82' lang='lat'>3</span> <span class='ocrx_word' id='word_1_333' title='bbox 867 2538 944 2568; x_wconf 80' lang='lat' dir='ltr'>Luc.</span> <span class='ocrx_word' id='word_1_334' title='bbox 965 2546 1010 2576; x_wconf 84' lang='grc' dir='ltr'>ιιι,</span> <span class='ocrx_word' id='word_1_335' title='bbox 1030 2535 1061 2566; x_wconf 90' lang='lat'>8.</span> <span class='ocrx_word' id='word_1_336' title='bbox 1080 2534 1149 2563; x_wconf 72' lang='lat' dir='ltr'>-c,</span> <span class='ocrx_word' id='word_1_337' title='bbox 1170 2534 1308 2574; x_wconf 70' lang='lat' dir='ltr'>baruch,</span> <span class='ocrx_word' id='word_1_338' title='bbox 1324 2545 1358 2573; x_wconf 80' lang='grc' dir='ltr'>ιι,</span> <span class='ocrx_word' id='word_1_339' title='bbox 1379 2533 1430 2565; x_wconf 85' lang='grc' dir='ltr'>3ι.</span> <span class='ocrx_word' id='word_1_340' title='bbox 1471 2561 1478 2567; x_wconf 80' lang='grc'>,</span> 
     </span>
     <span class='ocr_line' id='line_1_39' title="bbox 49 2588 1363 2636; baseline -0.005 -9"><span class='ocrx_word' id='word_1_341' title='bbox 49 2592 116 2618; x_wconf 83' lang='lat'><em>...5</em></span> <span class='ocrx_word' id='word_1_342' title='bbox 133 2596 224 2627; x_wconf 84' lang='lat' dir='ltr'>Joan.</span> <span class='ocrx_word' id='word_1_343' title='bbox 246 2593 362 2636; x_wconf 81' lang='lat' dir='ltr'>v1,66.</span> <span class='ocrx_word' id='word_1_344' title='bbox 382 2610 417 2616; x_wconf 86' lang='lat'>-·</span> <span class='ocrx_word' id='word_1_345' title='bbox 437 2592 453 2616; x_wconf 69' lang='grc' dir='ltr'>ὅ</span> <span class='ocrx_word' id='word_1_346' title='bbox 474 2592 679 2631; x_wconf 79' lang='lat' dir='ltr'>Matt11.x1u,</span> <span class='ocrx_word' id='word_1_347' title='bbox 704 2591 811 2624; x_wconf 82' lang='lat'>13.—</span> <span class='ocrx_word' id='word_1_348' title='bbox 827 2599 840 2625; x_wconf 90' lang='lat'><strong>7</strong></span> <span class='ocrx_word' id='word_1_349' title='bbox 857 2594 947 2624; x_wconf 88' lang='lat' dir='ltr'>Rom.</span> <span class='ocrx_word' id='word_1_350' title='bbox 968 2601 1011 2632; x_wconf 80' lang='lat' dir='ltr'>xi,</span> <span class='ocrx_word' id='word_1_351' title='bbox 1031 2588 1083 2629; x_wconf 71' lang='grc'>34.</span> <span class='ocrx_word' id='word_1_352' title='bbox 1100 2590 1164 2614; x_wconf 77' lang='grc'>-8</span> <span class='ocrx_word' id='word_1_353' title='bbox 1183 2591 1229 2623; x_wconf 83' lang='lat' dir='ltr'>ld.</span> <span class='ocrx_word' id='word_1_354' title='bbox 1245 2600 1290 2632; x_wconf 78' lang='lat' dir='ltr'>ix,</span> <span class='ocrx_word' id='word_1_355' title='bbox 1310 2600 1363 2622; x_wconf 81' lang='lat'>20.</span> 
     </span>
    </p>
   </div>
  </div>
 </body>
</html>
