1884 3285
428 246 509 282 200
851 257 884 287 S.
921 260 1150 293 At‘ct‘s'rnvl
1184 269 1362 298 EPISCOPI

422 319 600 376 longum
624 329 687 364 est
708 321 941 381 disputare.
977 330 1142 375 Horum
1167 348 1268 378 sane
1290 336 1423 382 trium
1446 353 1654 397 generum
1677 346 1709 389 si
1732 363 1802 393 re-

417 388 647 447 quirantur
669 393 862 452 exempla
876 430 887 449 ‚
909 398 1037 455 primi
1055 404 1222 458 generis
1240 405 1284 449 in
1307 407 1444 452 Adam
1466 410 1558 455 sine
1578 413 1668 459 ullo
1684 417 1802 464 nodo
1869 432 1884 464 .-“

414 460 664 517 quaestionis
687 467 890 510 occurrit.
914 469 1053 515 Multa
1071 474 1233 534 quippe
1256 486 1359 522 sunt
1384 495 1483 539 quae
1505 494 1643 542 agunt
1659 487 1801 533 homi·
1837 498 1847 522 ν’

411 543 486 573 nes
508 530 641 586 mala,
668 549 690 577 a
714 536 872 595 quibus
900 539 958 583 eis
980 541 1164 588 liberum
1189 555 1251 590 est
1283 550 1525 595 abstinere1
1555 573 1563 598 :
1589 555 1665 600 sed
1689 559 1800 605 nulli
1836 553 1845 599 {7
1881 575 1884 579 ⁴

409 609 497 644 tam
519 601 707 648 liberum
725 618 808 662 est,
835 626 966 669 quam
992 612 1055 657 illi
1077 615 1185 672 fuit,
1211 620 1285 678 qui
1311 623 1400 665 Deo
1422 637 1500 667 suo
1515 659 1526 679 ‚
1554 641 1577 670 a
1598 643 1686 687 quo
1708 641 1799 676 erat

407 672 610 718 conditus
638 686 801 734 rectus,
834 680 956 726 nullo
986 698 1158 742 prorsus
1187 688 1290 733 vitio
1321 690 1581 752 depravatus
1609 700 1792 746 astabat.

406 743 592 787 Secundi
617 757 760 791 autem
788 753 975 808 generis,
1007 756 1082 799 ubi
1116 764 1421 807 tantummodo
1445 775 1509 810 est
1538 783 1670 826 poena
1693 786 1795 830 pec·
1842 790 1845 799 ³
1874 811 1879 818 .

398 813 508 868 eati,
541 816 786 875 exemplum
815 821 859 864 in
893 837 944 867 eo
968 825 1081 871 malo
1109 838 1171 872 est
1189 865 1199 884 ‚
1225 832 1343 890 quod
1374 835 1561 896 quisque
1589 853 1641 882 ex
1670 841 1790 888 nulla
1842 854 1846 890 s
1876 847 1884 857 “

396 892 521 941 parte
543 886 656 943 agit,
687 890 762 932 sed
787 896 1094 942 tantummodo
1120 900 1283 957 patitur
1309 922 1316 946 :
1344 904 1464 950 velut
1486 921 1585 952 cum
1608 924 1686 968 pro
1711 927 1791 958 suo
1838 909 1843 932 ⁵

392 954 553 999 scelere
571 992 581 1010 ‚
607 959 682 1018 qui
711 964 926 1020 peccavit,
956 968 1170 1014 occiditur
1187 1007 1197 1025 ‚
1224 974 1312 1018 sive
1334 975 1416 1020 alia
1439 982 1630 1038 corporis
1654 998 1786 1042 poena
1839 983 1845 1056 Ξ

389 1040 666 1088 quacumque
682 1034 917 1079 cruciatur.
943 1040 1134 1084 Tertium
1153 1057 1256 1087 vero
1275 1060 1410 1102 genus
1426 1082 1437 1101 ,
1459 1049 1536 1092 ubi
1555 1062 1784 1109 peccatum

386 1096 528 1154 ipsum
548 1108 611 1143 est
635 1111 677 1145 et
697 1118 825 1160 poena
849 1110 1038 1164 peccati,
1061 1120 1203 1169 potest
1227 1113 1412 1174 intelligi
1429 1119 1474 1162 in
1497 1135 1549 1164 eo
1570 1122 1647 1181 qui
1662 1123 1780 1182 dicit,
1840 1120 1845 1130 ⁴

385 1168 515 1218 Quod
537 1170 639 1214 nolo
654 1164 818 1217 malum
839 1176 921 1220 hoc
939 1194 1036 1237 ago.
1061 1180 1131 1224 Ad
1146 1182 1228 1227 hoc
1247 1186 1469 1242 pertinent
1487 1190 1618 1236 etiam
1637 1196 1783 1241 omnia

383 1254 483 1297 quae
516 1256 593 1298 per
625 1243 912 1301 ignorantiam
946 1265 1045 1293 cum
1071 1262 1263 1309 aguntur
1291 1257 1431 1314 mala,
1457 1276 1546 1305 non
1570 1273 1782 1322 putantur
1848 1283 1853 1329 J

380 1309 519 1364 mala,
545 1312 613 1356 vel
641 1315 770 1358 etiam
793 1328 1005 1375 putantur
1028 1322 1158 1368 bona.
1191 1327 1372 1372 Caecitas
1403 1331 1517 1375 enim
1547 1334 1689 1381 cordis
1706 1372 1717 1391 ‚
1743 1339 1777 1382 si

380 1390 610 1437 peecatum
634 1399 723 1429 non
747 1397 856 1432 esset
873 1425 883 1443 ‚
911 1390 1069 1450 injuste
1091 1406 1346 1452 argueretur
1367 1418 1375 1443 :
1401 1403 1599 1460 arguitur
1626 1416 1774 1452 autem

374 1451 508 1510 juste,
525 1453 790 1513 ubidicitur,
811 1479 830 1502 ι(
849 1462 1062 1507 Pharisaee
1073 1468 1228 1525 caeee²3
1251 1487 1266 1509 υ
1285 1478 1328 1513 et
1340 1470 1431 1515 aliis
1446 1472 1645 1531 plurimis
1660 1477 1774 1522 divi-

376 1536 533 1565 norum
555 1524 829 1585 eloquiorum
852 1530 972 1576 locis.
996 1536 1249 1597 Eademque
1268 1555 1415 1586 rursus
1433 1545 1604 1591 caeeitas
1621 1548 1655 1591 si
1673 1564 1771 1608 pec-

376 1592 460 1635 cati
473 1608 604 1652 poena
623 1612 711 1641 non
725 1609 850 1656 esset,
873 1618 959 1646 non
977 1603 1196 1651 diceretur
1214 1628 1221 1653 :
1246 1628 1264 1650 α
1284 1613 1528 1659 Excaeeavit
1542 1618 1657 1662 enim
1675 1619 1772 1666 illos

373 1678 394 1702 »
423 1663 585 1709 malitia
607 1666 809 1713 illorum3
830 1690 838 1715 z
864 1691 883 1712 »
909 1675 1031 1733 quod
1051 1677 1084 1719 si
1108 1676 1163 1721 de
1192 1680 1265 1723 Dei
1283 1681 1451 1740 judicio
1473 1700 1563 1732 non
1585 1690 1766 1747 veniret,

369 1746 461 1777 non
482 1732 725 1793 legeremus
748 1758 756 1784 ε
787 1760 806 1781 α
831 1742 1132 1790 Obscurentur
1156 1750 1272 1794 oculi
1299 1768 1453 1799 eorum
1481 1772 1536 1802 ne
1559 1759 1766 1816 videant,

371 1820 392 1844 »
415 1812 457 1848 et
480 1803 658 1851 dorsum
681 1824 832 1855 eorum
855 1828 1025 1874 semper
1046 1817 1227 1864 incurva
1241 1823 1272 1865 4.
1297 1841 1316 1864 n
1339 1827 1445 1878 Quis
1463 1843 1593 1886 porro
1613 1832 1764 1878 volens

368 1887 509 1918 caecus
532 1885 595 1920 est
609 1878 761 1935 corde,
783 1897 883 1926 cum
902 1885 1008 1930 velit
1021 1903 1150 1934 nemo
1165 1906 1305 1938 caecus
1319 1910 1409 1940 esse
1434 1898 1502 1942 vel
1523 1905 1735 1961 corpore?

428 1946 616 1992 Proinde
635 1950 845 2009 originale
866 1967 1094 2013 peccatum
1118 1976 1199 2006 nec
1223 1963 1278 2008 ad
1304 1965 1415 2011 illud
1437 1971 1626 2027 pertinet
1645 1976 1764 2034 quod

365 2014 507 2072 primo
529 2015 625 2062 loeo
648 2022 872 2078 posuimus
890 2059 901 2079 ‚
928 2027 1006 2070 ubi
1029 2038 1092 2073 est
1115 2031 1317 2078 voluntas
1338 2037 1503 2083 malum
1525 2044 1760 2100 operandi,

364 2085 484 2128 unde
500 2085 690 2134 liberum
713 2101 776 2136 est
799 2094 1040 2156 abstinere3
1065 2100 1259 2163 alioquin
1283 2121 1373 2151 non
1396 2111 1505 2155 esset
1532 2112 1576 2156 in
1598 2129 1762 2173 parvu-

363 2153 415 2197 lis
430 2189 440 2209 ‚
467 2157 543 2216 qui
566 2159 762 2206 nondum
788 2164 1026 2213 voluntatis
1044 2180 1231 2218 utuntur
1251 2176 1429 2224 arbitrio
1452 2200 1460 2225 :
1481 2196 1561 2227 nec
1579 2183 1634 2227 ad
1650 2184 1760 2230 illud

362 2226 484 2283 quod
506 2230 699 2276 secundo
721 2242 1185 2302 commemoravimus3
1212 2245 1267 2290 de
1295 2261 1475 2308 peccato
1496 2254 1611 2298 enim
1638 2271 1759 2302 nunc

362 2296 531 2354 agimus
550 2334 560 2353 ,
583 2316 671 2345 non
695 2304 750 2347 de
767 2320 898 2364 poena
916 2344 926 2363 ,
953 2326 1053 2370 quae
1075 2329 1165 2358 non
1192 2326 1255 2361 est
1277 2330 1504 2376 peccatum
1521 2359 1532 2379 ,
1557 2328 1757 2386 quamvis

360 2371 527 2425 peccati
554 2373 708 2419 merito
729 2379 1024 2440 subsequatur
1057 2404 1065 2429 ς
1100 2402 1229 2446 quam
1260 2391 1437 2449 quidem
1460 2396 1689 2454 patiuntur
1709 2409 1755 2445 et

359 2438 557 2495 parvuli,
591 2444 692 2502 quia
717 2446 827 2492 inest
859 2451 918 2494 eis
948 2468 1105 2512 corpus
1131 2469 1354 2504 mortuum
1387 2474 1566 2524 propter
1596 2483 1751 2526 pecca-

409 2546 418 2560 1
439 2541 515 2573 Vide
537 2542 591 2575 lib.
626 2558 644 2577 v
672 2547 712 2579 de
738 2550 834 2583 Civit.
864 2554 933 2593 Dei,
967 2565 1040 2597 cap.
1068 2567 1118 2599 12,
1152 2564 1185 2592 et
1207 2560 1262 2594 lib.
1288 2573 1352 2605 xxi,
1374 2575 1445 2607 cap.
1469 2567 1525 2600 26.
1543 2585 1584 2593 —
1600 2577 1612 2593 ²
1632 2571 1745 2609 Matth.

378 2603 448 2636 xm,
468 2597 521 2627 ¹26.
538 2598 604 2623 —3
623 2602 696 2643 Sap.
716 2615 752 2641 ιι,
773 2607 1195 2657 21.—-4Psal.1.xitr,2.'4.
