1884 3285
382 278 392 282 -
422 248 503 286 302
857 259 890 284 s.
928 257 1156 286 Aeeusrnu
1189 258 1369 286 muscum

422 341 442 363 »
468 321 723 364 electionem
742 320 887 379 gratiae
910 320 1037 365 factae
1059 330 1183 378 sunt3
1207 322 1240 365 si
1262 329 1407 365 autem
1426 321 1583 379 gratia,
1597 322 1686 381 jam
1709 337 1799 368 non

422 409 442 432 »
468 407 522 434 ex
543 391 745 449 operibus
760 425 772 445 ,
797 390 991 450 alioquin
1013 391 1146 448 gratia
1162 393 1251 452 jam
1275 407 1364 436 non
1385 399 1449 435 est
1471 391 1605 450 gratia
1626 395 1656 436 ¹.
1682 393 1800 445 Quid

421 478 441 503 >›
466 461 656 505 debebat
683 462 810 505 etiam
833 461 916 506 illis
939 462 1019 506 nisi
1044 463 1302 522 supplicium
1321 497 1332 518 ,
1361 463 1520 522 quibus
1545 462 1678 518 dicit,·
1701 465 1799 510 Non

420 548 441 573 »
468 541 644 590 propter
660 546 734 576 vos
752 547 832 590 ego
850 531 959 576 facio
977 567 987 586 ,
1005 531 1160 577 domus
1178 533 1329 586 Israel,
1350 532 1425 577 sed
1443 542 1620 592 propter
1637 548 1805 587 nomen,

419 618 441 643 »
467 616 612 645 meum
635 612 833 647 sanetum
849 636 860 656 ,
884 601 1002 662 quod
1026 603 1281 661 prolanastis
1303 604 1346 647 in
1375 603 1639 660 gentibus²P
1664 622 1683 646 »
1709 606 1798 648 Fa·-

417 686 513 716 eere
530 687 631 730 ergo
643 688 687 717 se
701 672 806 717 dicit
828 673 940 717 bona
958 687 1107 717 eorum
1127 674 1169 717 in
1191 674 1321 732 ipsis;
1342 672 1418 717 sed
1441 682 1617 732 propter
1639 689 1800 720 nomen

416 757 543 786 suum
567 743 686 800 quod
709 742 1076 801 profanaverunt,
1101 759 1190 788 non
1213 753 1388 803 propter
1418 744 1531 803 ipsos
1555 744 1630 804 qui
1648 743 1800 803 profa-

415 820 630 855 naverunt
657 831 665 857 ε
689 827 788 856 nam
813 822 988 872 propter
1009 813 1122 873 ipsos
1144 814 1178 858 si
1195 813 1336 858 faeere
1356 813 1511 863 vellet,
1536 814 1798 874 supplicium

413 881 496 927 illis
524 884 724 928 debitum
746 883 974 939 redderet,
1005 900 1093 929 non
1120 887 1298 943 gratiam
1325 885 1509 930 donaret
1537 885 1794 930 indebitam.

414 954 543 1006 Quod
565 954 679 998 enim
697 969 742 998 se
764 954 983 999 facturum
1007 956 1110 1000 dicit
1127 991 1138 1010 ,
1164 956 1217 1000 ad
1237 957 1320 1000 hoc
1340 958 1527 1015 pertinet
1542 967 1591 1000 ut
1605 957 1720 1001 bona
1737 954 1800 1000 fa·-

413 1024 552 1080 eiant,
589 1041 679 1070 non
711 1027 813 1085 quia
852 1027 955 1070 boni
995 1037 1117 1071 erant
1153 1028 1227 1087 qui
1261 1027 1601 1086 profanaverunt
1638 1043 1799 1072 nomen

411 1106 610 1141 sanctum
645 1099 754 1157 ejus.
789 1097 984 1156 Denique
1014 1098 1279 1156 apertissime
1314 1099 1440 1153 dicit,
1473 1114 1544 1143 eos
1573 1099 1685 1143 bona
1708 1113 1798 1143 esse

411 1165 631 1224 facturos;
654 1167 729 1210 sed
751 1182 794 1210 se
822 1166 1086 1211 faciente'ut
1108 1183 1156 1211 ea
1190 1167 1351 1212 faciant
1377 1187 1386 1212 ;
1417 1169 1475 1213 ait
1498 1169 1661 1228 quippe
1687 1168 1798 1212 inter

411 1246 587 1292 caetera,
628 1256 647 1279 κ
680 1241 733 1281 Et
767 1237 922 1282 faciam
951 1248 1000 1282 ut
1030 1239 1475 1298 injustificationibus
1507 1240 1612 1283 meis
1636 1240 1796 1284 ambu-
1860 1267 1867 1284 l

413 1324 433 1348 »
459 1307 554 1353 letis
571 1342 582 1363 ,
602 1307 825 1368 etjudicia
849 1324 944 1353 mea
966 1309 1202 1354 observetis
1223 1319 1266 1353 et
1290 1309 1451 1354 faciatis
1468 1312 1498 1352 3.
1526 1328 1546 1351 »
1577 1310 1652 1354 His
1680 1318 1796 1354 certe
1862 1352 1869 1371 ἱ,

409 1379 613 1436 operibus
638 1395 800 1424 merces
821 1381 1064 1439 imputatur
1090 1380 1330 1425 secundum
1356 1382 1553 1425 debitum
1578 1400 1586 1426 :
1612 1381 1798 1425 debetur
1862 1373 1868 1379 ⁵

411 1449 528 1493 enim
551 1450 735 1494 merces⁴
751 1485 761 1504 ,
786 1450 820 1493 si
842 1451 948 1494 fiant
966 1471 976 1507 3
1000 1451 1074 1495 sed
1093 1452 1226 1509 gratia
1243 1467 1343 1510 quae
1358 1467 1446 1496 non
1460 1451 1668 1507 debetur,
1688 1467 1798 1511 prae·
1864 1487 1869 1506 2

410 1518 527 1564 cedit
549 1528 598 1562 ut
620 1520 740 1563 fiant.
766 1520 985 1576 Debetur,
1017 1522 1222 1580 inquam,
1254 1523 1367 1566 bona
1400 1537 1562 1566 merces
1592 1522 1798 1582 operibus
1863 1530 1868 1582 ἶ

410 1588 639 1633 hominum
673 1590 797 1634 bonis
823 1609 831 1634 :
856 1589 931 1634 sed
953 1607 1041 1635 non
1065 1592 1251 1636 debetur
1277 1593 1433 1651 gratia,
1457 1609 1556 1653 quae
1578 1595 1691 1652 ipsos
1712 1593 1796 1638 ho·
1863 1597 1868 1613 ¹

409 1662 547 1705 mines
567 1661 704 1705 bonos
725 1671 929 1721 operatur
943 1678 994 1706 ex
1011 1662 1149 1708 malis.

471 1735 694 1776 Postremo
716 1733 791 1791 qui
812 1732 952 1777 facere
972 1737 1109 1777 Deum
1145 1734 1285 1778 dixisti
1307 1735 1426 1793 quod
1450 1734 1603 1788 debet,
1639 1742 1684 1778 et
1711 1733 1798 1779 alta

408 1802 574 1846 cervice
586 1803 777 1846 humana
792 1804 941 1848 merita
953 1804 1185 1858 ventilasti,
1201 1804 1271 1848 dic
1286 1820 1448 1864 quaeso,
1464 1805 1623 1864 quibus
1636 1804 1798 1849 meritis

409 1871 690 1929 parvulorum
717 1873 876 1917 debeat
898 1889 1081 1932 regnum
1109 1872 1340 1918 coelorum.
1376 1875 1576 1920 Dicturus
1598 1889 1642 1919 es
1663 1873 1793 1931 forte,

409 1941 567 1987 debere
591 1944 673 1988 hoc
693 1958 793 1987 eum
818 1945 965 2002 gratiae
987 1961 1095 2000 suae,
1122 1961 1209 2004 qua
1239 1945 1480 2004 opitulante
1511 1946 1648 1989 renati
1672 1953 1789 1990 sunt.

410 2015 592 2072 Propter
624 2015 736 2058 hanc
764 2014 880 2058 enim
909 2025 1128 2074 acceptam
1146 2018 1238 2075 jam
1259 2017 1404 2061 venire
1431 2017 1476 2059 in
1497 2017 1589 2076 ejus
1610 2030 1795 2075 regnum

408 2092 633 2127 merentur
654 2102 663 2128 ;
684 2083 760 2127 sed
773 2085 907 2143 ipsam
924 2085 1121 2143 gratiam,
1142 2101 1271 2145 quarn
1286 2086 1588 2145 regenerandis
1601 2085 1793 2142 exhibet,

409 2150 541 2202 nullis
555 2168 703 2197 eorum
719 2155 898 2198 omnino
911 2155 1071 2199 meritis
1085 2155 1231 2199 debet.
1250 2159 1481 2215 Propterea
1496 2155 1691 2214 Pelagius
1703 2170 1798 2200 ves-

409 2230 475 2267 ter
489 2223 534 2267 in
547 2223 781 2283 episcopali
798 2225 963 2284 judicio
980 2225 1233 2271 Palaestino⁵
1251 2262 1262 2281 ,
1282 2242 1351 2272 eos
1365 2227 1441 2287 qui
1454 2226 1606 2271 dicunt
1618 2226 1798 2284 gratiam

411 2294 487 2337 Dei
500 2294 740 2339 secundum
754 2296 904 2340 merita
916 2306 1060 2342 nostra
1071 2297 1179 2352 dari,
1198 2314 1252 2342 ne
1265 2299 1355 2357 ipse
1369 2298 1665 2352 damnaretur,
1679 2296 1798 2341 dam-

411 2378 515 2409 nare
531 2365 781 2424 compulsus
802 2375 866 2410 est
883 2385 892 2412 ι
910 2367 986 2410 ubi
1007 2377 1050 2412 et
1072 2377 1111 2412 te
1130 2369 1289 2427 ipsum,
1311 2377 1354 2412 et
1377 2383 1422 2412 se
1438 2369 1596 2427 ipsum,
1617 2367 1693 2427 qui
1715 2368 1798 2412 hoc

461 2491 467 2507 ¹
497 2487 587 2518 Rom.
609 2497 652 2527 xi,
672 2485 690 2517 5
713 2491 746 2518 et
767 2486 800 2519 6.
817 2503 859 2509 -—
875 2492 888 2509 ²
910 2487 1026 2519 Ezech.
1048 2499 1159 2527 xxxvi,
1179 2496 1233 2520 22.
1247 2485 1317 2510 —3
1338 2487 1419 2520 lbid.
1441 2498 1494 2529 27.
1511 2505 1549 2511 --
1566 2485 1582 2517 4
1611 2485 1752 2520 Arausio.
1774 2497 1801 2519 11

411 2539 531 2573 Concil.
550 2551 618 2572 can.
652 2540 703 2579 18,
728 2545 762 2574 et
780 2544 926 2584 Prosper.
947 2543 1092 2575 Sentent.
1123 2552 1196 2583 297.
1214 2559 1253 2565 -
1267 2540 1282 2566 ⁵
1309 2542 1387 2576 Vlde
1414 2543 1466 2574 lib.
1486 2544 1527 2575 de
1552 2542 1653 2576 Gestis
1671 2540 1798 2583 Pelagii,

413 2605 485 2636 cap.
513 2595 546 2635 ¹4
567 2600 601 2627 et
618 2594 669 2627 35.
