1821 3264
258 266 402 293 opems
434 264 609 292 lMPEnF.
644 263 807 290 CONTRA
841 260 1010 290 sumam.
1047 264 1128 289 Lm.
1167 263 1214 288 11.
1345 249 1430 288 383

0 324 10 382 ΙΔ
51 332 133 375 rim
154 363 165 386 ‚
204 329 274 376 vel
317 344 406 374 esse
445 327 754 388 disputaverim
792 326 997 385 originale
1038 335 1280 386 peccatum.
1328 327 1433 369 Tam

50 404 213 464 quippe
251 401 473 461 imperitos
505 401 599 443 haec
630 408 704 442 tua
735 398 872 443 credis
901 413 989 442 esse
1017 397 1225 452 lecturos,
1253 397 1329 456 qui
1357 411 1435 440 ne-

51 475 189 520 sciant
208 489 339 534 quam
357 471 484 516 multi
500 479 599 515 ante
619 485 695 514 nos
713 469 915 515 Ecclesiae
937 469 1127 529 clarique
1143 469 1357 521 doctores,
1375 467 1435 510 sic

0 561 10 593 t
51 548 131 591 ista
150 543 345 604 Apostoli
369 543 499 589 verba
518 541 807 586 intellexerint
827 549 869 584 et
889 541 1192 599 exposuerint,
1220 538 1434 600 quemad-

0 622 6 663 i
51 618 232 661 modum
251 624 342 660 tota
357 629 409 658 ex
425 614 520 673 ipso
539 612 664 656 initio
681 612 745 655 sui
768 610 978 655 catholica
994 609 1198 668 intelligit
1215 609 1282 653 vel
1300 608 1438 653 credit

51 687 244 732 Ecclesia
264 705 274 731 ε
293 701 393 746 quae
410 686 640 730 doctorum
660 683 792 726 verba
810 682 843 726 si
860 681 971 726 mala
996 691 1126 736 sunt,
1144 682 1255 724 sicut
1275 694 1350 723 vos
1371 678 1439 722 di-

0 753 7 791 3
52 773 150 803 cere
166 773 256 802 non
274 758 431 802 timetis
451 777 462 814 3
481 753 704 815 quomodo
719 769 799 812 ego
814 769 907 797 sum
920 788 931 808 ‚
953 768 1099 813 quaeso
1115 762 1179 807 te,
1200 760 1331 811 caput
1355 750 1438 794 ho-

0 842 8 883 v·
52 844 150 874 rum
169 838 212 874 et
227 844 356 874 causa
377 826 614 884 malorum3
639 826 717 869 nisi
734 825 835 884 quia
858 834 906 868 tu
926 839 968 867 es
983 833 1114 883 caput
1135 824 1289 867 harum
1302 856 1313 877 ‚
1333 835 1440 881 quas

0 916 8 945 r
50 901 158 945 mihi
179 900 373 944 rabiosus
394 898 551 958 ingeris
567 933 577 952 ,
598 895 940 941 calumniarum?
960 897 1069 939 Nam
1090 894 1122 937 si
1141 909 1244 937 sano
1261 892 1440 937 cerebro

0 975 15 1048 τ’
51 971 342 1017 considerares
359 971 564 1014 humanae
579 967 680 1012 vitae
702 966 892 1010 miserias
911 981 933 1009 a
951 965 1099 1024 primis
1112 964 1285 1008 fletibus
1300 960 1440 1005 infan-

51 1044 158 1088 tium
180 1058 319 1104 usque
336 1041 390 1087 ad
407 1051 621 1086 extremos
636 1039 822 1098 gemitus
843 1038 1121 1082 morientium
1137 1057 1148 1094 3
1167 1036 1331 1078 videres
1346 1048 1443 1092 pro·

0 1115 3 1122 '
50 1112 191 1169 fecto,
218 1114 338 1174 quod
361 1128 440 1158 nec
463 1127 567 1171 ego,
599 1126 679 1154 nec
704 1119 775 1162 tu,
808 1108 882 1153 sed
903 1107 976 1152 ille
997 1107 1135 1152 Adam
1158 1105 1291 1150 fuerit
1312 1110 1444 1162 caput

0 1200 7 1207 “
51 1184 208 1229 horum
245 1195 288 1229 et
319 1199 448 1228 causa
483 1182 701 1227 malorum
746 1200 754 1225 ε
788 1179 908 1239 quod
936 1178 1088 1223 nolens
1116 1177 1263 1222 videre
1291 1173 1445 1218 clausis

0 1270 3 1303 :
53 1255 188 1300 oculis
214 1257 400 1311 clamas,
430 1265 473 1299 et
497 1256 664 1315 justum
693 1252 770 1297 Dei
798 1266 887 1295 esse
909 1249 1149 1310 judicium,
1174 1256 1217 1291 et
1245 1261 1333 1290 non
1355 1258 1445 1287 esse

53 1327 260 1386 originale
283 1336 525 1387 peccatum.
553 1328 662 1378 Quae
678 1323 767 1368 duo
796 1324 909 1366 inter
936 1336 980 1366 se
1007 1335 1136 1381 quam
1162 1319 1247 1361 sint
1269 1324 1447 1361 contra-

52 1398 137 1453 ria,
161 1398 470 1458 proculdubio
496 1411 714 1449 cerneres,
746 1409 836 1437 non
861 1392 960 1437 dico
981 1391 1014 1435 si
1044 1391 1201 1434 horum
1233 1386 1446 1430 malorum

53 1477 185 1527 caput
205 1484 294 1513 non
318 1483 428 1512 esses
444 1503 454 1523 ‚
481 1468 581 1528 quia
603 1465 756 1524 utique
779 1478 868 1507 non
895 1478 964 1519 es;
989 1460 1063 1505 sed
1087 1461 1119 1504 si
1143 1473 1297 1503 sanum
1317 1462 1450 1514 caput

53 1537 236 1584 haberes
251 1574 260 1591 ‚
281 1539 401 1599 quod
420 1537 583 1582 habere
601 1550 744 1595 posses
762 1569 772 1587 ‚
793 1534 826 1577 si
843 1531 1043 1577 doctores
1060 1527 1284 1589 sequendo
1304 1525 1451 1570 catho-

0 1666 2 1670 λ
54 1606 160 1654 licos
181 1618 312 1669 caput
336 1608 558 1665 Pelagium
580 1621 669 1650 non
689 1604 886 1648 haberes.

0 1724 2 1729 .
114 1682 206 1726 CV.
243 1682 470 1724 JULIANUS.
511 1697 531 1720 «
555 1677 835 1736 Exprimatur
856 1674 990 1732 igitur
1010 1672 1073 1717 vis
1091 1675 1452 1728 argumentorum

2 1748 5 1750 ¹
58 1760 250 1796 tuorum.
273 1755 376 1796 Post
392 1764 524 1811 quam
543 1748 650 1792 dixit
667 1745 827 1791 Paulus
840 1780 850 1800 ‚
876 1743 978 1804 quia
998 1741 1138 1786 multo
1155 1739 1290 1797 magis
1308 1737 1451 1780 abun-

59 1823 201 1867 dasset
222 1823 355 1882 gratia
381 1819 612 1867 Salvatoris
628 1818 682 1863 ad
699 1815 964 1861 medendum
978 1849 988 1869 ,
1007 1827 1138 1874 quam
1155 1806 1453 1870 praevaricatio

59 1894 187 1954 primi
220 1894 409 1938 hominis
440 1892 494 1936 ad
526 1889 774 1936 nocendum
795 1923 805 1943 7
832 1887 1028 1946 sequitur
1058 1903 1066 1928 :
1095 1901 1115 1924 r>
1148 1885 1206 1926 Et
1232 1895 1322 1924 non
1344 1879 1454 1922 sicut

59 1982 137 2026 per
167 1982 306 2011 unum
329 1975 580 2026 peccantem
603 1999 612 2018 ,
638 1963 696 2006 ita
722 1969 785 2005 est
817 1968 859 2003 et
884 1957 1047 2002 donum
1079 1975 1087 1999 z
1114 1968 1213 1997 nam
1238 1950 1454 2011 judicium

61 2053 114 2082 ex
137 2054 226 2083 uno
250 2039 296 2082 in
318 2034 730 2082 condemnationem
751 2068 760 2087 ‚
791 2031 923 2089 gratia
947 2037 1091 2072 autem
1120 2041 1170 2068 ex
1198 2021 1346 2067 multis
1375 2020 1454 2063 de-

61 2108 172 2154 lictis
206 2111 251 2153 in
283 2108 654 2168 justificationem.
692 2123 709 2145 «
748 2103 879 2156 Quod
910 2110 959 2145 tu
988 2098 1195 2143 delictum
1226 2107 1363 2137 unum
1402 2089 1457 2133 ad

0 2173 2 2183 ἱ
62 2180 472 2226 condemnationem
497 2177 732 2229 sufficiens,
757 2172 966 2232 originale
989 2185 1078 2215 esse
1096 2164 1323 2213 contendis
1339 2198 1349 2217 ‚
1370 2180 1390 2203 »
1412 2162 1458 2205 in

65 2267 214 2297 omnes
235 2249 434 2295 videlicet
448 2248 647 2293 homines
662 2244 948 2306 pertransiens
969 2258 979 2285 .·
998 2240 1178 2300 gratiam
1197 2244 1342 2280 autem
1358 2231 1456 2276 ideo

65 2339 116 2369 ex
136 2322 284 2368 multis
307 2321 474 2366 delictis
495 2322 539 2365 in
558 2318 913 2380 justificationem
938 2313 1046 2367 dici3
1073 2310 1173 2371 quia
1200 2323 1288 2352 non
1315 2303 1458 2349 solum

66 2393 178 2437 illud
204 2408 342 2437 unum
372 2391 522 2447 solvit,
550 2389 670 2451 quod
704 2386 968 2446 originaliter
990 2382 1176 2427 trahitur
1194 2414 1203 2432 ‚
1231 2376 1305 2421 sed
1327 2373 1459 2417 etiam

68 2475 223 2510 caetera
244 2480 343 2525 quae
365 2465 410 2507 in
442 2476 712 2522 unoquoque
737 2458 916 2503 homine
938 2463 1062 2499 motu
1084 2450 1272 2512 propriae
1296 2443 1458 2490 volun-

67 2536 164 2580 tatis
185 2534 424 2580 adduntur.
448 2553 467 2575 α
486 2532 554 2578 Ad
569 2531 689 2592 quod
704 2525 1051 2575 confirmandum
1071 2521 1203 2581 paulo
1218 2525 1316 2578 post
1334 2527 1460 2572 argu·
1485 2538 1492 2543 -

0 2597 3 2623 ³
68 2606 269 2651 mentaris
288 2640 297 2662 ‚
319 2604 422 2665 quia
443 2604 479 2649 si
494 2604 580 2648 hoc
599 2614 736 2645 unum
754 2596 961 2643 delictum
978 2592 1032 2638 ad
1050 2587 1459 2637 condemnationem
