1884 3285
1830 190 1833 212 l

1831 248 1835 272 ι

420 291 504 331 344
850 306 882 331 s.
920 302 1151 331 AUGUSTINI
1183 303 1365 330 EPISCOPI
1832 289 1845 341 ξ’

1834 407 1839 428 l

408 378 642 426 antequam
680 366 843 426 aliquid
881 382 956 425 per
983 367 1253 412 voluntatem
1289 367 1508 426 propriam
1532 376 1794 427 operentur,
1833 357 1837 396 ἶ

414 452 508 480 reos
525 452 614 480 ess<
638 452 725 480 non
750 452 931 495 posse.»

470 513 762 552 Aucusnnus.
801 511 1002 551 Parentes
1026 508 1202 567 quidem
1225 507 1443 566 gignendo
1458 515 1656 566 parentes
1671 517 1788 562 sunt,
1836 511 1841 572 ξ
1867 526 1884 556 a

411 588 455 624 et
476 578 554 622 filii
578 579 797 623 nascendo
818 577 895 622 filii
916 588 1054 623 sunt:
1082 594 1162 624 nec
1185 580 1359 656 gigneie
1381 587 1660 654 aute1n‚nec
1681 579 1797 623 nasci
1838 593 1842 630 2
1868 597 1884 632 5·

411 734 497 779 que
516 719 606 762 sine
627 718 834 778 pudenda
856 717 1037 762 libidine
1052 728 1196 777 posset
1216 720 1259 762 in
1278 717 1477 778 paradiso
1496 717 1605 772 fieri,
1621 717 1654 761 si
1671 732 1801 762 nemo
1841 719 1845 761 ἐ

412 798 645 847 peccasset.
684 787 893 831 Pudenda
923 789 1038 831 enim
1060 788 1197 833 libido
1220 788 1300 832 nisi
1329 797 1404 832 aut
1431 796 1608 847 peccato
1631 797 1799 843 exorta,
1842 793 1846 832 ἱ
1879 822 1884 837 Δ

410 869 485 903 aut
502 868 679 918 peccato
702 859 850 903 vitiata
872 869 1002 914 esset,
1032 859 1237 918 pudenda
1259 875 1349 903 non
1372 868 1482 903 esset
1498 879 1510 916 3
1527 868 1571 902 et
1590 867 1666 903 aut
1681 857 1804 903 nulla
1845 888 1847 892 s

411 939 519 973 esset
542 929 721 974 omnino
741 964 752 984 ,
777 939 820 973 et
842 930 933 973 sine
956 929 1028 974 illa
1050 931 1108 974 ita
1131 930 1341 974 servirent
1376 928 1578 987 genitalia
1607 929 1801 973 membra
1845 930 1849 970 ἶ
1874 937 1884 973 ’ζ-

415 1000 709 1059 gignentibus,
731 1010 780 1044 ut
796 1015 948 1044 manus
970 1003 1163 1045 serviunt
1186 1001 1465 1060 operantibus
1492 1022 1503 1058 3
1523 1009 1598 1044 aut
1620 1001 1679 1044 ita
1696 1009 1806 1045 esset
1847 1015 1851 1062 ζ

415 1071 685 1129 subsequens
715 1069 986 1114 voluntatem
1007 1105 1017 1124 ‚
1056 1080 1104 1114 ut
1135 1085 1361 1130 nunquam
1397 1079 1540 1129 posset
1577 1069 1807 1115 sollicitare
1848 1072 1851 1126 j

413 1142 635 1186 nolentem
655 1162 666 1198 3
690 1140 864 1200 qualem
878 1156 996 1184 nunc
1010 1156 1104 1184 eam
1122 1156 1212 1185 non
1227 1156 1332 1196 esse,
1350 1141 1522 1186 castitas
1542 1140 1687 1197 docet,
1707 1157 1807 1201 quae
1850 1133 1853 1188 ᾗ

416 1212 520 1257 tales
543 1220 686 1255 motus
708 1212 798 1269 ejus
819 1220 1039 1269 expugnat
1056 1246 1066 1265 3
1091 1211 1197 1258 etin
1225 1211 1466 1271 conjugatis
1482 1246 1493 1267 ‚
1521 1226 1576 1255 ne
1599 1210 1670 1256 vel
1693 1211 1808 1255 inter
1880 1236 1884 1264 ÷

415 1297 459 1326 se
482 1281 733 1326 indecenter
759 1281 1010 1336 lasciviant,
1036 1282 1106 1326 vel
1128 1283 1173 1326 in
1200 1282 1412 1327 adulteria
1429 1281 1718 1341 prolabantur
1734 1317 1746 1338 ‚
1764 1291 1808 1327 et
1852 1284 1855 1310 ἕ

414 1353 459 1395 in
477 1352 725 1411 quibusque
746 1352 1094 1406 continentibus,
1117 1368 1196 1396 nec
1216 1353 1319 1397 huic
1336 1352 1672 1407 consentiendo,
1698 1352 1808 1412 deji-

417 1423 604 1467 ciantur.
632 1425 744 1466 Ecce
778 1423 832 1466 de
855 1438 939 1482 qua
968 1423 1155 1467 trahitur
1185 1422 1396 1482 originale
1426 1432 1654 1483 peccatum
1679 1442 1688 1468 2
1713 1437 1813 1467 ecce
1855 1444 1858 1455 ›

418 1508 495 1552 per
517 1507 648 1552 quani
679 1492 797 1536 nasci
819 1491 960 1536 noluit
981 1527 990 1547 ‚
1017 1494 1093 1552 qui
1129 1494 1247 1537 venit
1265 1529 1275 1548 ‚
1308 1509 1398 1539 non
1420 1509 1548 1539 suum
1570 1492 1684 1538 ferre
1699 1527 1711 1548 ‚
1735 1491 1813 1538 sed
1855 1494 1858 1509 ¹

421 1572 619 1607 nostrum
638 1561 808 1606 auferre
832 1573 1073 1622 peccatum.

483 1635 643 1677 XLIII.
676 1636 903 1678 Jiuams.
945 1655 959 1673 «
1000 1637 1113 1678 Eant
1155 1650 1273 1679 nunc
1293 1669 1304 1689 ,
1335 1643 1379 1678 et
1410 1636 1557 1680 omnia
1595 1634 1812 1695 quidquid
1858 1645 1861 1686 ξ

422 1713 604 1763 possunt
625 1705 879 1748 Manichaeae
898 1705 1075 1748 rationis
1103 1703 1338 1748 moliantur
1361 1706 1549 1764 ingenia,
1578 1720 1710 1766 quam
1732 1720 1812 1749 vo·
1858 1702 1861 1717 ¹

420 1774 520 1817 lunt
548 1773 699 1831 longas
722 1774 944 1833 patiantur
965 1775 1281 1833 cogitationum
1305 1791 1521 1821 aerumnas
1548 1795 1556 1821 :
1582 1792 1672 1821 non
1693 1791 1813 1821 arro·
1860 1785 1864 1838 ξ

422 1853 595 1903 gamer,
618 1845 694 1888 sed
718 1843 914 1902 religiose
936 1845 1170 1905 polliceor,
1191 1861 1419 1906 nunquam
1438 1848 1550 1892 hanc
1571 1849 1814 1893 instructu·
1862 1843 1865 1894 ζ

423 1931 515 1959 ram
533 1930 658 1974 posse
680 1917 885 1975 quassari.
912 1934 932 1957 »
1863 1905 1865 1911 ¹

485 1990 539 2030 A1
557 2005 779 2031 Gusnms.
815 1989 955 2040 Quam
978 1988 1289 2032 instructuram
1306 2003 1456 2042 vocas,
1473 1989 1555 2033 tibi
1579 1989 1703 2033 ruina
1725 1998 1811 2044 est,
1865 2036 1867 2046 ἶ

423 2072 524 2116 quae
544 2065 586 2100 te
608 2056 667 2100 ita
691 2057 859 2115 pressit,
885 2066 934 2101 ut
953 2057 1133 2102 laudare
1148 2068 1324 2117 cogeret
1346 2059 1468 2119 quod
1497 2074 1723 2119 expugnas
1747 2079 1755 2104 :
1781 2060 1817 2104 si

425 2135 573 2170 tamen
598 2136 660 2170 est
681 2127 725 2170 in
750 2137 790 2171 te
817 2127 1148 2188 qualiscumque
1176 2130 1347 2174 castitas
1366 2164 1378 2184 ‚
1400 2145 1499 2190 quae
1521 2139 1564 2175 te
1586 2129 1714 2175 faciat
1743 2145 1817 2174 ex·
1866 2135 1870 2183 ἒ

426 2211 622 2255 pugnare
640 2197 761 2256 quod
780 2196 946 2242 laudas.
1868 2190 1871 2196 ’

493 2268 651 2310 LXIV.
703 2269 728 2310 J
734 2287 746 2309 1
764 2285 931 2312 manns.
979 2288 998 2310 «
1047 2271 1142 2322 Qua
1177 2270 1312 2329 igitur
1351 2269 1496 2315 fronte
1537 2272 1764 2332 subjungis
1804 2292 1813 2318 :

430 2355 451 2379 «
471 2336 666 2391 Sed‚Per
684 2352 823 2381 unum
836 2339 1058 2383 hominem
1079 2350 1307 2398 peccatum
1321 2342 1366 2386 in
1380 2342 1598 2386 mundum
1620 2343 1812 2398 intravit,
1870 2395 1873 2399 ,

429 2426 449 2448 »
468 2416 511 2451 et
528 2422 603 2466 per
620 2417 846 2466 peccatum
870 2423 999 2464 mors,
1023 2419 1066 2453 et
1082 2410 1141 2453 ita
1163 2410 1208 2453 in
1232 2426 1382 2455 omnes
1404 2412 1602 2457 homines
1620 2423 1818 2472 pertran-
1871 2453 1874 2460 ,

428 2496 449 2519 »
466 2478 548 2533 siit,
575 2479 619 2522 in
641 2494 729 2539 quo
759 2494 907 2524 omnes
931 2490 1222 2539 peccaverunt
1247 2485 1256 2506 ¹
1284 2483 1300 2523 '?
1326 2500 1344 2523 »
1371 2482 1490 2543 quod
1523 2483 1816 2543 interpretaris
1872 2507 1873 2510 ¹

429 2548 510 2592 hoc
526 2549 673 2604 modo,
693 2560 741 2594 ut
755 2559 981 2610 peccatum
995 2551 1049 2595 ab
1065 2551 1142 2596 illo
1158 2551 1274 2597 dicat
1285 2553 1519 2613 Apostolus
1535 2555 1816 2613 generatione

479 2640 486 2656 ¹
509 2633 587 2666 Vide
604 2633 659 2666 lib.
683 2645 693 2667 1
716 2635 756 2667 de
772 2635 908 2678 Nuptiis,
930 2646 1001 2678 cap.
1032 2645 1086 2679 27.
1124 2639 1212 2670 Rom.
1240 2648 1272 2678 v,
1297 2646 1346 2670 12.
1874 2622 1877 2630 Ι
