1884 3285
446 232 530 272 256
866 240 900 269 s.
937 239 1165 270 mensum
1199 240 1378 269 Enscom

1870 226 1873 243 ἔ

1870 262 1872 267 v
1880 247 1884 266 4

444 321 599 351 usurus
627 306 703 350 tali
738 306 986 351 testimonio
1017 305 1138 366 quod
1171 305 1348 365 captivis
1377 306 1608 359 convenit,
1634 315 1710 351 aut
1740 307 1826 352 tale
1869 314 1884 358 {s

443 376 738 420 testimonium
761 376 991 420 subdidisti
1012 411 1023 431 ,
1047 385 1143 435 post
1171 390 1302 436 quam
1326 374 1509 418 liberum
1541 375 1685 420 fueras
1716 392 1824 422 con-

442 446 577 490 fessus
599 446 821 491 arbitrium
845 449 863 488 *ἒ
889 467 906 487 »
936 447 1006 490 Ais
1023 446 1136 489 enim
1159 465 1166 490 :
1185 448 1281 491 Non
1299 459 1506 502 negamus
1525 445 1752 489 arbitrium
1771 445 1825 489 li·

441 515 596 560 berum
619 537 630 574 3
654 515 731 560 sed
750 551 761 569 ‚
785 536 805 558 «
829 517 863 561 si
888 532 963 561 vos
981 515 1116 560 Filius
1136 515 1406 569 liberaverit,
1432 515 1492 558 ait
1512 517 1701 570 Veritas,
1719 524 1825 561 tunc
1869 514 1884 551 ἶ

442 603 464 628 »
490 601 589 630 vere
620 585 746 630 liberi
773 587 889 631 eritis
917 589 946 629 ¹.
977 604 995 627 »
1027 585 1304 630 Manifestum
1338 594 1402 628 est
1424 585 1646 629 Christum
1674 586 1717 629 in
1750 586 1825 630 illo

439 656 536 702 loco
563 656 619 702 ad
640 657 854 716 captivam
872 656 1178 701 conscientiam
1204 656 1334 700 verba
1357 654 1507 700 fecisse
1529 672 1539 706 ;
1560 671 1692 716 quam
1713 655 1821 700 libe·
1869 671 1872 698 τ

439 742 532 771 ram
559 743 649 772 non
676 743 764 772 esse
787 726 1002 786 prodebat
1027 743 1038 777 3
1069 725 1145 770 sed
1172 725 1407 770 obnoxiam
1435 725 1473 768 ei
1507 725 1695 781 ultioni,
1726 741 1825 784 quae
1870 758 1872 782 r

440 797 705 842 condemnat
738 806 947 856 peecata,
983 795 1119 840 libera
1150 795 1375 840 voluntate
1405 795 1645 839 commissa.
1683 797 1823 848 Quam
1869 820 1871 854 1

437 868 694 912 sententiam
712 876 761 911 tu
778 865 890 911 male
905 866 1163 925 intelligens,
1187 866 1231 910 id
1254 875 1332 921 est,
1359 881 1447 910 non
1471 864 1732 924 intelligens,
1751 873 1826 910 aut
1868 871 1872 899 ὲ

435 936 549 981 forte
578 939 620 981 in
644 947 685 981 te
703 937 972 995 intelligens,
999 945 1042 980 et
1060 937 1145 980 huc
1168 946 1320 980 natura
1342 951 1418 979 sua
1442 944 1712 995 repugnante
1731 943 1821 979 tra·
1868 972 1871 980 .

435 1007 543 1050 hens
558 1041 568 1061 ,
592 1007 636 1051 in
670 1022 722 1051 eo
744 1007 921 1065 posuisti
953 1006 1073 1060 loco,
1098 1005 1174 1049 ubi
1197 1021 1219 1049 a
1243 1005 1328 1049 tuis
1349 1006 1622 1050 sermonibus
1644 1014 1734 1050 tota
1756 1005 1822 1049 sui
1868 1043 1870 1049 s

434 1077 698 1136 proprietate
736 1077 968 1122 discordat.
1011 1078 1066 1120 Ut
1103 1076 1219 1119 enim
1261 1076 1351 1133 ipsa
1387 1076 1518 1118 verba
1548 1077 1819 1134 jungamus:
1868 1084 1871 1115 ,·

435 1146 566 1201 Quod
588 1147 825 1202 liberatur,
862 1147 1082 1205 captivum
1116 1155 1179 1188 est
1206 1164 1214 1189 ;
1253 1144 1373 1204 quod
1402 1146 1622 1204 captivum
1655 1154 1745 1200 est,
1769 1145 1823 1189 li-

432 1217 590 1261 berum
611 1232 702 1261 non
721 1226 784 1262 est
805 1235 813 1260 ;
839 1216 959 1275 quod
976 1214 1162 1259 liberum
1182 1224 1260 1270 est,
1287 1215 1507 1274 captivum
1525 1231 1615 1260 non
1633 1224 1710 1259 est.
1740 1233 1760 1256 »

490 1291 783 1333 Amusoemvs.
818 1287 913 1332 Alia
935 1296 999 1331 est
1026 1286 1217 1330 remissio
1242 1296 1542 1346 peccatorum,
1567 1287 1613 1330 in
1637 1287 1696 1331 eis
1723 1302 1822 1347 quae

430 1358 543 1402 male
570 1358 684 1403 facta
711 1368 814 1403 sunt
840 1379 850 1415 3
878 1357 961 1402 alia
983 1358 1168 1402 charitas
1190 1392 1200 1413 ‚
1232 1373 1331 1417 quae
1359 1358 1463 1402 facit
1483 1358 1670 1401 liberum
1693 1357 1748 1401 ad
1772 1373 1820 1401 ca

432 1446 532 1489 quae
547 1431 662 1475 bona
686 1429 883 1475 facienda
906 1438 1023 1473 sunt.
1050 1431 1245 1489 Utroque
1268 1429 1400 1473 modo
1416 1429 1572 1473 liberat
1594 1429 1816 1473 Christus:
1866 1437 1869 1479 ζ

429 1501 535 1560 quia
561 1510 604 1545 et
625 1501 898 1560 iniquitatem
927 1499 1192 1558 ignoscendo
1215 1499 1378 1555 aufert,
1403 1509 1446 1545 et
1468 1498 1719 1559 inspirando
1740 1500 1820 1544 t'ri-
1866 1518 1867 1525 ¹

429 1571 527 1616 buit
540 1573 810 1617 charitatem.

489 1644 707 1686 LXXXV.
735 1645 758 1686 J
766 1659 893 1686 eman
904 1661 961 1686 ts.
994 1660 1010 1680 «
1036 1643 1101 1684 Tu
1123 1641 1333 1685 utrumvis
1350 1641 1420 1685 hic
1441 1639 1693 1700 simpliciter
1714 1655 1819 1685 con·
1865 1671 1866 1674 ,

430 1713 568 1767 fitere,
595 1722 638 1757 et
662 1711 854 1757 cavillari
872 1711 1020 1755 desine
1044 1731 1054 1767 3
1080 1720 1155 1754 aut
1176 1709 1247 1755 dic
1269 1711 1496 1756 nobiscum
1518 1710 1708 1754 liberum
1729 1726 1818 1756 esse

429 1783 678 1838 arbitrium,
711 1791 755 1827 et
783 1797 956 1826 remove
989 1781 1286 1826 testimonium
1307 1817 1318 1837 ‚
1354 1782 1475 1842 quod
1503 1797 1582 1827 suo
1621 1791 1817 1842 tempore

429 1869 622 1913 congrue
642 1853 861 1913 prolatum
885 1862 948 1897 est
973 1872 982 1897 :
1013 1862 1088 1896 aut
1111 1853 1222 1897 sicut
1242 1853 1287 1896 in
1305 1853 1373 1897 his
1394 1851 1514 1897 libris
1531 1887 1542 1908 ‚
1568 1868 1677 1913 quos
1701 1868 1818 1897 nunc

428 1939 506 1983 per
537 1924 747 1984 Alypium
775 1923 830 1968 ad
859 1922 1127 1968 Bonifacium
1157 1923 1338 1978 misisti,
1378 1923 1448 1967 dic
1482 1923 1701 1983 captivum
1729 1939 1818 1968 esse
1863 1929 1865 1984 ξ

428 1994 657 2038 arbitrium
678 2029 688 2047 ,
714 1994 836 2052 quod
856 2009 934 2037 nos
963 1993 1150 2036 liberum
1178 1993 1360 2037 dicimus
1387 2014 1400 2050 3
1433 2002 1476 2036 et
1497 1992 1645 2036 desine
1667 2002 1709 2036 te
1736 2008 1815 2037 ne·
1862 2002 1865 2049 J

429 2078 530 2123 gare
546 2063 857 2108 Manichaeum.
887 2081 906 2103 »

488 2138 781 2179 Auctsnucs.
802 2133 1070 2179 Manichaeus
1085 2131 1403 2176 immutabilem
1417 2133 1703 2177 substantiam
1717 2133 1818 2177 mali

428 2215 596 2250 naturae
620 2205 697 2249 Dei
725 2204 791 2248 sui
821 2204 970 2247 miscet
998 2203 1174 2246 insanus
1191 2237 1202 2257 ‚
1236 2212 1278 2246 ct
1296 2201 1492 2246 eamdem
1516 2212 1718 2248 naturam
1742 2205 1817 2247 Dei
1860 2202 1864 2219 ³

428 2277 572 2335 potius
595 2273 923 2335 corruptibilem
949 2273 1079 2327 facit,
1103 2282 1146 2315 et
1168 2272 1249 2316 sub
1271 2271 1408 2316 aliena
1431 2282 1587 2318 natura
1610 2273 1703 2317 vult
1729 2289 1818 2317 esse

426 2346 643 2404 captivam
671 2365 680 2390 2
704 2344 811 2388 fides
829 2352 974 2388 autem
990 2341 1219 2396 catholica,
1246 2342 1429 2396 bonam,
1451 2342 1526 2387 sed
1549 2353 1693 2387 tamen
1717 2359 1815 2387 mu·

427 2416 626 2469 tabilem‚
659 2424 903 2459 creaturam
930 2414 975 2456 in
1005 2412 1194 2456 deterius
1227 2412 1452 2456 voluntate
1487 2423 1697 2458 mutatam
1725 2435 1736 2472 3
1766 2431 1815 2459 ac
1858 2409 1862 2469 ζ

428 2502 504 2546 per
525 2487 608 2530 hoc
623 2520 634 2540 ,
657 2485 892 2544 depravata
916 2499 993 2528 sua
1014 2483 1251 2542 vitiataque
1274 2491 1449 2539 natura,
1469 2498 1557 2529 non
1575 2485 1657 2528 sub
1677 2485 1814 2530 aliena

477 2578 483 2594 ¹
509 2573 599 2602 Joan.
621 2579 692 2610 vm,
718 2568 770 2601 36.
