1821 3264
322 255 375 281 DE
406 252 806 281 PRAEDESTINATIONE
838 256 1021 283 SANCTOR
1029 258 1103 283 [M.
1351 248 1401 285 71

30 319 152 364 nisse.
188 317 340 370 Valde,
371 317 566 375 inquam,
597 325 759 360 remota
789 326 854 361 est
878 335 901 362 a
930 319 1125 364 sensibus
1152 322 1288 366 carnis
1315 323 1407 368 haec

30 387 190 441 schola,
215 388 261 430 in
282 401 366 447 qua
390 389 501 431 Deus
523 386 700 429 auditur
721 395 763 430 et
784 386 927 433 docet.
942 389 1104 434 Multos
1126 393 1271 437 venire
1291 393 1411 436 vide·

0 504 1 507 ,
30 474 127 508 mus
154 456 209 505 ad
237 456 411 512 Filium,
442 456 543 515 quia
571 455 731 500 multos
763 456 939 501 credere
963 459 1161 505 videmus
1190 462 1236 505 in
1262 463 1410 515 Chris-

0 512 2 554 ι
34 537 128 577 tum
157 547 166 572 ε
191 527 265 572 sed
290 527 367 571 ubi
389 535 432 570 et
451 524 672 586 quomodo
694 541 716 570 a
739 528 864 570 Patre
885 526 1100 573 audierint
1125 530 1208 574 hoc
1233 541 1275 574 et
1297 532 1413 576 didi-

31 600 189 653 cerint,
212 613 300 642 non
321 597 532 642 videmus.
555 596 743 641 Nimium
768 597 898 654 gratia
918 598 996 642 ista
1019 608 1179 644 secreta
1203 610 1267 644 est
1290 620 1299 645 :
1320 617 1417 659 gra-

38 669 142 716 tiam
164 684 267 717 vero
288 683 377 712 esse
396 669 493 727 quis
515 668 730 725 ambigat?
753 670 854 712 Haec
876 668 1022 728 itaque
1044 670 1196 727 gratia,
1221 686 1319 729 quae
1342 687 1417 716 oc-

36 739 156 786 culte
178 739 379 785 humanis
397 737 598 783 cordibus
618 738 763 782 divina
783 737 978 796 largitate
1000 740 1224 795 tribuitur,
1251 757 1274 785 a
1296 741 1420 787 nullo

30 809 141 853 duro
174 807 304 853 corde
339 809 569 868 respuitur.
602 807 703 851 Ideo
731 809 894 867 quippe
922 809 1157 864 tribuitur,
1199 820 1248 854 ut
1275 811 1418 856 cordis

14 878 187 935 ,duritia
210 878 411 936 primitus
433 878 696 921 auferatur1.
722 879 908 930 Quando
931 893 1034 937 ergo
1059 882 1183 923 Pater
1206 882 1320 924 intus
1343 897 1417 925 au-

30 947 147 995 ditur
164 957 207 991 et
223 949 366 1002 docet,
385 958 432 993 ut
450 949 649 992 veniatur
665 947 719 991 ad
737 947 912 1002 Filium,
928 948 1069 992 aufert
1084 965 1158 993 cor
1172 949 1411 1008 lapideum,

28 1027 71 1062 et
98 1017 170 1061 dat
192 1034 267 1062 cor
288 1034 516 1073 carneum,
541 1019 652 1062 sicut
675 1019 888 1077 Propheta
914 1019 1179 1077 praedicante
1203 1021 1412 1079 promisit.

30 1090 98 1132 sic
127 1090 287 1148 quippe
317 1089 418 1133 facit
440 1089 550 1133 filios
580 1090 887 1148 promissionis,
919 1100 961 1134 et
985 1106 1084 1135 vasa
1112 1092 1418 1136 misericordiae

30 1175 129 1219 quae
155 1160 412 1218 praeparavit
432 1161 475 1203 in
499 1160 693 1218 gloriam.

85 1233 206 1274 XIV.
255 1232 346 1275 Cur
384 1245 487 1289 ergo
528 1246 617 1274 non
659 1245 808 1274 omnes
847 1230 1004 1285 docet,
1049 1240 1098 1274 ut
1139 1232 1318 1276 veniant
1359 1233 1416 1276 ad

28 1300 272 1355 Christum,
307 1300 385 1343 nisi
411 1300 509 1358 quia
536 1315 684 1343 omnes
713 1316 822 1359 quos
852 1299 994 1354 docet,
1023 1301 1314 1345 misericordia
1339 1303 1412 1346 do-

27 1379 119 1425 cet;
150 1385 258 1428 quos
285 1378 429 1412 autem
458 1385 547 1412 non
580 1369 724 1423 docet,
751 1369 917 1428 judicio
944 1386 1032 1414 non
1060 1370 1218 1414 docet?
1249 1391 1268 1413 «
1294 1374 1419 1423 Quo-

30 1457 51 1480 »
77 1440 193 1482 niam
225 1441 346 1499 cujus
374 1438 467 1483 vult
499 1439 738 1494 miseretur,
770 1449 812 1483 et
847 1455 979 1499 quem
1016 1440 1112 1484 vult
1143 1441 1416 1486 obdurat22»

29 1508 105 1553 sed
140 1510 369 1555 miseretur
386 1545 397 1567 ,
437 1510 552 1554 bona
591 1511 788 1554 tribuens
810 1531 820 1568 3
862 1510 1081 1565 obdurat,
1122 1510 1253 1568 digna
1294 1511 1424 1555 retri-

27 1579 184 1624 buens.
211 1583 300 1624 Aut
323 1581 357 1624 si
385 1589 429 1623 et
451 1580 555 1634 ista,
583 1590 634 1624 ut
661 1581 841 1639 quidam
867 1581 1136 1638 distinguere
1159 1581 1425 1637 maluerunt,

28 1650 160 1695 verba
182 1660 283 1696 sunt
308 1651 400 1710 ejus
419 1650 490 1694 cui
514 1650 748 1709 Apostolus
775 1651 859 1695 ait:
882 1669 901 1692 α
929 1650 1043 1694 Dicis
1069 1651 1216 1711 itaque
1239 1651 1346 1695 mihi
1366 1670 1375 1696 ε
1402 1669 1422 1694 »

27 1729 79 1764 ut
110 1720 201 1779 ipse
238 1720 391 1764 dixisse
424 1721 683 1779 accipiatur:
709 1739 726 1760 «
753 1723 868 1777 Ergo
900 1721 1023 1780 cujus
1052 1719 1149 1766 vult
1177 1721 1423 1776 miseretur,

29 1799 72 1833 et
108 1806 238 1849 quem
279 1790 376 1833 vult
413 1790 636 1835 obdurat:
663 1809 682 1831 »
726 1799 769 1833 et
805 1806 904 1849 quae
939 1800 1199 1849 sequuntur,
1236 1790 1282 1833 id
1314 1800 1415 1836 est:

31 1880 50 1903 «
77 1859 192 1913 Quid
222 1860 364 1905 adhuc
391 1862 704 1920 conqueritur?
728 1875 829 1904 nam
858 1859 1072 1907 voluntati
1097 1861 1187 1919 ejus
1219 1860 1316 1918 quis
1344 1875 1415 1903 re-

29 1948 50 1972 »
76 1931 236 1974 sistit³P
253 1948 272 1971 »
289 1929 513 1990 Numquid
529 1946 781 1988 responsum
803 1939 866 1973 est
883 1930 939 1975 ab
957 1928 1181 1988 Apostolo,
1204 1931 1241 1973 O
1261 1930 1411 1985 homo,

25 1999 181 2045 falsum
215 2010 277 2045 est
305 2001 426 2061 quod
458 2001 624 2058 dixisti3
658 2000 874 2045 Nonzsed
911 2016 1162 2058 responsum
1201 2009 1263 2043 est
1291 2019 1300 2045 2
1330 2019 1350 2042 «
1374 2002 1412 2044 Ο

27 2091 48 2114 n
68 2073 222 2126 homo,
259 2081 305 2115 tu
338 2072 434 2131 quis
466 2087 510 2116 es
537 2072 613 2131 qui
643 2071 904 2130 respondeas
936 2073 1050 2115 Deo?
1084 2070 1310 2130 Numquid
1344 2071 1413 2114 di-

27 2161 47 2183 »
68 2142 126 2186 cit
145 2142 403 2199 figmentum
426 2142 466 2185 ei
485 2142 562 2201 qui
584 2157 628 2185 se
652 2142 774 2184 finxit
791 2143 958 2194 :Quare
982 2142 1041 2185 sic
1067 2156 1135 2184 me
1158 2141 1325 2185 fecisti?
1345 2143 1414 2184 An

29 2231 48 2254 »
69 2228 157 2256 non
186 2213 316 2256 habet
344 2221 601 2271 potestatem
630 2211 788 2270 figulus
812 2212 894 2255 luti
923 2228 973 2255 ex
998 2212 1149 2256 eadem
1174 2227 1311 2255 massa
1327 2213 1359 2265 4,
1387 2229 1408 2252 n

24 2290 67 2326 et
98 2283 351 2341 sequentia,
390 2298 489 2341 quae
522 2282 685 2340 optime
717 2282 865 2326 nostis.
904 2284 959 2325 Et
995 2291 1140 2325 tamen
1173 2282 1416 2326 secundum

24 2352 257 2411 quemdam
288 2352 493 2406 modum,
527 2367 676 2402 omnes
707 2354 834 2395 Pater
863 2351 992 2395 docet
1022 2354 1169 2395 venire
1202 2351 1256 2395 ad
1289 2365 1416 2394 suum

28 2421 204 2465 Filium.
227 2424 324 2465 Non
349 2423 463 2465 enim
488 2421 644 2465 frustra
669 2422 875 2481 scriptum
901 2431 961 2464 est
985 2423 1027 2464 in
1052 2422 1303 2479 Prophetis:
1324 2440 1342 2461 «
1363 2422 1421 2463 Et

31 2500 195 2535 »erunt
227 2506 376 2535 omnes
412 2491 622 2536 docibiles
649 2491 742 2534 Dei.
783 2509 802 2530 »
834 2490 959 2541 Quod
994 2490 1288 2533 testimonium
1320 2504 1418 2533 cum.

77 2581 82 2596 ¹
110 2574 227 2606 Ezech.
247 2585 294 2615 xl,
312 2585 344 2615 9.
362 2591 401 2597 -·
419 2581 430 2596 ²
452 2577 542 2606 Rom.
564 2584 606 2611 lx,
628 2573 675 2605 18.
692 2571 758 2595 -3
778 2573 825 2604 Id.
847 2584 866 2610 i,
886 2583 917 2613 9.
933 2573 998 2600 -4
1019 2571 1098 2603 ibid.
1116 2581 1166 2603 90.
