1821 3264
329 253 381 279 DE
414 249 812 278 PRAEDEsTmA'rloNE
845 249 1049 276 simeron(
1062 248 1112 273 M.
1360 234 1409 272 61

34 319 252 380 prolatum
275 352 285 370 ,
323 315 624 376 propheticum
656 313 949 356 testimonium
977 348 987 367 ‚
1030 331 1049 352 »
1087 309 1223 354 Jacob
1254 308 1412 363 dilexi,

37 407 57 431 »
82 389 196 434 Esaii
219 396 362 432 autem
385 384 486 429 odio
508 383 643 427 habui
674 386 683 406 ¹
715 402 723 426 :
753 400 770 421 »
800 381 854 426 ad
873 383 954 426 hoc
975 381 1160 440 perduxi
1183 380 1417 424 ratiocina-

33 460 194 504 tionem
210 494 221 514 ,
250 467 300 502 ut
321 457 508 501 dicerem
534 474 543 498 ε
567 456 664 498 Non
687 469 789 512 ergo
819 453 946 509 elegit
976 455 1089 495 Deus
1119 466 1247 510 opera
1272 452 1418 510 cujus-

32 546 161 590 quam
187 531 232 574 in
263 528 526 589 praescientia
545 561 556 581 3
590 541 688 585 qnae
717 526 806 583 ipse
843 523 1025 567 daturus
1053 531 1116 566 est
1143 543 1153 578 3
1188 523 1262 565 sed
1285 522 1416 566 fidem

31 601 160 660 elegit
183 601 229 644 in
250 599 516 659 praescientia
532 632 542 651 ‚
570 606 618 640 ut
641 611 770 656 quem
794 595 875 639 sibi
898 593 1166 638 crediturum
1190 608 1279 635 esse
1303 608 1416 651 prae-

31 672 154 716 scivit
174 705 186 727 ‚
215 670 357 730 ipsum
381 668 557 727 elegerit
579 702 590 722 3
626 668 695 711 cui
721 666 927 724 Spiritum
956 673 1155 708 sanetum
1188 664 1343 717 daret,
1371 672 1420 706 ut

30 743 145 786 bona
187 741 406 800 operando
432 774 442 793 3
479 738 606 782 etiam
649 747 853 781 aeternam
889 736 1021 778 vitam
1060 741 1414 793 consequeretur.

30 813 235 858 Nondum
258 811 508 870 diligentius
529 812 810 870 quaesiveram
834 843 844 861 3
872 822 951 851 nec
976 806 1120 849 adhuc
1142 807 1389 848 inveneram
1405 840 1415 858 3

30 883 169 944 qualis
190 883 244 927 sit
265 881 419 927 electio
456 880 604 940 gratiae
631 900 638 924 :
671 879 725 923 de
758 895 843 938 qua
868 877 983 920 idem
1007 875 1113 919 dicit
1146 873 1380 934 Apostolus
1408 893 1415 917 :

34 974 53 996 «
79 953 291 1014 Reliquiae
319 968 393 1013 per
420 952 677 997 electionem
709 950 854 1008 gratiae
881 948 1007 992 salvae
1036 946 1163 991 faetae
1197 955 1298 989 sunt
1335 947 1365 987 ¹².
1398 964 1415 984 »

29 1028 138 1079 Quae
153 1026 305 1085 utique
323 1040 412 1068 non
435 1034 498 1068 est
518 1024 670 1082 gratia,
695 1023 729 1066 si
747 1037 837 1065 eam
858 1021 1008 1064 merita
1033 1017 1121 1062 ulla
1139 1014 1391 1076 praecedant
1409 1032 1416 1057 :

29 1098 186 1156 neJam
204 1096 323 1156 quod
336 1096 481 1150 datur,
499 1111 588 1139 non
606 1094 847 1139 seeundum
869 1092 1067 1150 gratiam,
1089 1088 1164 1132 sed
1177 1087 1420 1132 secundum

30 1167 247 1220 debitum,
270 1165 476 1210 reddatur
492 1166 635 1224 potius
657 1164 835 1217 meritis,
855 1176 987 1221 quam
1012 1161 1213 1204 donetur.
1233 1156 1421 1201 Proinde

30 1237 152 1298 quod
173 1238 382 1282 continuo
411 1236 522 1290 dixi,
543 1236 655 1279 Dicit
676 1236 789 1278 enim
814 1233 931 1276 idem
952 1230 1187 1290 Apostolus
1210 1248 1217 1273 :
1254 1248 1273 1270 «
1298 1228 1422 1271 Idem

32 1326 53 1349 »
85 1311 198 1352 Deus
220 1308 296 1367 qui
319 1317 524 1366 operatur
550 1307 696 1350 omnia
730 1306 775 1347 in
808 1303 1013 1348 omnibus
1040 1303 1054 1327 3
1096 1321 1103 1345 2
1142 1319 1160 1341 »
1203 1312 1419 1358 nusquam

31 1388 175 1424 autem
211 1378 376 1422 dictum
410 1386 473 1421 est
509 1396 517 1420 :
547 1379 657 1419 Deus
691 1374 827 1419 credit
863 1373 1006 1417 omnia
1027 1373 1072 1414 in
1105 1370 1308 1414 omnibus
1338 1387 1346 1411 :
1372 1382 1421 1410 ac

30 1450 189 1495 deinde
218 1450 425 1510 subjunxi
453 1468 460 1493 :
504 1448 635 1501 Quod
667 1461 769 1504 ergo
802 1445 1017 1489 credimus
1044 1477 1054 1495 ‚
1090 1449 1289 1485 nostrum
1322 1447 1418 1493 est3

29 1519 150 1580 quod
171 1529 316 1564 autem
335 1520 501 1564 bonum
520 1532 752 1578 operamur
770 1552 780 1571 3
805 1515 920 1559 illius
955 1523 1018 1557 est
1044 1512 1119 1572 qui
1141 1509 1421 1555 credentibus

29 1590 105 1635 dat
123 1590 331 1650 Spiritum
349 1599 548 1634 sanctum
576 1608 584 1632 :
610 1587 806 1647 profecto
825 1600 914 1630 non
935 1583 1123 1628 dicerem
1137 1616 1148 1636 3
1174 1580 1207 1625 si
1226 1581 1317 1639 jam
1339 1578 1421 1622 sci-

30 1676 121 1705 rem
143 1661 272 1705 etiam
294 1661 430 1719 ipsam
452 1659 583 1702 fidem
610 1659 724 1702 inter
758 1657 832 1700 Dei
870 1669 1051 1698 munera
1086 1650 1294 1710 reperiri,
1322 1662 1421 1707 quae

31 1733 191 1777 dantur
222 1732 266 1775 in
295 1731 448 1776 eodem
484 1731 660 1789 Spiritu.
696 1731 943 1787 Utrumque
967 1739 1070 1783 ergo
1104 1730 1303 1767 nostrum
1332 1728 1418 1774 est,

30 1811 208 1861 propter
235 1801 461 1845 arbitrium
484 1799 721 1845 voluntatis
741 1818 750 1842 :
774 1807 815 1841 et
841 1805 1077 1853 utrumque
1100 1802 1247 1836 tamen
1268 1789 1420 1833 datum

30 1882 93 1917 est
118 1887 195 1931 per
212 1871 421 1931 Spiritum
440 1869 542 1914 fidei
565 1879 608 1914 et
629 1868 862 1913 charitatis
888 1867 1038 1924 Neque
1059 1862 1176 1906 enim
1200 1859 1290 1904 sola
1314 1858 1420 1903 cha-

29 1943 155 1997 ritas,
181 1942 255 1987 sed
280 1978 290 1997 3
321 1943 433 1986 sicut
463 1942 673 2001 scriptum
696 1948 759 1983 est
790 1957 796 1981 :
823 1936 1019 1983 Charitas
1040 1948 1141 1977 cum
1172 1932 1259 1974 fide
1281 1945 1304 1972 a
1332 1932 1420 1972 Deo

31 2033 52 2056 »
84 2019 212 2059 Patre
234 2023 277 2058 et
302 2015 488 2059 Domino
509 2016 612 2057 Jesu
635 2011 808 2056 Christo
833 2011 865 2051 4.
901 2026 921 2048 »
948 2009 1004 2050 Et
1025 2002 1144 2064 quod
1168 2000 1301 2061 paulo
1325 2007 1422 2057 post

29 2086 119 2130 dixi
144 2105 152 2130 ι
177 2088 382 2130 Nostrum
409 2086 522 2128 enim
556 2082 731 2128 credere
754 2090 796 2124 et
818 2077 930 2123 velle
954 2098 965 2134 3
998 2075 1113 2119 illius
1135 2081 1297 2125 autem,
1319 2069 1421 2113 dare

30 2156 308 2201 credentibus
334 2165 379 2200 et
406 2155 656 2201 volentibus
684 2151 937 2197 facultatem
968 2149 1081 2192 bene
1114 2141 1323 2203 operandi
1345 2157 1421 2200 per

32 2227 241 2286 Spiritum
261 2235 458 2271 sanctum
473 2261 483 2280 ‚
508 2241 584 2284 per
607 2239 738 2284 quem
762 2222 945 2266 charitas
967 2216 1232 2262 diffunditur
1250 2215 1291 2256 in
1324 2227 1420 2256 cor-

31 2297 158 2342 dibus
181 2298 338 2342 nostris
368 2316 376 2341 :
403 2312 554 2340 verum
577 2305 640 2340 est
662 2293 838 2354 quidem
863 2313 873 2349 3
905 2291 980 2335 sed
1002 2288 1151 2333 eadem
1177 2284 1325 2343 regula
1346 2318 1355 2336 ‚
1377 2291 1419 2325 et

28 2378 265 2430 utrumque
285 2369 419 2429 ipsius
436 2377 515 2425 est,
538 2367 639 2428 quia
662 2368 753 2425 ipse
772 2370 986 2424 praeparat
1004 2358 1274 2404 voluntatem
1301 2357 1314 2379 ⁵
1341 2375 1350 2409 3
1377 2361 1419 2396 et

30 2451 264 2502 utrumque
291 2450 488 2486 nostrum
511 2474 521 2494 ‚
558 2439 660 2499 quia
689 2452 778 2482 non
809 2437 859 2479 fit
887 2433 968 2478 nisi
995 2428 1244 2475 volentibus
1273 2424 1414 2469 nobis.

31 2542 43 2580 ἓ
78 2551 88 2567 ¹
106 2545 241 2578 Malach.
261 2555 284 2586 i,
304 2542 418 2586 2.'—-{²
438 2547 528 2576 Rom.
545 2553 592 2579 xi,
614 2541 645 2574 5.
659 2539 728 2565 -3
758 2551 770 2572 1
796 2541 868 2572 Cor.
888 2547 948 2576 xit,
971 2534 1003 2567 6.
1023 2531 1088 2562 „4
1105 2531 1219 2574 Ephes.
1239 2540 1284 2567 vi,
1305 2527 1358 2558 23.
1376 2542 1415 2547 ——

32 2606 47 2630 5
63 2605 155 2637 prov,
175 2604 351 2646 v111,juxte
373 2602 474 2635 Lxx.
