1821 3264
249 248 392 276 orimus
425 250 601 276 IMPERF.
635 248 800 277 com-M
833 250 1001 278 suLiAN.
1039 252 1121 277 Lm.
1158 252 1188 277 1.
1329 240 1413 278 269

12 292 15 316 ι

11 323 195 373 maturae
217 323 377 359 statum
401 330 489 360 non
507 315 687 371 mutari⁷
706 317 806 376 quia
840 316 1083 361 deseruistis
1106 315 1236 359 fidem
1264 317 1416 360 catho-

30 385 154 430 licam
175 419 185 439 ,
218 400 316 444 quae
352 385 456 429 dicit
477 385 665 444 primum
691 386 914 430 hominem
946 387 1004 430 sic
1030 385 1217 440 factum,
1248 395 1298 430 ut
1327 401 1416 431 non

10 455 207 519 §haberet
235 455 451 499 moriendi
472 457 769 500 necessitatem
795 477 807 515 3
837 465 1010 516 peccato
1038 465 1182 500 autem
1210 456 1270 500 ita
1299 458 1417 501 hunc

10 530 185 589 {statum
207 533 374 570 naturae
405 525 536 570 fuisse
558 536 776 571 mutatum
796 562 806 581 ,
832 536 881 570 ut
912 527 1135 570 hominem
1167 542 1338 571 necesse
1365 527 1418 571 sit

9 590 136 646 {mori
171 610 310 655 usque
333 595 442 640 adeo
469 605 519 640 ut
540 597 668 641 etiam
694 597 857 656 Spiritu
882 598 975 657 jam
998 597 1259 655 regeneratis
1287 607 1418 657 atque

8 657 250 713 {vivificatis
287 667 522 726 Apostolus
552 668 701 712 dicat:
735 687 754 710 «
791 669 833 714 Si
864 669 1061 713 Christus
1091 668 1136 712 in
1172 668 1295 713 vobis
1330 678 1415 723 est,

8 716 13 792 ξ’
30 755 51 781 »
75 752 231 797 corpus
253 739 431 798 quidem
446 747 669 783 mortuum
692 749 755 783 est
771 750 949 798 propter
973 749 1217 798 peccatum‚
1244 739 1419 798 spiritus

8 794 51 871 ξ»
73 817 217 852 autem
248 809 337 854 vita
368 819 432 853 est
460 819 638 869 propter
655 811 867 869 justitiam
900 827 910 854 .·
941 811 973 854 si
1004 825 1105 868 ergo
1139 810 1313 869 spiritus
1329 811 1419 869 ejus

7 874 50 957 ἰ»
76 878 151 938 qui
172 880 393 924 suscitavit
426 882 573 924 Jesum
599 897 649 924 ex
671 881 870 935 mortuis,
897 881 1066 924 habitat
1088 881 1134 923 in
1155 880 1278 924 vobis
1305 901 1315 937 3
1343 881 1419 940 qui

7 960 11 983 τ
29 966 50 991 »
74 950 294 995 suscitavit
316 952 464 994 Jesum
487 951 709 996 Christum
728 969 750 996 a
771 950 1218 1005 mortuis,vivificabit
1236 960 1278 994 et
1300 965 1417 994 mor-

6 989 48 1079 i»
72 1019 173 1064 talia
204 1036 387 1079 corpora
421 1030 562 1065 vestra
596 1037 672 1080 per
702 1022 1021 1065 inhabitantem
1050 1020 1250 1079 spiritum
1273 1021 1316 1064 in
1350 1036 1421 1064 vo-

6 1082 48 1150 ξ»
69 1089 178 1134 bis¹.
205 1109 225 1132 »
257 1091 363 1135 Ideo
398 1092 551 1150 utique
579 1092 689 1136 dixit
715 1111 723 1137 ;
749 1090 1000 1135 Vivificabit
1033 1099 1074 1134 et
1108 1090 1299 1134 mortalis
1320 1106 1421 1135 cor-

5 1160 128 1223 §pora
147 1170 285 1204 vestra
304 1196 314 1216 ,
340 1161 460 1220 quod
482 1162 527 1206 in
549 1163 689 1206 carnis
707 1161 1025 1206 resurrectione
1046 1175 1267 1218 speramus
1286 1195 1296 1214 ,
1318 1161 1421 1219 qu'ra

5 1226 192 1298 [dixerat
225 1250 233 1274 :
264 1233 432 1290 Corpus
460 1243 684 1277 mortuum
710 1242 773 1276 est
796 1241 973 1291 propter
991 1240 1218 1290 peccatum
1247 1250 1255 1275 ;
1282 1240 1324 1274 et
1345 1246 1421 1275 vos

5 1301 114 1344 {non
134 1299 265 1345 vultis
288 1311 467 1359 peccato
491 1312 650 1346 statum
674 1312 890 1347 mutatum
915 1317 1004 1346 esse
1030 1310 1212 1345 naturae.
1233 1303 1423 1344 Verum-

4 1347 9 1427 ξ
28 1379 172 1415 tamen
187 1370 361 1429 Pelagio
382 1386 482 1416 cum
504 1372 549 1415 in
568 1372 798 1417 Palaestino
810 1373 975 1432 judicio
1004 1372 1157 1416 fuisset
1178 1371 1416 1430 objectum,

4 1431 9 1509 ξ
32 1440 150 1501 quod
172 1440 335 1485 diceret
355 1441 544 1486 infantes
561 1458 702 1501 nuper
724 1452 847 1487 natos
866 1443 912 1487 in
934 1458 985 1487 eo
1002 1451 1117 1486 statu
1134 1456 1239 1497 esse,
1264 1442 1309 1484 in
1331 1457 1421 1501 quo

4 1519 8 1582 j
26 1511 165 1556 Adam
185 1510 269 1555 suit
291 1520 391 1556 ante
415 1521 643 1571 peccatum
657 1547 668 1567 ‚
695 1514 870 1572 negavit
893 1528 937 1556 se
959 1513 1119 1566 dicere,
1146 1512 1279 1571 idque
1301 1510 1422 1554 dam-

3 1583 143 1660 {navit
165 1586 198 1627 2.
225 1583 355 1636 Quod
382 1584 415 1627 si
439 1582 608 1628 fecisset
630 1583 760 1629 corde
777 1584 946 1639 veraci,
963 1585 1052 1643 jam
1074 1582 1255 1627 fortasse
1277 1592 1420 1627 vestra

4 1652 196 1727 Jhaeresis
223 1655 452 1700 interiisset
480 1675 488 1700 :
520 1665 738 1714 postremo
769 1656 858 1714 ipse
891 1655 1044 1699 saltem
1073 1654 1225 1698 fuisset
1256 1654 1311 1697 ab
1346 1653 1421 1697 illa

3 1733 145 1785 (peste
178 1735 366 1771 sanatus.
406 1727 574 1771 Deinde
603 1743 753 1787 quaero
778 1736 930 1771 utrum
953 1727 1060 1770 vitio
1096 1734 1240 1770 careat
1263 1733 1421 1769 natura

3 1773 8 1862 Ξ
29 1797 240 1855 peccatrix
258 1816 266 1842 :
292 1796 411 1857 quod
426 1798 460 1841 si
487 1798 844 1842 absurdissimum
860 1806 940 1851 est,
965 1796 1099 1840 habet
1113 1810 1216 1854 ergo
1238 1794 1418 1839 vitium:

3 1867 7 1930 ί
29 1867 62 1912 si
80 1868 215 1912 habet
234 1868 389 1913 vitium
406 1904 416 1923 ‚
437 1869 592 1928 procul
613 1869 752 1913 dubto
775 1869 923 1913 vitiata
946 1876 1024 1911 est.
1059 1865 1293 1919 Quomodo
1316 1881 1422 1924 ergo

3 1941 7 1996 ξ
28 1947 193 1983 mutata
209 1955 299 1984 non
323 1949 513 2000 est‚quae
531 1955 631 1985 cum
650 1939 799 1984 fuisset
821 1955 940 1994 sana,
962 1938 1114 1982 vitiata
1138 1946 1201 1981 est
1219 1939 1236 1980 Ρ
1259 1940 1321 1980 Ac
1344 1950 1422 1994 per

3 2006 7 2085 Ι
28 2007 126 2064 hoc,
151 2010 281 2055 etiam
310 2021 491 2071 excepto
514 2021 693 2071 peecato
715 2011 791 2055 illo
812 2045 822 2065 ,
855 2009 910 2053 de
942 2024 1032 2069 quo
1062 2011 1250 2053 Joannes
1279 2008 1421 2051 Cons-

2 2088 7 2146 ξ
29 2079 417 2139 tantinopolitanus
440 2083 498 2126 ait,
520 2083 535 2107 3
564 2101 573 2126 :
599 2081 737 2126 Adam
771 2080 966 2140 peccavit
986 2078 1099 2123 illud
1132 2078 1297 2136 grande
1321 2092 1423 2136 pec-

2 2147 7 2195 Ι
31 2158 197 2205 catum,
223 2160 267 2195 et
287 2167 437 2196 omnes
469 2152 514 2195 in
545 2167 782 2196 commune
804 2151 1051 2195 damnavit:
1077 2157 1119 2192 et
1137 2148 1214 2192 illo
1228 2163 1331 2206 ergo
1349 2163 1424 2191 cx-

1 2216 6 2322 j
31 2229 156 2280 cepto
177 2256 187 2277 ,
216 2221 271 2265 de
293 2238 383 2281 quo
411 2222 734 2266 damnationem
756 2223 948 2266 humana
976 2229 1130 2264 natura
1157 2216 1424 2276 originaliter

2 2292 192 2347 {trahit‚
232 2293 456 2352 quomodo
482 2293 623 2338 sobrie
649 2294 734 2338 dici
772 2302 940 2353 potest⁷
977 2301 1136 2336 statum
1177 2298 1344 2333 naturae
1379 2288 1424 2331 in

2 2369 7 2427 ξ
32 2361 207 2406 homine
229 2379 319 2407 non
337 2362 467 2408 fuisse
484 2374 701 2408 mutatum
724 2364 800 2424 qui
818 2363 923 2407 dicit
950 2382 958 2407 :
976 2383 994 2404 «
1014 2365 1103 2406 Lex
1125 2359 1324 2418 spiritalis
1342 2367 1420 2410 est,

2 2430 6 2499 ξ
37 2447 57 2472 »
82 2447 161 2491 ego
174 2442 319 2477 autem
336 2433 518 2478 carnalis
543 2449 654 2490 sum,
671 2433 965 2479 venumdatus
988 2431 1070 2476 sub
1085 2436 1279 2489 peccat03
1304 2428 1426 2487 quod

3 2514 6 2538 Ι

2 2586 5 2615 ἱ
39 2585 53 2611 ³
68 2590 158 2623 Joan.
175 2590 415 2633 constantinop.
436 2590 551 2624 Homil.
568 2593 609 2625 de
624 2594 745 2626 Lazaro
765 2590 912 2625 resuscit-

82 2540 91 2557 ¹
111 2537 203 2568 Rom.
230 2545 298 2575 vm,
321 2547 360 2568 10
380 2541 413 2569 et
435 2548 484 2568 11.
502 2552 543 2560 —·
559 2544 571 2559 ²
586 2537 670 2569 Vide
692 2536 748 2568 lib.
768 2537 808 2568 de
829 2536 932 2568 Gestis
949 2533 1082 2575 Pelagii,
1102 2542 1173 2574 cap.
1198 2541 1232 2562 11
1265 2534 1298 2562 et
1317 2530 1368 2562 33.
1398 2545 1427 2550 —
1480 2548 1487 2555 -
