1821 3264
287 291 432 318 OPERIS
466 292 640 319 IMPERF.
676 292 834 319 CONTRA
871 293 1040 321 sumus.
1077 295 1159 322 Lm.
1197 296 1244 323 ιι.
1379 284 1463 324 393

79 371 150 402 eos
167 358 471 401 tantummodo
492 357 730 416 pertinere,
759 374 947 417 quorum
970 369 1072 404 sunt
1094 360 1233 405 multa
1256 372 1433 421 peccata
1448 365 1465 404 Υ

79 431 169 472 Hac
190 428 352 488 quippe
377 428 558 482 ratione,
583 427 653 471 vel
677 429 819 486 potius
849 431 1005 475 mentis
1033 432 1344 488 excaecatione,
1375 449 1465 478 non

81 498 192 543 solos
222 497 324 541 huic
348 497 494 556 gratiae
522 497 762 542 subducitis
796 500 1024 558 parvulos,
1058 517 1167 561 quos
1207 501 1379 546 nullum
1413 519 1465 548 ex

81 568 244 627 origine
273 578 439 613 reatum
476 570 646 612 trahere
674 569 952 625 existimatis,
991 570 1066 615 sed
1102 587 1251 616 omnes
1285 573 1463 618 omnino

77 640 151 700 qui
176 638 311 684 multa
329 648 504 699 peccata
528 655 617 683 non
639 639 802 684 habent
823 641 1053 700 :'quoniam
1074 642 1133 686 sic
1147 643 1307 701 putatis
1330 643 1463 687 intel-

73 711 296 768 ligendum
327 711 446 771 quod
477 711 536 755 ait
562 710 815 769 Apostolus,
846 730 864 752 «
898 712 1044 756 Gratia
1071 722 1217 757 autem
1240 729 1291 757 ex
1316 713 1463 758 multis

75 800 95 823 »
116 781 283 826 delictis
299 782 344 826 in
362 781 756 842 justificationem1,
791 801 810 823 »
837 792 885 826 ut
909 782 962 827 ad
986 783 1110 827 istam
1134 784 1313 842 gratiam
1333 799 1460 829 nemo

72 854 309 913 pertineat,
349 854 430 898 nisi
462 854 532 898 eui
555 853 735 897 dimittit
763 854 900 897 multa
935 864 1125 913 peccata.
1152 859 1213 900 Ac
1245 871 1322 915 per
1350 857 1457 911 hoc,

71 924 276 984 quoniam
307 924 480 969 nullum
512 936 762 984 peccatum,
805 926 914 970 sicut
950 927 1218 985 opinamini,
1255 928 1461 987 parvulus

69 995 229 1050 habet,
255 995 453 1055 profecto
487 1011 587 1040 cum
615 996 825 1051 creverit,
858 1006 900 1041 et
924 1012 1101 1056 peceare
1133 1001 1222 1058 Jam
1253 999 1457 1058 coeperit,

68 1082 156 1110 non
179 1065 278 1111 dico
299 1068 332 1111 si
356 1079 491 1127 pauca
517 1077 689 1126 peccata
704 1103 714 1122 ,
735 1067 809 1112 sed
832 1068 864 1112 si
884 1068 1028 1114 adhuc
1049 1084 1188 1113 unum
1207 1067 1319 1114 forte
1342 1085 1462 1114 com-

5 1135 18 1168 ν*
70 1137 248 1193 miserit,
275 1147 318 1183 et
338 1138 393 1183 ad
415 1140 575 1184 Christi
598 1140 864 1198 baptismum
886 1141 1074 1192 venerit,
1106 1139 1228 1184 nullo
1250 1141 1383 1185 modo
1406 1140 1459 1185 ad

7 1211 11 1230 ⁵
67 1208 191 1252 istam
216 1209 395 1267 gratiam
426 1210 687 1268 pertinebit,
719 1210 820 1268 quia
850 1226 938 1255 non
968 1225 1018 1254 ex
1055 1210 1202 1254 multis
1224 1209 1392 1255 delictis
1415 1211 1459 1254 in

7 1275 17 1334 ῥ’
60 1279 413 1338 justificationem
433 1281 638 1335 mittitur,
662 1281 737 1324 sed
752 1297 802 1324 ex
819 1296 922 1326 uno.
944 1285 1054 1325 Puto
1071 1281 1191 1341 quod
1209 1297 1298 1326 non
1321 1297 1459 1341 usque

0 1362 10 1389 ετ
67 1349 174 1394 adeo
198 1350 339 1395 cordis
361 1352 406 1394 in
432 1351 553 1396 vobis
579 1351 787 1411 praevalet
809 1352 1015 1407 surditas,
1041 1361 1095 1396 ut
1125 1367 1200 1397 vos
1220 1353 1314 1397 haec
1338 1361 1458 1396 tanta

64 1421 318 1465 erubescere
346 1438 435 1467 non
465 1421 698 1482 compellat
737 1422 995 1466 absurditas.
1033 1426 1167 1467 Porro
1204 1423 1239 1466 si
1268 1424 1458 1482 pertinet

0 1506 16 1534 ιε
64 1491 118 1536 ad
139 1493 262 1536 istam
288 1495 469 1552 gratiam
493 1495 619 1538 etiam
641 1495 711 1537 cui
731 1509 870 1537 unum
893 1504 1119 1552 peccatum
1138 1494 1375 1550 dimiserit,
1399 1494 1457 1537 sic

8 1601 15 1617 η,
63 1562 170 1607 dixit
193 1564 449 1623 Apostolus,
482 1565 629 1609 Gratia
652 1579 702 1608 ex
725 1563 874 1608 multis
902 1563 1072 1608 delictis
1110 1565 1152 1607 in
1180 1565 1458 1624 justificatio·

63 1650 160 1679 nem
197 1655 205 1680 :
238 1645 286 1679 ut
319 1636 453 1679 totius
489 1635 640 1695 populi
673 1645 849 1695 peccata
881 1635 1089 1688 voluerit,
1124 1636 1200 1695 qui
1234 1651 1310 1695 per
1338 1635 1455 1679 illam

0 1705 6 1715 '
58 1706 336 1765 justificatur,
360 1707 561 1764 intelligi,
583 1706 673 1751 aliis
691 1706 779 1750 illic
797 1707 1063 1750 habentibus
1076 1706 1217 1765 plura,
1234 1706 1326 1750 aliis
1343 1721 1454 1765 pau-

0 1770 5 1835 J
62 1776 192 1830 eima,
220 1776 311 1822 aliis
335 1778 462 1822 etiam
492 1778 688 1837 singula,
711 1793 811 1837 quae
837 1778 989 1837 utique
1011 1777 1148 1821 multa
1169 1786 1270 1821 sunt
1288 1777 1449 1821 omnia.

119 1850 276 1893 CXVI.
304 1851 483 1893 JtLum
497 1868 529 1893 s.
561 1869 580 1890 «
598 1851 761 1892 Verum
782 1847 855 1892 tali
871 1847 1152 1907 expositione,
1173 1863 1258 1907 qua
1274 1848 1452 1907 quidem

58 1934 137 1964 nec
157 1929 402 1980 pervertere
424 1935 597 1964 sensum
612 1955 622 1975 ,
645 1934 718 1963 uec
736 1918 972 1978 subfugere
991 1918 1169 1973 valebis,
1193 1928 1340 1963 tamen
1358 1934 1449 1962 non

60 1990 198 2034 solum
225 1992 461 2050 praestigias
487 2000 580 2035 tuas
597 2025 607 2045 ,
640 1990 716 2035 sed
742 1990 871 2034 etiam
894 1990 1030 2044 illius,
1057 2005 1189 2050 quam
1210 1990 1254 2033 in
1279 2005 1356 2034 nos
1385 1990 1452 2033 in-

61 2061 330 2117 flammabas,
349 2062 607 2121 figmentum
630 2061 805 2105 invidiae
820 2060 1059 2120 perdidisti.
1080 2061 1277 2104 Graviter
1290 2061 1453 2120 quippe

60 2147 137 2177 nos
160 2133 205 2176 in
235 2133 367 2177 fidem
402 2133 664 2177 commisisse
691 2133 882 2192 jactabas
901 2168 910 2186 ,
949 2132 1023 2192 qui
1055 2131 1240 2176 dicimus
1270 2131 1449 2190 gratiam

58 2205 236 2264 quidem
260 2195 419 2249 Christi
454 2204 729 2247 uniformiter
751 2219 840 2247 esse
866 2203 1120 2247 tradendam
1138 2238 1149 2258 ,
1182 2218 1262 2246 nec
1292 2201 1451 2246 debere

57 2274 189 2319 verba
210 2276 300 2335 ejus
319 2285 361 2319 et
381 2275 578 2319 instituta
595 2276 771 2326 concuti
784 2278 822 2332 ²3
843 2275 917 2318 sed
934 2274 1162 2334 aequaliter
1175 2274 1342 2318 cunctis
1364 2289 1388 2317 a
1405 2288 1450 2317 se

57 2345 236 2390 imbutis
259 2346 505 2404 adoptionis
529 2355 570 2388 et
592 2345 942 2389 sanctificationis
963 2355 1004 2389 et
1028 2344 1311 2404 promotionis
1333 2343 1449 2387 dona

58 2418 255 2462 conferre
279 2438 286 2463 :
315 2432 467 2462 verum
490 2434 578 2462 non
609 2433 758 2461 omnes
791 2417 1042 2461 accedentes
1070 2417 1114 2459 in
1137 2416 1232 2459 unis
1259 2414 1447 2458 reatibus

58 2489 281 2547 invenire,
305 2489 378 2533 sed
397 2504 469 2534 eos
495 2488 671 2548 quidem
703 2489 778 2548 qui
798 2488 971 2548 propria
995 2486 1220 2531 voluntate
1237 2501 1447 2545 peccave·
1485 2544 1492 2550 ἡ

5 2575 9 2631 3*
59 2561 165 2615 rint,
187 2562 276 2605 sine
300 2563 424 2620 cujus
450 2576 580 2620 opere
604 2560 775 2603 nullum
800 2568 941 2618 potest
963 2574 1052 2602 esse
1075 2567 1316 2617 peccatum,
1336 2556 1447 2601 libe-

109 2643 114 2657 ¹
139 2637 229 2667 Rom.
253 2647 286 2675 v,
313 2635 361 2666 16.
377 2652 416 2658 -
432 2641 441 2657 ²
464 2634 581 2667 Confer
599 2634 654 2665 lib.
672 2648 694 2673 ι,
714 2645 744 2664 n.
768 2633 838 2665 53:
