1884 3285
445 216 499 257 50
877 224 910 252 s.
947 224 1175 254 Aoeus‘nm
1210 228 1388 256 13121300121

439 303 527 338 tem
558 307 687 351 super
714 305 814 334 eum
849 305 931 350 pax
965 291 1199 351 praedicata
1230 293 1519 354 requieverit,
1551 303 1596 338 et
1623 296 1748 340 nobis
1779 306 1823 342 et
1850 310 1857 332 ι’

440 362 519 406 ini.
1849 334 1859 435 l

497 434 673 477 XLVII.
696 433 807 486 Quia
828 448 930 493 ergo
951 449 1029 478 nos
1058 436 1133 494 qui
1154 435 1260 480 salvi
1284 435 1420 480 futuri
1444 437 1530 481 sint
1559 437 1820 495 nescientes,
1851 440 1855 484 l

438 518 586 547 omnes
608 503 768 563 quibus
796 505 1082 564 praedicamus
1104 507 1216 551 hanc
1247 521 1398 566 pacem
1428 506 1567 552 salvos
1587 508 1682 552 fieri
1713 508 1824 554 velle

437 576 551 618 Deus
559 574 700 633 jubet,
726 584 769 619 et
795 575 888 634 ipse
909 576 954 619 in
977 576 1102 621 nobis
1136 579 1218 622 hoc
1247 581 1495 637 operatur1,
1532 578 1823 626 diffundendo
1851 625 1856 653 Ξ

435 642 561 687 istam
582 645 833 688 charitatem
849 645 895 689 in
912 646 1116 691 cordibus
1135 649 1290 692 nostris
1308 663 1384 707 per
1403 649 1609 708 Spiritum
1624 663 1822 695 sanctum
1854 662 1857 700 ι’

434 714 511 773 qui
526 714 653 758 datus
677 723 739 758 est
756 715 881 758 nobis
899 735 907 759 :
929 725 1072 775 potest
1093 718 1220 762 etiam
1243 719 1301 763 sic
1315 718 1502 778 intelligi
1517 754 1529 774 ,
1549 721 1669 779 quod
1692 739 1712 763 «
1733 736 1822 765 om·

434 801 454 824 »
476 799 551 828 nes
573 785 769 829 homines
794 789 906 830 Deus
924 785 1019 831 vult
1042 788 1180 833 salvos
1199 790 1314 846 fieri,
1343 808 1362 832 »
1388 791 1596 850 quoniam
1617 807 1695 836 nos
1717 791 1822 838 facit
1852 796 1853 799 ’

431 853 540 898 velle
567 874 576 899 :
605 874 626 898 «
653 856 772 900 Sicut
794 857 906 901 misit
927 858 1135 917 Spiritum
1162 859 1257 904 Filii
1280 861 1346 904 sui
1368 860 1645 918 clamantem,
1673 863 1816 919 Abba,

432 943 452 966 »
479 934 620 983 pater,
641 943 661 966 »
686 924 732 970 id
750 936 834 982 est,
861 943 938 972 nos
960 928 1146 973 clamare
1174 928 1422 975 facientem.
1450 935 1511 976 De
1533 934 1627 992 ipso
1657 934 1821 994 quippe
1855 957 1860 987 1;

429 995 614 1054 Spiritu,
635 996 719 1041 alio
740 997 834 1042 loco
855 998 975 1054 dicit,
1006 1020 1021 1039 «
1051 1002 1308 1062 Accepimus
1340 1003 1549 1062 Spiritum
1574 1004 1820 1064 adoptionis
1858 1042 1860 1045 .

432 1084 452 1106 »
473 1066 685 1121 filiorum,
718 1069 762 1110 in
788 1084 876 1128 quo
902 1069 1159 1127 clamamus,
1193 1073 1340 1128 Abba,
1373 1078 1536 1133 pater2.
1562 1078 1688 1121 »Nos
1717 1091 1821 1136 ergo
1854 1077 1860 1090 '

429 1135 664 1181 clamamus
680 1173 690 1192 ,
709 1137 784 1181 sed
806 1138 879 1182 ille
909 1140 1096 1185 clamare
1124 1142 1265 1187 dictus
1284 1153 1369 1198 cst,
1397 1148 1472 1204 qui
1495 1145 1629 1190 efficit
1657 1155 1707 1191 ut
1728 1145 1819 1191 class

427 1222 609 1252 memus.
640 1210 680 1252 Si
700 1224 799 1266 ergo
816 1209 1074 1255 clamantem
1095 1213 1301 1271 Spiritum
1322 1226 1436 1260 recte
1452 1215 1560 1260 dixit
1578 1218 1817 1277 Scriptura,

428 1293 451 1320 a
474 1293 563 1337 quo
580 1279 768 1322 efficitur
786 1289 835 1323 ut
858 1279 1122 1340 clamemus3
1147 1293 1263 1328 recte
1285 1286 1415 1330 etiam
1438 1286 1657 1332 volentem
1680 1293 1819 1334 Deum
1857 1315 1863 1348 2

429 1363 451 1390 a
468 1363 556 1405 quo
574 1349 763 1392 efficitur
777 1359 827 1393 ut
846 1350 1043 1395 velimus.
1072 1356 1133 1396 Ac
1151 1368 1227 1412 per
1242 1355 1342 1410 hoc,
1361 1357 1463 1416 quia
1483 1366 1527 1401 et
1544 1359 1820 1418 corripiendo
1860 1354 1862 1358 ¹

428 1416 538 1460 nihil
561 1417 679 1461 aliud
702 1418 912 1463 debemus
936 1436 1079 1480 agere,
1103 1423 1182 1467 nisi
1207 1434 1257 1468 ut
1277 1426 1331 1468 ab
1351 1426 1427 1470 ista
1444 1443 1549 1486 pace
1563 1445 1662 1488 quae
1680 1439 1744 1474 est
1764 1431 1821 1476 ad

428 1489 566 1530 Deum
580 1503 668 1531 non
683 1488 929 1545 recedatur,
946 1500 1021 1535 aut
1040 1492 1094 1535 ad
1110 1508 1204 1537 eam
1221 1496 1297 1554 qui
1312 1508 1544 1542 recesserat
1558 1509 1814 1554 revertatur,

426 1572 505 1602 nos
524 1573 699 1616 agamus
721 1560 812 1604 sine.
831 1562 1130 1621 desperatione
1152 1566 1269 1624 quod
1295 1568 1474 1626 agimus.
1505 1570 1547 1614 Si
1569 1570 1683 1615 filius
1705 1573 1819 1631 pacis
1860 1560 1864 1574 ἲ

425 1636 487 1671 est
511 1644 640 1687 quem
664 1630 936 1689 corripimus,
975 1634 1214 1693 requiescet
1246 1651 1376 1696 super
1407 1653 1507 1682 eum
1530 1654 1612 1699 pax
1631 1651 1779 1687 nostra
1806 1661 1815 1688 :

425 1697 490 1740 sin
508 1708 670 1753 autem,
696 1698 749 1743 ad
774 1716 851 1745 nos
875 1713 1131 1748 revertetur.
1502 1726 1505 1729 ·

481 1770 683 1813 XLVIII.
706 1772 911 1823 Quamvis
939 1773 1086 1833 itaque
1101 1775 1230 1820 etiam
1257 1775 1362 1820 dum
1388 1779 1682 1838 quorumdam
1704 1781 1812 1827 fides

423 1838 705 1894 subvertitur,
732 1840 907 1886 firmum
930 1844 1003 1887 Dei
1018 1844 1357 1891 fundamentum
1381 1858 1486 1904 stet,
1511 1852 1721 1910 quoniam
1743 1854 1818 1898 sci·

423 1908 486 1952 vit
505 1910 717 1954 Dominus
735 1913 810 1970 qui
830 1923 932 1957 sunt
954 1916 1046 1973 ejus
1061 1918 1075 1941 ‘³
1100 1935 1109 1960 z
1140 1932 1229 1961 non
1251 1927 1396 1962 tamen
1417 1919 1518 1965 ideo
1540 1936 1618 1966 nos
1641 1924 1752 1982 pigri
1775 1932 1818 1969 et
1862 1917 1867 1933 ⁴

422 1978 689 2035 negligentes
707 1995 796 2023 esse
814 1980 1026 2027 debemus
1050 1985 1094 2028 in
1117 1987 1422 2046 corripiendis,
1449 1991 1526 2051 qui
1554 1993 1817 2053 corripiendi

423 2057 538 2091 sunt.
560 2051 710 2108 Neque
726 2051 841 2094 enim
859 2052 1019 2097 trustra
1038 2055 1203 2101 dictum
1221 2067 1300 2113 est,
1322 2077 1341 2100 «
1362 2062 1664 2122 Corrumpunt
1676 2079 1816 2110 mores
1866 2099 1868 2107 ,

426 2135 446 2158 »
474 2117 613 2162 bonos
629 2120 849 2180 colloquia
868 2122 979 2167 mala
995 2125 1010 2148 ⁴
1028 2143 1036 2169 :
1058 2134 1116 2180 et,
1137 2128 1300 2172 Peribit
1315 2129 1514 2176 infirmus
1528 2133 1573 2177 in
1591 2142 1665 2179 tua
1682 2136 1816 2181 scien·

428 2207 447 2229 »
474 2189 531 2232 tia
560 2188 707 2246 frater,
730 2202 906 2251 propter
928 2210 1061 2254 quem
1091 2198 1287 2244 Christus
1309 2211 1508 2247 mortuus
1537 2208 1640 2249 est⁵.
1670 2225 1690 2248 η
1715 2209 1814 2254 Non
1864 2224 1869 2248 :

416 2269 778 2316 »argumentemur
790 2272 939 2308 contra
955 2265 1034 2309 ista
1048 2278 1262 2327 praecepta
1279 2271 1587 2333 salubre-mque
1603 2284 1813 2322 terrorem
1866 2278 1869 2320 i

424 2329 616 2374 dicentes
634 2367 644 2385 ‚
671 2335 724 2376 Et
749 2345 1031 2395 corrumpant
1054 2353 1192 2383 mores
1216 2340 1352 2386 bonos
1376 2343 1591 2405 colloquia
1615 2348 1743 2404 mala,
1769 2358 1811 2394 et
1868 2401 1869 2415 χ

425 2410 571 2458 pereat
593 2403 789 2447 infirmus
821 2405 930 2465 quid
953 2407 1008 2450 ad
1029 2410 1133 2452 nos?
1157 2410 1352 2457 Firmum
1377 2412 1714 2462 fundamentum
1736 2419 1812 2464 Dei
1838 2429 1848 2438 ‘
1867 2445 1870 2464 :

475 2509 481 2525 ¹
506 2505 597 2535 Rom.
617 2516 649 2544 v,
671 2505 702 2537 5.
716 2524 756 2529 —
773 2513 786 2528 2
810 2518 821 2538 1
842 2508 923 2540 Tim.
948 2520 979 2547 n,
999 2509 1039 2552 41,
1066 2511 1133 2543 Gal.
1154 2524 1195 2552 iv,
1220 2514 1254 2554 6,
1273 2522 1304 2548 et
1324 2519 1413 2550 Rom.
1438 2529 1507 2560 vni,
1535 2520 1581 2552 ¹5.
1599 2538 1639 2544 -—
1657 2520 1670 2544 3
1689 2530 1708 2555 ἰ
1724 2522 1805 2556 Tim.

427 2567 459 2596 ιι,
486 2568 533 2598 19.
554 2575 590 2581 —
605 2557 621 2587 4
639 2568 658 2591 2
679 2561 748 2592 Cor.
770 2571 823 2599 xv,
845 2562 896 2595 33.
912 2562 979 2587 —5
998 2575 1010 2597 1
1034 2566 1266 2609 Cor-vui,11.
