1821 3264
0 186 7 271 φάψ

248 239 391 269 orEius
422 240 598 268 mmm.
635 237 800 268 con‘nm
833 240 1003 269 surum.
1038 243 1121 269 Lm.
1155 244 1185 270 1.
1333 232 1414 271 271

88 308 379 351 Atre-Usrmus.
414 306 587 350 Utinam
619 305 914 350 Manichaeum
951 307 1123 352 fortiter
1157 306 1416 364 destrueres,

32 390 119 420 non
137 376 320 435 turpiter
337 376 578 436 adjuvares.
598 374 693 419 Illle
710 390 901 435 namque
916 377 1046 421 nimia
1062 393 1284 437 perversus
1302 379 1419 423 insa-

31 445 102 490 nia
127 461 217 490 non
243 445 349 490 dicit
375 456 574 490 naturam
610 445 710 489 mali
744 447 840 504 cogi
863 447 975 491 bene
1004 448 1146 493 facere
1169 450 1224 493 ab
1245 449 1327 493 alia
1348 465 1420 493 na-

32 523 127 561 tura
155 515 261 560 boni
281 550 292 571 ,
327 532 427 576 quae
464 515 627 560 malum
659 531 747 559 non
776 525 918 575 potest
946 518 1056 561 velle
1082 539 1094 576 3
1124 518 1198 562 sed
1220 529 1420 563 naturam

30 585 134 631 honi
148 587 244 644 cogi
264 587 377 630 male
394 586 534 631 facere
558 586 612 630 ab
633 601 681 629 ea
706 596 862 630 natura
884 587 1001 641 mali,
1023 604 1123 647 quae
1145 589 1307 632 bonum
1331 605 1420 633 non

30 664 169 715 potest
190 656 300 700 velle
325 673 337 701 .·
362 672 411 701 ac
434 672 510 717 per
527 657 610 700 hoc
629 656 886 700 mirabiliter
900 657 1078 702 demens
1100 669 1299 702 naturam
1316 659 1419 702 ma-li

29 724 122 770 vult
132 727 470 785 immutabilem,
485 726 740 771 mutabilem
759 743 862 771 vero
878 737 1079 772 naturam
1093 729 1212 773 boni.
1234 729 1420 773 Proinde

28 795 297 842 voluntatem
327 798 486 843 malam
518 798 580 843 ab
601 814 649 842 ea
683 799 880 857 inspirari
916 809 1091 854 natura,
1123 816 1222 859 quae
1251 800 1417 844 bonum

26 866 135 913 velle
155 883 245 913 non
273 878 415 928 potest
434 904 445 924 ,
468 878 636 914 certum
658 878 720 912 est
741 868 885 913 dicere
902 870 1192 914 Manichaeum
1219 890 1228 915 ε
1253 870 1415 913 volun-

26 946 157 984 tatem
172 955 275 984 vero
293 940 452 984 bonam
471 940 527 983 ab
545 956 593 984 ea
612 939 786 983 infundi
801 949 954 983 natura
967 975 977 993 ,
998 956 1098 999 quae
1121 940 1282 983 malum
1308 939 1418 983 velle

0 1054 1 1060 ¹
26 1022 114 1052 non
134 1018 299 1067 potest,
326 1026 414 1054 non
446 1009 551 1054 dicit
571 1010 840 1055 Manichaeus
861 1045 872 1063 ,
892 1010 1001 1054 sicut
1028 1021 1074 1054 tu
1097 1011 1151 1053 de
1174 1009 1248 1053 illo
1267 1009 1415 1053 mitius

0 1074 248 1142 isuspicaris
271 1099 280 1125 ;
300 1082 508 1141 quoniam
532 1081 636 1125 boni
658 1091 856 1125 naturam
873 1081 995 1125 nullo
1017 1081 1149 1125 modo
1167 1080 1417 1124 immutabi-

22 1149 106 1194 lem
125 1150 279 1205 credit,
309 1168 407 1211 quae
432 1151 595 1195 malum
614 1152 723 1196 velle
745 1167 834 1196 non
856 1152 1006 1211 possit,
1025 1153 1094 1196 cui
1115 1152 1252 1196 credit
1277 1152 1414 1210 inspi-

22 1219 105 1264 rari
131 1220 404 1265 voluntatem
431 1221 590 1265 malam
619 1222 674 1265 ab
704 1211 962 1277 canatur-a,
993 1238 1092 1281 quae
1124 1222 1290 1266 bonum
1324 1237 1414 1266 non

22 1298 164 1348 potest
193 1290 303 1335 velle
321 1325 333 1345 ,
366 1291 514 1351 itaque
552 1292 644 1335 fieri
681 1308 757 1350 per
786 1292 889 1336 mali
921 1302 1150 1347 naturam,
1177 1302 1227 1336 ut
1248 1291 1413 1336 malum

23 1359 125 1404 velit
145 1361 250 1405 boni
272 1371 449 1417 natura,
475 1378 609 1422 quam
627 1363 737 1406 nihil
758 1363 853 1407 vult
877 1379 966 1407 esse
984 1363 1102 1408 aliud
1125 1379 1257 1424 quam
1281 1372 1411 1406 natu-

0 1459 3 1486 μ
23 1445 114 1475 ram
132 1432 224 1475 Dei.
249 1435 314 1476 Tu
335 1447 436 1490 ergo
457 1433 576 1476 hunc
598 1432 776 1491 adjuvas
794 1468 804 1487 ,
826 1433 1027 1491 negando
1050 1434 1282 1476 humanam
1308 1448 1411 1490 pec-

0 1491 116 1551 icato
154 1501 280 1560 primi
316 1503 503 1546 hominis
530 1503 721 1546 vitiatam
757 1518 846 1546 esse
883 1511 1084 1545 naturam
1110 1537 1121 1557 ,
1160 1511 1208 1546 ut
1238 1511 1412 1545 naturae

0 1556 2 1620 l
23 1569 123 1615 nali
144 1588 277 1632 quam
302 1573 428 1631 fingit
445 1608 462 1628 ,⁷
481 1573 691 1617 attribuat
717 1572 934 1632 quidquid
956 1571 1171 1616 malorum
1200 1572 1245 1614 in
1268 1572 1411 1615 mani-

0 1639 247 1686 ‘festissima
279 1643 444 1687 invenit
471 1643 640 1687 miseria
666 1642 962 1701 parvulorum.
992 1642 1156 1685 Deinde
1183 1657 1283 1685 cum
1320 1642 1410 1684 dis—

21 1709 152 1771 plicet
167 1713 246 1757 tibi
261 1748 272 1767 ,
297 1714 520 1758 hominem
547 1729 636 1758 non
658 1728 782 1771 posse
812 1713 978 1756 bonum
1014 1711 1126 1756 velle
1144 1747 1154 1766 ,
1176 1712 1257 1755 nisi
1280 1712 1409 1771 adju-

21 1791 145 1828 vetur
170 1783 226 1827 ab
249 1799 300 1827 eo
327 1784 404 1843 qui
425 1783 590 1827 malurn
613 1798 703 1827 non
731 1791 871 1841 potest
894 1781 1004 1826 velle
1021 1816 1031 1836 ,
1062 1798 1208 1826 nonne
1237 1781 1409 1839 respicis

21 1848 60 1897 ei
89 1862 132 1897 te
161 1853 458 1898 contradicere
483 1888 494 1908 ,
526 1855 602 1913 qui
632 1853 740 1897 dixit
769 1872 777 1897 :
813 1872 833 1894 «
867 1853 966 1898 Sine
990 1868 1059 1895 me
1091 1853 1198 1896 nihil
1232 1851 1409 1911 potestis

21 1921 162 1968 facere
193 1926 239 1969 1?
264 1934 343 1969 »et
364 1924 614 1983 scripturae,
642 1924 720 1967 ubi
742 1923 901 1982 legitur
925 1942 932 1967 :
959 1942 979 1964 «
1005 1927 1185 1967 Paratur
1207 1922 1408 1967 voluntas

23 2009 50 2037 v)
69 2009 94 2039 a
115 1995 302 2040 Domino
321 1999 338 2023 ²
363 2014 372 2040 ι
393 2013 414 2037 u
439 2004 482 2039 et
500 1995 576 2038 ubi
597 1994 757 2053 legitur
777 2013 786 2038 ε
813 2014 832 2036 «
860 1998 972 2038 Deus
990 2004 1053 2038 est
1070 1995 1183 2037 enim
1201 1994 1277 2053 qui
1299 2008 1406 2050 ope-

24 2080 49 2106 »
73 2075 192 2109 ratur
212 2067 258 2110 in
275 2067 401 2111 nobis
424 2075 468 2111 et
485 2065 596 2110 velle
620 2068 635 2091 3
659 2085 667 2110 ;
696 2084 716 2107 »
743 2068 787 2109 et
813 2065 888 2109 ubi
908 2065 1096 2124 legitur:
1123 2085 1142 2107 ι(
1160 2068 1198 2109 Α
1219 2064 1406 2109 Domino

23 2153 44 2178 »
70 2151 236 2194 gressus
259 2138 447 2182 hominis
474 2137 740 2195 dirigentur,
765 2146 808 2181 et
832 2138 947 2181 viam
967 2138 1057 2195 ejus
1073 2137 1191 2181 volet
1216 2137 1247 2180 4.
1279 2154 1298 2177 »
1324 2135 1407 2180 Ubi

21 2205 129 2250 nihil
147 2208 296 2262 miror,
321 2208 402 2251 nisi
424 2207 542 2252 unde
564 2217 604 2251 te
636 2207 931 2252 Christianum
963 2206 1102 2263 dicas,
1127 2222 1228 2252 cum
1246 2207 1311 2250 his
1334 2206 1405 2249 di-

19 2277 125 2322 vinis
139 2289 205 2323 tot
226 2288 268 2323 et
290 2288 377 2323 tam
400 2279 524 2323 claris
544 2279 726 2324 vocibus
741 2278 1025 2322 contradicas.

76 2350 277 2394 XCVIII.
299 2352 527 2394 JULIANUS.
554 2350 784 2393 Joviniano
812 2358 955 2392 autem
979 2349 1021 2392 in
1048 2363 1132 2391 una
1153 2356 1274 2407 parte
1295 2362 1403 2390 con-

13 2419 206 2479 jungeris
237 2436 246 2461 :
286 2436 385 2465 nam
409 2421 516 2465 dicit
542 2421 587 2464 in
615 2420 808 2465 secundo
837 2420 977 2479 operis
1000 2420 1066 2463 sui
1087 2419 1220 2471 libro,
1260 2418 1402 2476 bapti-

18 2498 159 2534 zatum
177 2491 398 2535 hominem
418 2507 508 2536 non
528 2507 652 2551 posse
672 2506 851 2551 peccare
870 2511 881 2548 3
907 2499 1005 2534 ante
1023 2490 1234 2548 baptisma
1258 2498 1404 2532 autem

69 2579 78 2597 ¹
92 2573 186 2607 Joan·
204 2585 259 2616 xv,
278 2574 309 2607 5.
322 2592 364 2600 —
378 2581 397 2599 ²2
411 2577 506 2609 Prov.
522 2585 593 2615 vni,
613 2575 667 2608 35.
682 2591 724 2598 —
741 2573 754 2598 3
773 2573 883 2616 Philip.
903 2584 941 2615 ιι,
964 2573 1015 2606 ι3.
1031 2589 1069 2596 -
1082 2570 1099 2602 4
1117 2571 1196 2605 Psal.
1216 2582 1327 2611 xxxvi,
1347 2570 1400 2604 23.
