1821 3264
247 263 390 290 opums
424 263 599 290 imruar.
635 262 797 291 comm
830 264 998 292 JthAN.
1035 265 1118 292 Lm.
1156 267 1202 291 11.
1339 253 1422 293 429

44 348 64 371 »
86 329 268 373 charitas
290 328 369 372 Dei
393 327 551 372 diffusa
575 337 637 373 est
658 329 703 372 in
725 329 928 374 cordibus
951 330 1106 374 nostris
1123 346 1197 389 per
1217 331 1424 390 Spiritum

43 415 63 441 »
86 407 286 443 sanctum
305 433 315 453 ‚
340 398 417 458 qui
440 397 566 441 datus
590 407 653 442 cst
676 400 800 443 nobis
826 402 855 444 ¹.
886 418 904 441 »
932 399 983 444 Id
1004 409 1081 455 est,
1113 420 1122 445 :
1154 403 1251 446 Non
1285 402 1425 446 solum

40 469 162 514 nobis
184 469 277 512 haec
294 468 503 512 beneficia
528 468 832 524 contulerunt,
858 479 906 513 ut
924 469 1209 528 amplitudine
1228 471 1426 529 quando-

39 555 124 600 que
153 554 384 584 munerum
411 540 675 597 gaudeamus
698 559 706 583 :
738 540 810 584 sed
830 542 919 599 jam
941 540 1356 598 impraesentiarum,
1382 542 1427 584 in

39 610 190 654 mediis
226 625 435 669 angorum
474 610 648 654 aestibus
669 612 893 655 constituti
914 646 924 666 ,
946 611 1104 655 alacres
1127 626 1275 655 sumus
1297 613 1428 670 ipsius

38 682 303 742 possessione
325 682 512 736 virtutis,
535 691 578 726 et
600 682 655 725 de
675 683 1028 742 persequentium
1053 682 1200 726 furore
1219 683 1424 737 ridemus,

38 753 272 812 impiorum
301 752 603 797 crudelitatem
624 788 634 808 ‚
680 753 968 798 eruditionem
1006 753 1226 812 patientiae
1261 754 1395 811 magis
1414 787 1424 808 ,

40 839 171 883 quam
198 824 570 883 perturbationem
595 823 760 867 laetitiae
792 823 1063 882 judicantes3
1091 832 1140 867 ut
1166 839 1254 868 11011
1288 822 1428 867 solum

40 904 219 955 propter
239 895 417 954 praemia
444 910 531 939 non
554 909 781 954 peccemus
798 929 809 950 ‚
836 893 909 938 sed
941 894 1025 938 1100
1047 894 1188 952 ipsum
1217 910 1305 939 non
1327 909 1428 954 pec-

39 981 135 1012 care
158 967 387 1026 praemium
410 981 676 1011 censeamus.
699 984 720 1007 »

97 1041 387 1082 Amusmrs.
427 1037 469 1081 Si
483 1038 709 1096 praemium
729 1045 895 1081 estnon
913 1050 1108 1095 peccare,
1135 1036 1231 1095 quis
1254 1035 1328 1079 dat
1350 1037 1435 1081 hoc

39 1109 267 1168 praemium
290 1110 308 1151 P
336 1111 448 1151 Puto
484 1108 584 1167 quia
615 1123 704 1152 non
727 1107 923 1151 dicturus
952 1121 995 1150 es
1013 1140 1024 1159 ‚
1049 1096 1136 1162 ipse
1159 1105 1241 1149 sibi
1264 1106 1396 1150 homo
1421 1124 1431 1150 :

39 1180 235 1240 quamvis
251 1179 334 1224 hoc
363 1188 405 1223 te
429 1188 556 1238 cogat
574 1179 717 1223 dicere
731 1178 985 1238 perversitas
1004 1177 1176 1220 haeresis
1197 1186 1366 1220 vestrae.
1392 1177 1435 1220 Si

40 1267 142 1311 ergo
166 1255 277 1296 Deus
300 1251 374 1295 dat
402 1252 485 1296 hoc
507 1252 733 1310 praemium
754 1287 764 1305 ‚
799 1260 848 1294 ut
869 1251 1002 1294 homo
1030 1265 1117 1294 non
1141 1258 1290 1308 peccet
1316 1267 1324 1293 :
1351 1248 1434 1292 do-

0 1339 1 1378 }
39 1338 146 1367 num
171 1324 313 1382 potius
343 1322 470 1366 video
507 1321 742 1366 dicendum
772 1337 861 1365 esse
880 1356 890 1376 ,
916 1336 1046 1381 quam
1083 1320 1312 1379 praemium
1335 1355 1344 1373 ‚
1381 1334 1435 1363 ne

0 1414 1 1438 1
41 1393 184 1454 aliqua
205 1395 359 1438 merita
392 1393 656 1451 praecessisse
680 1393 908 1436 videantur
930 1411 938 1436 :
965 1407 1063 1436 cum
1094 1406 1165 1435 eos
1187 1391 1262 1450 qui
1282 1389 1436 1434 dicunt

0 1512 1 1517 ,
41 1465 222 1523 gratiam
239 1463 566 1508 Deisecundum
583 1463 734 1506 merita
750 1472 894 1506 nostra
911 1461 1001 1505 dari
1018 1496 1027 1512 ,
1043 1460 1240 1518 Pelagius
1259 1474 1437 1519 quoque

0 1525 2 1600 ᾗ
41 1536 130 1594 ipse
148 1534 418 1578 damnaverit
441 1535 472 1576 2.
500 1532 732 1585 Quomodo
755 1541 899 1575 autem
923 1530 1052 1574 detur
1074 1531 1156 1573 hoc
1181 1529 1364 1583 donum,
1389 1527 1436 1571 id

41 1613 120 1659 cst,
142 1619 231 1649 non
253 1619 449 1663 peccare,
481 1612 524 1647 et
546 1611 595 1646 tu
625 1602 756 1661 paulo
786 1611 886 1646 ante
910 1600 1067 1654 dixisti,
1088 1599 1280 1658 Apostoli
1304 1599 1437 1643 verba

43 1689 413 1719 commemorans:
441 1673 655 1726 Quoniam
678 1672 862 1716 charitas
888 1671 963 1715 Dei
986 1670 1143 1713 diffusa
1173 1678 1235 1713 est
1267 1670 1311 1712 in
1341 1684 1438 1713 cor-

47 1746 174 1789 dibus
196 1745 352 1789 nostris
373 1759 446 1802 per
467 1743 674 1802 Spiritum
699 1750 895 1786 sanctum
914 1776 926 1794 ,
959 1740 1035 1799 qui
1056 1739 1183 1783 datus
1209 1747 1272 1782 est
1292 1738 1432 1782 nobis.

0 1826 3 1854 Ι
46 1819 109 1861 Ac
131 1830 207 1875 per
229 1816 342 1869 hoc,
373 1815 418 1857 in
446 1813 721 1873 philosophia
756 1812 988 1855 christiana
1015 1845 1025 1865 ‚
1055 1818 1105 1853 ut
1137 1809 1370 1868 gloriemur
1391 1809 1434 1852 in

0 1857 4 1945 i
46 1885 420 1939 tribulationibus,
441 1900 530 1928 non
559 1893 622 1928 est
641 1892 856 1935 nostrum,
882 1882 982 1941 quia
1006 1890 1047 1924 et
1068 1881 1151 1923 hoc
1166 1880 1433 1939 accepimus:

0 1946 3 1963 ἱ
47 1956 241 2016 alioquin
263 1965 473 2015 tanquam
495 1955 550 1998 de
572 1969 650 1998 suo
681 1969 703 1997 a
733 1968 777 1997 se
795 1952 875 1996 sibi
898 1960 1022 2010 parto
1041 1950 1242 2009 glorianti
1270 1949 1437 1993 homini

47 2027 229 2071 dicitur:
252 2026 399 2079 «Quid
418 2025 534 2069 enim
551 2025 703 2078 habes,
719 2022 839 2083 quod
861 2038 950 2067 non
971 2021 1171 2080 accepisti
1189 2021 1206 2060 ?
1233 2021 1274 2064 Si
1291 2029 1436 2064 autem

50 2115 71 2140 »
89 2097 359 2156 etaccepisti,
380 2096 488 2156 quid
505 2094 849 2154 gloriaris,quasi
867 2109 955 2138 non
977 2092 1276 2151 acceperi539»
1289 2093 1346 2135 Et
1367 2099 1437 2134 ta-

48 2182 149 2211 men
167 2167 403 2226 gloriamur
420 2201 431 2219 ,
457 2181 547 2209 11011
564 2166 623 2209 ε10
641 2165 763 2225 quasi
783 2180 872 2208 nou
897 2162 1187 2222 acceperimus
1210 2182 1221 2219 3
1244 2160 1318 2204 sed
1342 2159 1437 2218 glo-

49 2239 213 2282 riamur
232 2239 275 2282 in
296 2237 371 2282 illo
392 2237 467 2296 qui
486 2237 568 2280 hoc
583 2236 720 2289 dedit,
744 2254 762 2276 «
784 2237 838 2279 Ut
860 2235 934 2295 qui
954 2233 1235 2292 gloriatur‚in
1252 2231 1437 2275 Domino

0 2333 2 2363 ς
53 2327 73 2350 »
91 2308 299 2366 glorietur
321 2308 352 2350 4.
383 2325 402 2348 11
430 2309 533 2350 Haec
550 2315 613 2349 est
635 2305 767 2362 gratia
784 2339 794 2359 ‚
815 2319 945 2363 quam
964 2303 1175 2347 catholica
1198 2301 1304 2344 fides
1324 2315 1436 2359 prae-

0 2355 7 2455 i
51 2378 189 2422 dicat:
216 2387 266 2422 ut
281 2377 387 2437 quid
407 2392 519 2430 eam,
544 2391 694 2436 quaeso
711 2410 721 2430 ,
746 2383 886 2419 vester
908 2388 1028 2417 error
1055 2378 1304 2431 oppugnat,
1335 2384 1435 2414 cum

51 2450 180 2494 etiam
202 2457 345 2493 vestro
367 2464 442 2492 vos
460 2463 533 2493 ore
556 2448 786 2491 convincat
808 2448 824 2486 ⁶?

100 2559 107 2575 ¹
129 2554 222 2584 Rom.
244 2563 278 2589 v,
299 2551 316 2583 3
344 2553 377 2583 et
402 2561 489 2593 seqq.
508 2566 546 2572 —·
567 2556 579 2570 ²
601 2549 677 2581 Vide
695 2548 751 2580 lib.
778 2547 818 2579 de
835 2545 937 2579 Gestis
955 2543 1082 2585 Pelagii,
1110 2553 1183 2585 cap.
1212 2540 1250 2583 14
1269 2545 1301 2574 et
1330 2539 1382 2573 35.
1398 2556 1438 2564 —-
1483 2527 1490 2532 ⁴

56 2605 69 2630 ³
93 2618 103 2640 1
129 2609 200 2640 Cor.
222 2617 264 2648 iv,
285 2617 314 2648 7.
333 2604 403 2635 -4
422 2605 466 2637 Id.
487 2614 510 2642 1,
532 2605 583 2635 31.
