1821 3264
264 267 409 293 OPERIS
443 268 618 295 lMPERF.
654 270 815 297 CONTRA
850 272 1018 301 JULIAN.
1058 278 1138 302 LlB.
1178 279 1206 302 l·
1346 268 1428 307 305

27 319 162 374 *ratur
182 328 383 375 voluntas
411 347 434 376 a
458 333 643 378 Domino
661 368 672 388 ,
693 334 791 380 ideo
815 347 1054 400 utrumque
1081 357 1234 386 verum
1263 354 1326 388 est
1342 380 1352 400 ,
1387 355 1430 390 et

41 400 142 459 quia
156 402 268 444 Deus
285 412 499 461 praeparat
522 419 619 448 vasa
640 404 682 447 in
702 405 904 463 gloriam,
932 419 973 454 et
1004 412 1104 471 quia
1126 413 1217 472 ipsa
1244 429 1287 458 se
1311 430 1427 474 prae-

40 479 192 528 parant
212 485 311 514 vasa
329 471 374 514 in
396 471 593 529 gloriam,
614 483 656 517 et
673 477 773 534 quia
788 478 878 536 ipsa
895 495 938 523 se
954 493 1213 541 praeparant.
1238 487 1293 529 Ut
1311 487 1426 530 enim

39 538 166 584 faciat
188 541 344 597 homo,
369 543 482 587 Deus
502 542 630 602 facit,
649 546 751 606 quia
767 557 816 592 ut
829 549 982 609 diligat
1003 552 1152 608 homo,
1178 557 1291 601 Deus
1309 558 1428 616 prior

37 607 193 668 diligit.
219 614 333 670 Lege
354 613 620 658 Ezechielem
649 617 924 675 prophetam,
952 621 1068 666 unde
1091 624 1211 683 quod
1234 626 1335 670 satis
1359 628 1425 671 vi·

35 694 129 723 sum
155 690 218 725 est
244 697 373 740 supra
395 688 729 730 commemoravi
760 708 768 732 :
795 690 874 733 ista
899 692 1028 736 etiam
1057 694 1189 738 verba
1213 698 1423 755 reperies,

34 750 79 794 id
100 760 189 806 est,
216 756 352 797 Deum
378 755 521 799 facere
550 765 599 800 ut
621 770 837 818 praecepta
877 763 968 821 ejus
997 764 1195 810 homines
1234 765 1421 822 faciant,

33 837 219 881 quorum
242 825 469 870 miseretur
484 861 494 881 ,
513 843 602 872 non
625 839 803 888 propter
821 833 972 877 merita
997 850 1164 891 eorum,
1190 853 1290 897 quae
1312 839 1425 884 mala

31 892 92 937 ibi
113 909 202 938 esse
230 908 563 953 commemorat,
589 900 663 945 sed
687 912 864 961 propter
889 920 1049 950 nomen
1085 924 1236 966 suum,
1258 920 1306 954 ut
1335 915 1424 956 Deo

29 963 118 1007 sine
140 965 302 1009 meritis
324 982 475 1011 eorum
511 967 698 1015 faciente
731 982 780 1016 ut
802 974 964 1019 faciant
987 988 1201 1035 praecepta
1224 982 1330 1041 ejus,
1358 982 1425 1025 in-

30 1033 189 1092 cipiant
212 1037 365 1081 merita
381 1037 600 1083 bonorum
634 1041 795 1086 habere
818 1043 1050 1090 factorum.
1081 1051 1183 1093 Haec
1205 1060 1267 1095 est
1288 1053 1423 1110 gratia

27 1119 159 1163 quam
180 1108 366 1164 negatiS,
389 1124 478 1153 non
494 1125 546 1154 ex
568 1113 773 1170 operibus
788 1130 888 1172 quae
910 1117 1038 1171 fiunt,
1062 1120 1138 1163 sed
1154 1130 1202 1164 ut
1223 1123 1343 1166 fiant.

85 1177 304 1221 CXXXV.
331 1181 375 1222 Ji
391 1198 507 1225 mam
526 1202 558 1226 s.
586 1185 699 1228 Ecce
742 1186 934 1231 officium
972 1189 1122 1234 liberae
1162 1192 1415 1239 voluntatis.

27 1245 84 1300 Si,
102 1245 260 1304 inquit,
287 1249 564 1295 mundaverit
593 1254 689 1312 quis
711 1258 987 1316 semetipsum
1011 1275 1033 1303 a
1063 1262 1268 1306 societate
1291 1279 1417 1309 vaso-

23 1331 119 1360 rum
152 1317 331 1361 vilium¹
353 1354 363 1372 ,
389 1322 511 1380 (quo
538 1325 717 1368 nomine
746 1327 846 1370 vitia
877 1327 1164 1386 denotantur,
1191 1338 1205 1389 )
1228 1335 1309 1378 erit
1343 1351 1416 1380 vas

21 1386 64 1430 in
88 1387 297 1431 honorem
325 1392 642 1436 sanctificatum
659 1429 669 1448 ,
696 1395 802 1439 utile
834 1400 1044 1455 Domino,
1071 1403 1126 1446 ad
1153 1419 1282 1448 omne
1305 1420 1414 1464 opus

20 1457 186 1502 bonum
208 1469 424 1518 paratum.
454 1465 557 1506 Haec
575 1464 708 1522 igitur
725 1482 841 1522 vasa,
866 1471 1020 1514 studiis
1043 1475 1243 1532 propriis,
1263 1485 1339 1519 aut
1359 1477 1415 1521 ad

19 1527 142 1584 iram,
169 1539 244 1574 aut
262 1531 316 1574 ad
335 1532 514 1590 gloriam
531 1547 835 1595 praeparantur
856 1559 864 1584 :
889 1543 1002 1585 Deus
1016 1552 1159 1588 autem
1177 1555 1325 1591 notam
1348 1547 1414 1592 fa-

19 1599 77 1644 cit
97 1601 337 1658 potentiam
353 1618 475 1648 suam
499 1605 543 1649 in
566 1616 776 1667 utroque,
802 1610 872 1654 vel
893 1614 1166 1658 severitatem
1188 1616 1234 1660 in
1254 1617 1409 1678 impios

18 1671 232 1716 exerendo
249 1706 260 1727 ,
285 1673 355 1717 vel
377 1674 729 1723 benedictionem
759 1680 961 1728 fidelibus
983 1684 1220 1743 largiendo.
1258 1691 1409 1748 Appa-

18 1741 105 1785 ruit
126 1742 296 1803 itaque,
318 1745 431 1789 hanc
444 1749 703 1793 sententiam
722 1753 881 1810 egregii
903 1758 1196 1814 praeceptoris,
1222 1774 1302 1803 nec
1316 1762 1409 1804 Ma-

17 1811 193 1856 nichaeis
216 1828 343 1872 opem
372 1817 570 1862 sensibus
599 1819 814 1876 attulisse,
841 1832 884 1866 et
905 1838 928 1867 e
950 1824 1119 1870 diverso
1143 1843 1221 1872 nos
1254 1844 1407 1875 conse-

17 1892 201 1941 quenter
229 1898 429 1929 armasse.

76 1955 366 1999 Anerscrims.
399 1957 514 2009 Quid
548 1958 848 2016 calumniaris,
887 1966 992 2023 quid
1030 1967 1138 2012 salso
1165 1970 1405 2016 criminaris

16 2037 95 2066 nec
117 2039 226 2083 quos
245 2034 288 2068 et
310 2025 459 2085 quales
481 2027 684 2073 Ecclesiae
707 2030 906 2077 doctores
929 2036 1167 2083 crimineris
1189 2043 1405 2086 attendis?

14 2095 109 2139 Non
127 2096 383 2155 cujusquam
406 2098 661 2153 Manichaei,
683 2102 759 2145 sed
779 2105 915 2148 sancti
933 2110 1013 2150 Am
1022 2107 1149 2153 brosii
1164 2112 1305 2155 verbis
1322 2113 1404 2157 tibi

15 2165 257 2224 respondeo
271 2169 288 2192 2
306 2185 314 2209 :
338 2169 452 2211 Deus
474 2184 583 2227 quos
614 2169 820 2227 dignatur
838 2185 978 2229 vocat,
999 2187 1043 2221 et
1065 2195 1196 2238 quem
1216 2183 1311 2226 vult
1333 2199 1402 2227 re-

13 2232 215 2293 ligiosum
234 2234 351 2280 facit.
377 2239 470 2281 Hoc
492 2240 536 2282 in
557 2240 737 2286 veritate
753 2242 870 2299 facit,
897 2247 979 2291 hoc
998 2248 1042 2292 in
1059 2251 1238 2297 veritate
1259 2256 1405 2314 Scrip-

16 2314 211 2350 turarum
243 2306 490 2352 divinarum
514 2310 727 2357 intellexit
756 2317 1010 2363 Ambrosius
1034 2339 1042 2365 :
1067 2324 1143 2365 sed
1164 2323 1402 2383 judicium,

14 2392 113 2422 cum
132 2378 238 2422 alios
261 2377 385 2434 facit,
415 2389 458 2424 et
481 2380 585 2426 alios
608 2398 699 2447 non
720 2384 850 2438 facit,
878 2390 1100 2436 occultum
1124 2404 1199 2438 est.
1226 2399 1406 2455 Propter

14 2448 132 2508 quod
145 2447 303 2493 dicitur
317 2449 483 2494 homini
501 2467 578 2510 per
592 2453 832 2512 hominem,
847 2459 921 2503 sed
936 2476 1024 2505 non
1043 2463 1097 2506 ab
1116 2464 1306 2510 homine.
1332 2486 1350 2509 «
1367 2471 1404 2512 Ο

17 2536 38 2560 »
59 2519 191 2563 homo
207 2554 217 2574 ,
237 2528 286 2563 tu
309 2521 405 2579 quis
434 2536 499 2577 es,
521 2523 597 2581 qui
615 2527 876 2583 respondeas
909 2533 1028 2575 Deo?
1051 2535 1276 2595 Numquid
1297 2538 1403 2583 dicit
1457 2560 1463 2565 ·

65 2611 71 2626 ¹
104 2613 123 2636 2
138 2604 217 2636 Tim.
238 2615 272 2642 ιι,
292 2614 346 2637 21.
363 2613 430 2630 —2
460 2607 607 2641 Anibi-os.
626 2609 682 2642 lib.
704 2622 746 2644 vn
763 2612 794 2647 in
811 2615 885 2646 Luc.
911 2625 980 2657 cap.
1002 2628 1045 2654 ix,
1065 2629 1095 2650 n.
1117 2618 1171 2652 58.

199 2669 349 2699 exuli.
1166 2675 1216 2713 ΞΟ
