<?xml version="1.0" encoding="UTF-8"?>
<!DOCTYPE html PUBLIC "-//W3C//DTD XHTML 1.0 Transitional//EN"
    "http://www.w3.org/TR/xhtml1/DTD/xhtml1-transitional.dtd">
<html xmlns="http://www.w3.org/1999/xhtml" xml:lang="en" lang="en">
 <head>
  <title>
</title>
<meta http-equiv="Content-Type" content="text/html;charset=utf-8" />
  <meta name='ocr-system' content='tesseract 3.04.00' />
  <meta name='ocr-capabilities' content='ocr_page ocr_carea ocr_par ocr_line ocrx_word'/>
</head>
<body>
  <div class='ocr_page' id='page_1' title='image "./operaomniaaccura36auguuoft/operaomniaaccura36auguuoft_0562.png"; bbox 0 0 1884 3285; ppageno 0'>
   <div class='ocr_carea' id='block_1_1' title="bbox 414 298 1352 336">
    <p class='ocr_par' dir='ltr' id='par_1_1' title="bbox 414 298 1352 336">
     <span class='ocr_line' id='line_1_1' title="bbox 414 298 1352 336; baseline -0.002 0"><span class='ocrx_word' id='word_1_1' title='bbox 414 298 497 336; x_wconf 75' lang='lat'>460</span> <span class='ocrx_word' id='word_1_2' title='bbox 839 306 870 334; x_wconf 85' lang='lat' dir='ltr'>s.</span> <span class='ocrx_word' id='word_1_3' title='bbox 911 308 1137 336; x_wconf 63' lang='lat' dir='ltr'>mausum</span> <span class='ocrx_word' id='word_1_4' title='bbox 1172 309 1352 336; x_wconf 65' lang='lat' dir='ltr'>muscom</span> 
     </span>
    </p>
   </div>
   <div class='ocr_carea' id='block_1_2' title="bbox 410 374 1884 2643">
    <p class='ocr_par' dir='ltr' id='par_1_2' title="bbox 410 374 1867 861">
     <span class='ocr_line' id='line_1_2' title="bbox 472 374 1838 435; baseline 0.002 -17"><span class='ocrx_word' id='word_1_5' title='bbox 472 378 762 419; x_wconf 66' lang='lat' dir='ltr'>Amusrmus.</span> <span class='ocrx_word' id='word_1_6' title='bbox 807 376 887 418; x_wconf 86' lang='lat' dir='ltr'>Per</span> <span class='ocrx_word' id='word_1_7' title='bbox 923 389 1061 418; x_wconf 87' lang='lat' dir='ltr'>unum</span> <span class='ocrx_word' id='word_1_8' title='bbox 1107 383 1356 434; x_wconf 83' lang='lat' dir='ltr'>peccantem</span> <span class='ocrx_word' id='word_1_9' title='bbox 1376 409 1387 429; x_wconf 84' lang='lat'>,</span> <span class='ocrx_word' id='word_1_10' title='bbox 1424 374 1556 430; x_wconf 83' lang='lat' dir='ltr'>dixit,</span> <span class='ocrx_word' id='word_1_11' title='bbox 1597 390 1686 420; x_wconf 89' lang='lat' dir='ltr'>non</span> <span class='ocrx_word' id='word_1_12' title='bbox 1724 391 1800 435; x_wconf 84' lang='lat' dir='ltr'>per</span> <span class='ocrx_word' id='word_1_13' title='bbox 1836 396 1838 406; x_wconf 69' lang='lat'><em>¹</em></span> 
     </span>
     <span class='ocr_line' id='line_1_3' title="bbox 412 443 1836 505; baseline 0.002 -15"><span class='ocrx_word' id='word_1_14' title='bbox 412 461 548 491; x_wconf 87' lang='lat' dir='ltr'>unum</span> <span class='ocrx_word' id='word_1_15' title='bbox 572 454 797 505; x_wconf 87' lang='lat' dir='ltr'>peccatum</span> <span class='ocrx_word' id='word_1_16' title='bbox 818 465 829 501; x_wconf 74' lang='lat'>3</span> <span class='ocrx_word' id='word_1_17' title='bbox 849 453 898 488; x_wconf 89' lang='lat' dir='ltr'>ut</span> <span class='ocrx_word' id='word_1_18' title='bbox 921 443 1040 504; x_wconf 87' lang='lat' dir='ltr'>quod</span> <span class='ocrx_word' id='word_1_19' title='bbox 1065 445 1222 490; x_wconf 76' lang='lat' dir='ltr'>deinde</span> <span class='ocrx_word' id='word_1_20' title='bbox 1243 445 1371 500; x_wconf 86' lang='lat' dir='ltr'>dicit,</span> <span class='ocrx_word' id='word_1_21' title='bbox 1396 445 1620 490; x_wconf 86' lang='lat' dir='ltr'>Judicium</span> <span class='ocrx_word' id='word_1_22' title='bbox 1642 461 1693 490; x_wconf 85' lang='lat' dir='ltr'>ex</span> <span class='ocrx_word' id='word_1_23' title='bbox 1711 462 1799 493; x_wconf 88' lang='lat' dir='ltr'>uno</span> <span class='ocrx_word' id='word_1_24' title='bbox 1830 445 1836 499; x_wconf 72' lang='lat' dir='ltr'>&#39;t</span> 
     </span>
     <span class='ocr_line' id='line_1_4' title="bbox 412 515 1838 577; baseline 0.001 -15"><span class='ocrx_word' id='word_1_25' title='bbox 412 517 572 563; x_wconf 89' lang='lat' dir='ltr'>delicto</span> <span class='ocrx_word' id='word_1_26' title='bbox 589 517 634 560; x_wconf 87' lang='lat' dir='ltr'>in</span> <span class='ocrx_word' id='word_1_27' title='bbox 652 515 1080 569; x_wconf 80' lang='lat' dir='ltr'>condemnationem,</span> <span class='ocrx_word' id='word_1_28' title='bbox 1100 532 1188 561; x_wconf 88' lang='lat' dir='ltr'>non</span> <span class='ocrx_word' id='word_1_29' title='bbox 1207 516 1286 560; x_wconf 86' lang='lat' dir='ltr'>nisi</span> <span class='ocrx_word' id='word_1_30' title='bbox 1302 516 1415 560; x_wconf 83' lang='lat' dir='ltr'>illius</span> <span class='ocrx_word' id='word_1_31' title='bbox 1433 516 1561 560; x_wconf 87' lang='lat' dir='ltr'>unius</span> <span class='ocrx_word' id='word_1_32' title='bbox 1583 519 1800 575; x_wconf 89' lang='lat' dir='ltr'>peccantis</span> <span class='ocrx_word' id='word_1_33' title='bbox 1832 517 1838 577; x_wconf 70' lang='grc' dir='ltr'>’ξ</span> 
     </span>
     <span class='ocr_line' id='line_1_5' title="bbox 411 586 1838 647; baseline 0.001 -14"><span class='ocrx_word' id='word_1_34' title='bbox 411 591 494 634; x_wconf 91' lang='lat' dir='ltr'>hoc</span> <span class='ocrx_word' id='word_1_35' title='bbox 516 587 726 632; x_wconf 85' lang='lat' dir='ltr'>delictum</span> <span class='ocrx_word' id='word_1_36' title='bbox 748 588 883 647; x_wconf 87' lang='lat' dir='ltr'>possit</span> <span class='ocrx_word' id='word_1_37' title='bbox 907 586 1104 646; x_wconf 88' lang='lat' dir='ltr'>intelligi.</span> <span class='ocrx_word' id='word_1_38' title='bbox 1132 587 1261 641; x_wconf 84' lang='lat' dir='ltr'>Quod</span> <span class='ocrx_word' id='word_1_39' title='bbox 1287 587 1465 647; x_wconf 89' lang='lat' dir='ltr'>quidem</span> <span class='ocrx_word' id='word_1_40' title='bbox 1492 603 1568 633; x_wconf 91' lang='lat' dir='ltr'>vos</span> <span class='ocrx_word' id='word_1_41' title='bbox 1591 604 1681 633; x_wconf 91' lang='lat' dir='ltr'>non</span> <span class='ocrx_word' id='word_1_42' title='bbox 1701 588 1800 634; x_wconf 86' lang='lat' dir='ltr'>vul·</span> <span class='ocrx_word' id='word_1_43' title='bbox 1834 588 1838 618; x_wconf 72' lang='lat'>&#39;²</span> 
     </span>
     <span class='ocr_line' id='line_1_6' title="bbox 412 631 1839 719; baseline 0.001 -15"><span class='ocrx_word' id='word_1_44' title='bbox 412 661 488 718; x_wconf 69' lang='lat' dir='ltr'>tis,</span> <span class='ocrx_word' id='word_1_45' title='bbox 509 659 584 704; x_wconf 87' lang='lat' dir='ltr'>sed</span> <span class='ocrx_word' id='word_1_46' title='bbox 606 658 711 718; x_wconf 87' lang='lat' dir='ltr'>quid</span> <span class='ocrx_word' id='word_1_47' title='bbox 730 657 886 704; x_wconf 73' lang='lat' dir='ltr'>facturi</span> <span class='ocrx_word' id='word_1_48' title='bbox 901 658 1029 702; x_wconf 79' lang='lat' dir='ltr'>estis?</span> <span class='ocrx_word' id='word_1_49' title='bbox 1043 657 1222 718; x_wconf 85' lang='lat' dir='ltr'>quando</span> <span class='ocrx_word' id='word_1_50' title='bbox 1235 657 1413 718; x_wconf 90' lang='lat' dir='ltr'>quidem</span> <span class='ocrx_word' id='word_1_51' title='bbox 1433 658 1517 704; x_wconf 91' lang='lat' dir='ltr'>hoc</span> <span class='ocrx_word' id='word_1_52' title='bbox 1531 659 1639 704; x_wconf 84' lang='lat' dir='ltr'>dixit</span> <span class='ocrx_word' id='word_1_53' title='bbox 1660 662 1800 719; x_wconf 83' lang='lat' dir='ltr'>Apos-</span> <span class='ocrx_word' id='word_1_54' title='bbox 1835 631 1839 670; x_wconf 49' lang='lat'>⁴</span> 
     </span>
     <span class='ocr_line' id='line_1_7' title="bbox 413 727 1866 789; baseline -0.001 -12"><span class='ocrx_word' id='word_1_55' title='bbox 413 731 541 786; x_wconf 89' lang='lat' dir='ltr'>tolus,</span> <span class='ocrx_word' id='word_1_56' title='bbox 558 732 688 776; x_wconf 87' lang='lat' dir='ltr'>etiam</span> <span class='ocrx_word' id='word_1_57' title='bbox 703 730 954 775; x_wconf 84' lang='lat' dir='ltr'>nolentibus</span> <span class='ocrx_word' id='word_1_58' title='bbox 966 731 1104 774; x_wconf 86' lang='lat' dir='ltr'>vobis.</span> <span class='ocrx_word' id='word_1_59' title='bbox 1128 730 1403 789; x_wconf 83' lang='lat' dir='ltr'>Corrigimini</span> <span class='ocrx_word' id='word_1_60' title='bbox 1421 745 1522 789; x_wconf 86' lang='lat' dir='ltr'>ergo</span> <span class='ocrx_word' id='word_1_61' title='bbox 1549 750 1557 776; x_wconf 71' lang='grc' dir='ltr'><em>ι</em></span> <span class='ocrx_word' id='word_1_62' title='bbox 1579 746 1667 776; x_wconf 89' lang='lat' dir='ltr'>non</span> <span class='ocrx_word' id='word_1_63' title='bbox 1686 732 1800 776; x_wconf 87' lang='lat' dir='ltr'>enim</span> <span class='ocrx_word' id='word_1_64' title='bbox 1837 727 1841 738; x_wconf 65' lang='lat'><em>¹</em></span> <span class='ocrx_word' id='word_1_65' title='bbox 1863 750 1866 757; x_wconf 95' lang='lat'>·</span> 
     </span>
     <span class='ocr_line' id='line_1_8' title="bbox 410 789 1867 861; baseline -0.002 -13"><span class='ocrx_word' id='word_1_66' title='bbox 410 803 588 848; x_wconf 81' lang='lat' dir='ltr'>habetis</span> <span class='ocrx_word' id='word_1_67' title='bbox 603 803 673 845; x_wconf 89' lang='lat' dir='ltr'>hic</span> <span class='ocrx_word' id='word_1_68' title='bbox 695 801 831 855; x_wconf 89' lang='lat' dir='ltr'>aliud,</span> <span class='ocrx_word' id='word_1_69' title='bbox 857 801 978 861; x_wconf 88' lang='lat' dir='ltr'>quod</span> <span class='ocrx_word' id='word_1_70' title='bbox 999 802 1141 846; x_wconf 83' lang='lat' dir='ltr'>facere</span> <span class='ocrx_word' id='word_1_71' title='bbox 1163 801 1371 846; x_wconf 84' lang='lat' dir='ltr'>debeatis.</span> <span class='ocrx_word' id='word_1_72' title='bbox 1837 789 1842 807; x_wconf 59' lang='lat'><strong>⁸</strong></span> <span class='ocrx_word' id='word_1_73' title='bbox 1862 799 1867 809; x_wconf 89' lang='lat'><em>&#39;</em></span> 
     </span>
    </p>

    <p class='ocr_par' dir='ltr' id='par_1_3' title="bbox 411 871 1884 1221">
     <span class='ocr_line' id='line_1_9' title="bbox 471 871 1844 932; baseline 0 -15"><span class='ocrx_word' id='word_1_74' title='bbox 471 874 623 917; x_wconf 87' lang='lat' dir='ltr'>CCXI.</span> <span class='ocrx_word' id='word_1_75' title='bbox 643 874 667 916; x_wconf 88' lang='lat' dir='ltr'>J</span> <span class='ocrx_word' id='word_1_76' title='bbox 674 888 804 916; x_wconf 62' lang='lat' dir='ltr'>[Lim</span> <span class='ocrx_word' id='word_1_77' title='bbox 814 891 873 916; x_wconf 79' lang='lat' dir='ltr'>us.</span> <span class='ocrx_word' id='word_1_78' title='bbox 904 891 924 915; x_wconf 89' lang='lat'>«</span> <span class='ocrx_word' id='word_1_79' title='bbox 945 874 1053 917; x_wconf 91' lang='lat' dir='ltr'>Nam</span> <span class='ocrx_word' id='word_1_80' title='bbox 1065 872 1282 932; x_wconf 87' lang='lat' dir='ltr'>judicium</span> <span class='ocrx_word' id='word_1_81' title='bbox 1299 887 1349 916; x_wconf 85' lang='lat' dir='ltr'>ex</span> <span class='ocrx_word' id='word_1_82' title='bbox 1366 887 1455 916; x_wconf 92' lang='lat' dir='ltr'>uno</span> <span class='ocrx_word' id='word_1_83' title='bbox 1473 871 1517 916; x_wconf 91' lang='lat' dir='ltr'>in</span> <span class='ocrx_word' id='word_1_84' title='bbox 1537 873 1805 917; x_wconf 89' lang='lat' dir='ltr'>condemna·</span> <span class='ocrx_word' id='word_1_85' title='bbox 1840 924 1844 932; x_wconf 42' lang='lat'>‚</span> 
     </span>
     <span class='ocr_line' id='line_1_10' title="bbox 414 942 1806 1003; baseline 0.001 -17"><span class='ocrx_word' id='word_1_86' title='bbox 414 963 434 986; x_wconf 88' lang='lat'>»</span> <span class='ocrx_word' id='word_1_87' title='bbox 463 945 649 1002; x_wconf 77' lang='lat' dir='ltr'>tlonem3</span> <span class='ocrx_word' id='word_1_88' title='bbox 683 944 818 1002; x_wconf 83' lang='lat' dir='ltr'>gratia</span> <span class='ocrx_word' id='word_1_89' title='bbox 842 952 987 988; x_wconf 86' lang='lat' dir='ltr'>autem</span> <span class='ocrx_word' id='word_1_90' title='bbox 1011 959 1060 988; x_wconf 79' lang='lat' dir='ltr'>ex</span> <span class='ocrx_word' id='word_1_91' title='bbox 1078 943 1225 988; x_wconf 87' lang='lat' dir='ltr'>multis</span> <span class='ocrx_word' id='word_1_92' title='bbox 1249 942 1439 998; x_wconf 86' lang='lat' dir='ltr'>delictis,</span> <span class='ocrx_word' id='word_1_93' title='bbox 1467 944 1511 987; x_wconf 90' lang='lat' dir='ltr'>in</span> <span class='ocrx_word' id='word_1_94' title='bbox 1529 944 1806 1003; x_wconf 79' lang='lat' dir='ltr'>justificatio·</span> 
     </span>
     <span class='ocr_line' id='line_1_11' title="bbox 415 1010 1846 1074; baseline 0.001 -17"><span class='ocrx_word' id='word_1_95' title='bbox 415 1034 434 1058; x_wconf 85' lang='lat'>»</span> <span class='ocrx_word' id='word_1_96' title='bbox 462 1017 587 1059; x_wconf 85' lang='lat' dir='ltr'>nem¹</span> <span class='ocrx_word' id='word_1_97' title='bbox 607 1033 616 1059; x_wconf 81' lang='lat' dir='ltr'>t</span> <span class='ocrx_word' id='word_1_98' title='bbox 639 1033 657 1056; x_wconf 91' lang='lat'>»</span> <span class='ocrx_word' id='word_1_99' title='bbox 679 1015 723 1059; x_wconf 89' lang='lat' dir='ltr'>id</span> <span class='ocrx_word' id='word_1_100' title='bbox 747 1022 824 1069; x_wconf 83' lang='lat' dir='ltr'>est,</span> <span class='ocrx_word' id='word_1_101' title='bbox 848 1024 1023 1074; x_wconf 86' lang='lat' dir='ltr'>peccata</span> <span class='ocrx_word' id='word_1_102' title='bbox 1047 1015 1226 1074; x_wconf 81' lang='lat' dir='ltr'>quidem</span> <span class='ocrx_word' id='word_1_103' title='bbox 1244 1031 1343 1073; x_wconf 82' lang='lat' dir='ltr'>quae</span> <span class='ocrx_word' id='word_1_104' title='bbox 1366 1015 1509 1072; x_wconf 82' lang='lat' dir='ltr'>gravia</span> <span class='ocrx_word' id='word_1_105' title='bbox 1527 1023 1655 1069; x_wconf 85' lang='lat' dir='ltr'>sunt,</span> <span class='ocrx_word' id='word_1_106' title='bbox 1676 1015 1805 1058; x_wconf 79' lang='lat' dir='ltr'>etiam</span> <span class='ocrx_word' id='word_1_107' title='bbox 1842 1010 1846 1026; x_wconf 73' lang='lat'>⁸</span> 
     </span>
     <span class='ocr_line' id='line_1_12' title="bbox 411 1078 1884 1152; baseline 0.001 -22"><span class='ocrx_word' id='word_1_108' title='bbox 411 1085 582 1145; x_wconf 82' lang='lat' dir='ltr'>singula</span> <span class='ocrx_word' id='word_1_109' title='bbox 605 1095 786 1145; x_wconf 83' lang='lat' dir='ltr'>possunt</span> <span class='ocrx_word' id='word_1_110' title='bbox 815 1087 1015 1130; x_wconf 82' lang='lat' dir='ltr'>sufficere</span> <span class='ocrx_word' id='word_1_111' title='bbox 1050 1085 1104 1129; x_wconf 85' lang='lat' dir='ltr'>ad</span> <span class='ocrx_word' id='word_1_112' title='bbox 1133 1085 1452 1130; x_wconf 79' lang='lat' dir='ltr'>accusationem</span> <span class='ocrx_word' id='word_1_113' title='bbox 1485 1094 1529 1129; x_wconf 89' lang='lat' dir='ltr'>et</span> <span class='ocrx_word' id='word_1_114' title='bbox 1563 1085 1808 1130; x_wconf 87' lang='lat' dir='ltr'>damnatio-</span> <span class='ocrx_word' id='word_1_115' title='bbox 1843 1078 1847 1092; x_wconf 75' lang='lat'><em>‘</em></span> <span class='ocrx_word' id='word_1_116' title='bbox 1871 1121 1884 1152; x_wconf 43' lang='grc' dir='ltr'>ἱ,</span> 
     </span>
     <span class='ocr_line' id='line_1_13' title="bbox 412 1142 1848 1202; baseline -0.001 -1"><span class='ocrx_word' id='word_1_117' title='bbox 412 1174 510 1202; x_wconf 85' lang='lat' dir='ltr'>nem</span> <span class='ocrx_word' id='word_1_118' title='bbox 536 1172 725 1201; x_wconf 82' lang='lat' dir='ltr'>reorum.</span> <span class='ocrx_word' id='word_1_119' title='bbox 758 1176 776 1197; x_wconf 92' lang='lat'>»</span> <span class='ocrx_word' id='word_1_120' title='bbox 1844 1142 1848 1162; x_wconf 60' lang='lat'>⁵</span> 
     </span>
    </p>

    <p class='ocr_par' dir='ltr' id='par_1_4' title="bbox 411 1227 1881 1786">
     <span class='ocr_line' id='line_1_14' title="bbox 470 1227 1850 1288; baseline -0.002 -12"><span class='ocrx_word' id='word_1_121' title='bbox 470 1232 765 1276; x_wconf 69' lang='lat' dir='ltr'>AneirsTmcs.</span> <span class='ocrx_word' id='word_1_122' title='bbox 793 1231 937 1282; x_wconf 81' lang='lat' dir='ltr'>Quare</span> <span class='ocrx_word' id='word_1_123' title='bbox 961 1227 1104 1272; x_wconf 83' lang='lat' dir='ltr'>dixisti</span> <span class='ocrx_word' id='word_1_124' title='bbox 1121 1228 1282 1287; x_wconf 83' lang='lat' dir='ltr'>gravia,</span> <span class='ocrx_word' id='word_1_125' title='bbox 1304 1227 1424 1288; x_wconf 89' lang='lat' dir='ltr'>quod</span> <span class='ocrx_word' id='word_1_126' title='bbox 1440 1243 1530 1272; x_wconf 91' lang='lat' dir='ltr'>non</span> <span class='ocrx_word' id='word_1_127' title='bbox 1549 1228 1810 1288; x_wconf 78' lang='lat' dir='ltr'>dixitApos-</span> <span class='ocrx_word' id='word_1_128' title='bbox 1846 1236 1850 1287; x_wconf 75' lang='grc' dir='ltr'>ξ</span> 
     </span>
     <span class='ocr_line' id='line_1_15' title="bbox 412 1298 1809 1359; baseline 0 -15"><span class='ocrx_word' id='word_1_129' title='bbox 412 1299 526 1344; x_wconf 82' lang='lat' dir='ltr'>tolus</span> <span class='ocrx_word' id='word_1_130' title='bbox 542 1335 552 1354; x_wconf 88' lang='lat'>,</span> <span class='ocrx_word' id='word_1_131' title='bbox 578 1300 659 1344; x_wconf 90' lang='lat' dir='ltr'>nisi</span> <span class='ocrx_word' id='word_1_132' title='bbox 682 1300 785 1359; x_wconf 87' lang='lat' dir='ltr'>qnia</span> <span class='ocrx_word' id='word_1_133' title='bbox 817 1299 988 1353; x_wconf 86' lang='lat' dir='ltr'>vidisti,</span> <span class='ocrx_word' id='word_1_134' title='bbox 1025 1299 1058 1343; x_wconf 92' lang='lat' dir='ltr'>si</span> <span class='ocrx_word' id='word_1_135' title='bbox 1090 1314 1231 1343; x_wconf 90' lang='lat' dir='ltr'>unum</span> <span class='ocrx_word' id='word_1_136' title='bbox 1254 1299 1464 1343; x_wconf 88' lang='lat' dir='ltr'>delictum</span> <span class='ocrx_word' id='word_1_137' title='bbox 1487 1298 1582 1342; x_wconf 86' lang='lat' dir='ltr'>leve</span> <span class='ocrx_word' id='word_1_138' title='bbox 1613 1300 1693 1354; x_wconf 90' lang='lat' dir='ltr'>sit,</span> <span class='ocrx_word' id='word_1_139' title='bbox 1719 1315 1809 1344; x_wconf 87' lang='lat' dir='ltr'>non</span> 
     </span>
     <span class='ocr_line' id='line_1_16' title="bbox 411 1370 1853 1431; baseline -0.003 -15"><span class='ocrx_word' id='word_1_140' title='bbox 411 1371 609 1417; x_wconf 85' lang='lat' dir='ltr'>sufficere</span> <span class='ocrx_word' id='word_1_141' title='bbox 632 1370 688 1415; x_wconf 86' lang='lat' dir='ltr'>ad</span> <span class='ocrx_word' id='word_1_142' title='bbox 710 1370 1062 1425; x_wconf 84' lang='lat' dir='ltr'>damnationem,</span> <span class='ocrx_word' id='word_1_143' title='bbox 1089 1370 1144 1415; x_wconf 87' lang='lat' dir='ltr'>dc</span> <span class='ocrx_word' id='word_1_144' title='bbox 1165 1386 1250 1431; x_wconf 87' lang='lat' dir='ltr'>qua</span> <span class='ocrx_word' id='word_1_145' title='bbox 1274 1370 1570 1430; x_wconf 78' lang='lat' dir='ltr'>loquebatur?</span> <span class='ocrx_word' id='word_1_146' title='bbox 1587 1372 1684 1416; x_wconf 91' lang='lat' dir='ltr'>Non</span> <span class='ocrx_word' id='word_1_147' title='bbox 1704 1386 1808 1431; x_wconf 86' lang='lat' dir='ltr'>ergo</span> <span class='ocrx_word' id='word_1_148' title='bbox 1852 1407 1853 1411; x_wconf 75' lang='grc'>,</span> 
     </span>
     <span class='ocr_line' id='line_1_17' title="bbox 411 1442 1854 1505; baseline -0.001 -17"><span class='ocrx_word' id='word_1_149' title='bbox 411 1460 461 1488; x_wconf 85' lang='lat' dir='ltr'>ex</span> <span class='ocrx_word' id='word_1_150' title='bbox 485 1459 767 1504; x_wconf 87' lang='lat' dir='ltr'>quocumque</span> <span class='ocrx_word' id='word_1_151' title='bbox 807 1458 898 1487; x_wconf 90' lang='lat' dir='ltr'>uno</span> <span class='ocrx_word' id='word_1_152' title='bbox 928 1444 1245 1504; x_wconf 86' lang='lat' dir='ltr'>cujuscumque</span> <span class='ocrx_word' id='word_1_153' title='bbox 1276 1442 1435 1487; x_wconf 91' lang='lat' dir='ltr'>delicto</span> <span class='ocrx_word' id='word_1_154' title='bbox 1472 1452 1535 1487; x_wconf 86' lang='lat' dir='ltr'>est</span> <span class='ocrx_word' id='word_1_155' title='bbox 1571 1443 1654 1487; x_wconf 89' lang='lat' dir='ltr'>hoc</span> <span class='ocrx_word' id='word_1_156' title='bbox 1677 1443 1800 1502; x_wconf 83' lang='lat' dir='ltr'>judi·</span> <span class='ocrx_word' id='word_1_157' title='bbox 1850 1489 1854 1505; x_wconf 55' lang='lat'>‚</span> 
     </span>
     <span class='ocr_line' id='line_1_18' title="bbox 412 1513 1881 1573; baseline -0.001 -15"><span class='ocrx_word' id='word_1_158' title='bbox 412 1516 527 1558; x_wconf 88' lang='lat' dir='ltr'>cium</span> <span class='ocrx_word' id='word_1_159' title='bbox 546 1536 556 1571; x_wconf 79' lang='lat'><em>3</em></span> <span class='ocrx_word' id='word_1_160' title='bbox 582 1514 657 1559; x_wconf 87' lang='lat' dir='ltr'>sed</span> <span class='ocrx_word' id='word_1_161' title='bbox 676 1529 728 1558; x_wconf 86' lang='lat' dir='ltr'>ex</span> <span class='ocrx_word' id='word_1_162' title='bbox 744 1530 833 1558; x_wconf 90' lang='lat' dir='ltr'>uno</span> <span class='ocrx_word' id='word_1_163' title='bbox 852 1513 928 1558; x_wconf 89' lang='lat' dir='ltr'>illo</span> <span class='ocrx_word' id='word_1_164' title='bbox 948 1513 1123 1568; x_wconf 86' lang='lat' dir='ltr'>delicto,</span> <span class='ocrx_word' id='word_1_165' title='bbox 1149 1513 1270 1573; x_wconf 87' lang='lat' dir='ltr'>quod</span> <span class='ocrx_word' id='word_1_166' title='bbox 1292 1513 1456 1558; x_wconf 86' lang='lat' dir='ltr'>factum</span> <span class='ocrx_word' id='word_1_167' title='bbox 1478 1522 1542 1558; x_wconf 85' lang='lat' dir='ltr'>est</span> <span class='ocrx_word' id='word_1_168' title='bbox 1566 1529 1639 1573; x_wconf 87' lang='lat' dir='ltr'>per</span> <span class='ocrx_word' id='word_1_169' title='bbox 1661 1529 1800 1558; x_wconf 88' lang='lat' dir='ltr'>unum</span> <span class='ocrx_word' id='word_1_170' title='bbox 1854 1542 1855 1547; x_wconf 59' lang='lat'><em>=</em></span> <span class='ocrx_word' id='word_1_171' title='bbox 1879 1536 1881 1541; x_wconf 42' lang='lat' dir='ltr'>v</span> 
     </span>
     <span class='ocr_line' id='line_1_19' title="bbox 413 1583 1858 1644; baseline 0 -16"><span class='ocrx_word' id='word_1_172' title='bbox 413 1594 686 1644; x_wconf 80' lang='lat' dir='ltr'>peccantem,</span> <span class='ocrx_word' id='word_1_173' title='bbox 714 1584 758 1628; x_wconf 89' lang='lat' dir='ltr'>id</span> <span class='ocrx_word' id='word_1_174' title='bbox 776 1593 865 1638; x_wconf 89' lang='lat' dir='ltr'>est,</span> <span class='ocrx_word' id='word_1_175' title='bbox 892 1583 1048 1637; x_wconf 87' lang='lat' dir='ltr'>Adam,</span> <span class='ocrx_word' id='word_1_176' title='bbox 1069 1583 1286 1643; x_wconf 87' lang='lat' dir='ltr'>judicium</span> <span class='ocrx_word' id='word_1_177' title='bbox 1315 1593 1379 1628; x_wconf 89' lang='lat' dir='ltr'>est</span> <span class='ocrx_word' id='word_1_178' title='bbox 1408 1586 1452 1627; x_wconf 87' lang='lat' dir='ltr'>in</span> <span class='ocrx_word' id='word_1_179' title='bbox 1475 1585 1806 1628; x_wconf 86' lang='lat' dir='ltr'>condemnatio·</span> <span class='ocrx_word' id='word_1_180' title='bbox 1854 1608 1858 1641; x_wconf 46' lang='grc' dir='ltr'>,ι</span> 
     </span>
     <span class='ocr_line' id='line_1_20' title="bbox 412 1654 1807 1714; baseline 0 -16"><span class='ocrx_word' id='word_1_181' title='bbox 412 1670 528 1699; x_wconf 87' lang='lat' dir='ltr'>nem.</span> <span class='ocrx_word' id='word_1_182' title='bbox 555 1658 610 1700; x_wconf 89' lang='lat' dir='ltr'>Et</span> <span class='ocrx_word' id='word_1_183' title='bbox 630 1654 774 1699; x_wconf 83' lang='lat' dir='ltr'>adbuc</span> <span class='ocrx_word' id='word_1_184' title='bbox 800 1664 1042 1713; x_wconf 80' lang='lat' dir='ltr'>pervertere</span> <span class='ocrx_word' id='word_1_185' title='bbox 1069 1664 1183 1698; x_wconf 88' lang='lat' dir='ltr'>recta</span> <span class='ocrx_word' id='word_1_186' title='bbox 1206 1655 1340 1699; x_wconf 90' lang='lat' dir='ltr'>verba</span> <span class='ocrx_word' id='word_1_187' title='bbox 1367 1655 1564 1714; x_wconf 76' lang='lat' dir='ltr'>Apostoli</span> <span class='ocrx_word' id='word_1_188' title='bbox 1581 1654 1732 1709; x_wconf 89' lang='lat' dir='ltr'>vultis,</span> <span class='ocrx_word' id='word_1_189' title='bbox 1751 1671 1807 1698; x_wconf 90' lang='lat' dir='ltr'>ne</span> 
     </span>
     <span class='ocr_line' id='line_1_21' title="bbox 412 1727 1284 1786; baseline -0.001 -15"><span class='ocrx_word' id='word_1_190' title='bbox 412 1734 553 1771; x_wconf 85' lang='lat' dir='ltr'>vestra</span> <span class='ocrx_word' id='word_1_191' title='bbox 575 1742 673 1786; x_wconf 80' lang='lat' dir='ltr'>quae</span> <span class='ocrx_word' id='word_1_192' title='bbox 700 1740 897 1785; x_wconf 85' lang='lat' dir='ltr'>perversa</span> <span class='ocrx_word' id='word_1_193' title='bbox 916 1734 1017 1769; x_wconf 88' lang='lat' dir='ltr'>sunt</span> <span class='ocrx_word' id='word_1_194' title='bbox 1034 1727 1284 1785; x_wconf 74' lang='lat' dir='ltr'>corrigatis?</span> 
     </span>
    </p>

    <p class='ocr_par' dir='ltr' id='par_1_5' title="bbox 415 1787 1871 2643">
     <span class='ocr_line' id='line_1_22' title="bbox 471 1787 1860 1843; baseline -0.001 -1"><span class='ocrx_word' id='word_1_195' title='bbox 471 1799 649 1843; x_wconf 85' lang='lat' dir='ltr'>CCXII.</span> <span class='ocrx_word' id='word_1_196' title='bbox 682 1799 911 1842; x_wconf 68' lang='lat' dir='ltr'>Jt‘LIANth.</span> <span class='ocrx_word' id='word_1_197' title='bbox 942 1815 961 1838; x_wconf 90' lang='lat'>«</span> <span class='ocrx_word' id='word_1_198' title='bbox 986 1796 1132 1841; x_wconf 84' lang='lat' dir='ltr'>Gratia</span> <span class='ocrx_word' id='word_1_199' title='bbox 1165 1807 1311 1841; x_wconf 87' lang='lat' dir='ltr'>autem</span> <span class='ocrx_word' id='word_1_200' title='bbox 1342 1812 1431 1841; x_wconf 92' lang='lat' dir='ltr'>non</span> <span class='ocrx_word' id='word_1_201' title='bbox 1460 1797 1613 1842; x_wconf 87' lang='lat' dir='ltr'>eodem</span> <span class='ocrx_word' id='word_1_202' title='bbox 1640 1796 1808 1842; x_wconf 82' lang='lat' dir='ltr'>confer-</span> <span class='ocrx_word' id='word_1_203' title='bbox 1857 1787 1860 1819; x_wconf 72' lang='lat'><em>3</em></span> 
     </span>
     <span class='ocr_line' id='line_1_23' title="bbox 416 1861 1861 1930; baseline 0 -16"><span class='ocrx_word' id='word_1_204' title='bbox 416 1878 484 1914; x_wconf 87' lang='lat' dir='ltr'>tur</span> <span class='ocrx_word' id='word_1_205' title='bbox 504 1870 654 1924; x_wconf 91' lang='lat' dir='ltr'>modo,</span> <span class='ocrx_word' id='word_1_206' title='bbox 678 1878 726 1914; x_wconf 86' lang='lat' dir='ltr'>ut</span> <span class='ocrx_word' id='word_1_207' title='bbox 743 1869 929 1929; x_wconf 85' lang='lat' dir='ltr'>peccatis</span> <span class='ocrx_word' id='word_1_208' title='bbox 940 1885 1066 1930; x_wconf 85' lang='lat' dir='ltr'>aeque</span> <span class='ocrx_word' id='word_1_209' title='bbox 1082 1868 1256 1914; x_wconf 86' lang='lat' dir='ltr'>admota</span> <span class='ocrx_word' id='word_1_210' title='bbox 1270 1869 1448 1928; x_wconf 85' lang='lat' dir='ltr'>singulis</span> <span class='ocrx_word' id='word_1_211' title='bbox 1463 1869 1615 1915; x_wconf 87' lang='lat' dir='ltr'>crebro</span> <span class='ocrx_word' id='word_1_212' title='bbox 1635 1879 1806 1929; x_wconf 88' lang='lat' dir='ltr'>repeta-</span> <span class='ocrx_word' id='word_1_213' title='bbox 1859 1861 1861 1890; x_wconf 63' lang='lat'><em>{</em></span> 
     </span>
     <span class='ocr_line' id='line_1_24' title="bbox 415 1940 1862 2001; baseline 0.001 -15"><span class='ocrx_word' id='word_1_214' title='bbox 415 1951 485 1986; x_wconf 80' lang='lat' dir='ltr'>tur</span> <span class='ocrx_word' id='word_1_215' title='bbox 507 1961 515 1987; x_wconf 89' lang='lat'>:</span> <span class='ocrx_word' id='word_1_216' title='bbox 536 1941 611 1987; x_wconf 89' lang='lat' dir='ltr'>scd</span> <span class='ocrx_word' id='word_1_217' title='bbox 628 1940 769 1986; x_wconf 83' lang='lat' dir='ltr'>infusa</span> <span class='ocrx_word' id='word_1_218' title='bbox 785 1941 916 1986; x_wconf 87' lang='lat' dir='ltr'>semel</span> <span class='ocrx_word' id='word_1_219' title='bbox 936 1957 1027 1986; x_wconf 90' lang='lat' dir='ltr'>uno</span> <span class='ocrx_word' id='word_1_220' title='bbox 1041 1942 1214 1986; x_wconf 90' lang='lat' dir='ltr'>virtutis</span> <span class='ocrx_word' id='word_1_221' title='bbox 1231 1957 1319 1985; x_wconf 84' lang='lat' dir='ltr'>suae</span> <span class='ocrx_word' id='word_1_222' title='bbox 1343 1942 1512 2001; x_wconf 87' lang='lat' dir='ltr'>impetu</span> <span class='ocrx_word' id='word_1_223' title='bbox 1535 1952 1665 2001; x_wconf 87' lang='lat' dir='ltr'>atque</span> <span class='ocrx_word' id='word_1_224' title='bbox 1687 1957 1808 1987; x_wconf 90' lang='lat' dir='ltr'>com·</span> <span class='ocrx_word' id='word_1_225' title='bbox 1860 1951 1862 1953; x_wconf 85' lang='grc'><strong>’</strong></span> 
     </span>
     <span class='ocr_line' id='line_1_25' title="bbox 416 2012 1807 2073; baseline 0.001 -15"><span class='ocrx_word' id='word_1_226' title='bbox 416 2013 576 2073; x_wconf 89' lang='lat' dir='ltr'>pendio</span> <span class='ocrx_word' id='word_1_227' title='bbox 609 2013 777 2058; x_wconf 86' lang='lat' dir='ltr'>diversa</span> <span class='ocrx_word' id='word_1_228' title='bbox 805 2023 848 2057; x_wconf 86' lang='lat' dir='ltr'>et</span> <span class='ocrx_word' id='word_1_229' title='bbox 870 2013 1056 2073; x_wconf 88' lang='lat' dir='ltr'>plurima</span> <span class='ocrx_word' id='word_1_230' title='bbox 1081 2013 1199 2057; x_wconf 87' lang='lat' dir='ltr'>delet</span> <span class='ocrx_word' id='word_1_231' title='bbox 1224 2014 1419 2057; x_wconf 86' lang='lat' dir='ltr'>crimina.</span> <span class='ocrx_word' id='word_1_232' title='bbox 1448 2012 1553 2058; x_wconf 91' lang='lat' dir='ltr'>Ideo</span> <span class='ocrx_word' id='word_1_233' title='bbox 1584 2015 1664 2069; x_wconf 86' lang='lat' dir='ltr'>ait,</span> <span class='ocrx_word' id='word_1_234' title='bbox 1702 2033 1719 2054; x_wconf 90' lang='lat'>«</span> <span class='ocrx_word' id='word_1_235' title='bbox 1744 2017 1807 2058; x_wconf 87' lang='lat' dir='ltr'>Ex</span> 
     </span>
     <span class='ocr_line' id='line_1_26' title="bbox 418 2084 1865 2145; baseline 0.002 -19"><span class='ocrx_word' id='word_1_236' title='bbox 418 2104 438 2126; x_wconf 84' lang='lat'>»</span> <span class='ocrx_word' id='word_1_237' title='bbox 466 2085 612 2130; x_wconf 84' lang='lat' dir='ltr'>multis</span> <span class='ocrx_word' id='word_1_238' title='bbox 635 2084 801 2129; x_wconf 85' lang='lat' dir='ltr'>delictis</span> <span class='ocrx_word' id='word_1_239' title='bbox 821 2085 864 2129; x_wconf 88' lang='lat' dir='ltr'>in</span> <span class='ocrx_word' id='word_1_240' title='bbox 881 2085 1238 2145; x_wconf 86' lang='lat' dir='ltr'>justificationem</span> <span class='ocrx_word' id='word_1_241' title='bbox 1260 2104 1269 2129; x_wconf 72' lang='grc' dir='ltr'><strong><em>ι</em></strong></span> <span class='ocrx_word' id='word_1_242' title='bbox 1290 2084 1371 2129; x_wconf 89' lang='lat' dir='ltr'>»id</span> <span class='ocrx_word' id='word_1_243' title='bbox 1394 2093 1474 2139; x_wconf 86' lang='lat' dir='ltr'>est,</span> <span class='ocrx_word' id='word_1_244' title='bbox 1495 2101 1547 2129; x_wconf 73' lang='lat' dir='ltr'>ex</span> <span class='ocrx_word' id='word_1_245' title='bbox 1565 2085 1721 2130; x_wconf 53' lang='lat' dir='ltr'>multis*</span> <span class='ocrx_word' id='word_1_246' title='bbox 1735 2086 1808 2130; x_wconf 87' lang='lat' dir='ltr'>de·</span> <span class='ocrx_word' id='word_1_247' title='bbox 1864 2101 1865 2106; x_wconf 54' lang='lat'>¹</span> 
     </span>
     <span class='ocr_line' id='line_1_27' title="bbox 416 2155 1867 2219; baseline 0.001 -20"><span class='ocrx_word' id='word_1_248' title='bbox 416 2156 525 2200; x_wconf 89' lang='lat' dir='ltr'>lictis</span> <span class='ocrx_word' id='word_1_249' title='bbox 543 2156 747 2200; x_wconf 84' lang='lat' dir='ltr'>liberatos</span> <span class='ocrx_word' id='word_1_250' title='bbox 767 2157 966 2201; x_wconf 82' lang='lat' dir='ltr'>homines</span> <span class='ocrx_word' id='word_1_251' title='bbox 990 2157 1044 2201; x_wconf 83' lang='lat' dir='ltr'>ad</span> <span class='ocrx_word' id='word_1_252' title='bbox 1069 2156 1248 2215; x_wconf 80' lang='lat' dir='ltr'>gloriam</span> <span class='ocrx_word' id='word_1_253' title='bbox 1268 2155 1469 2215; x_wconf 88' lang='lat' dir='ltr'>perducit</span> <span class='ocrx_word' id='word_1_254' title='bbox 1487 2157 1808 2216; x_wconf 83' lang='lat' dir='ltr'>justificationis</span> <span class='ocrx_word' id='word_1_255' title='bbox 1864 2166 1867 2219; x_wconf 54' lang='grc' dir='ltr'>ζ</span> 
     </span>
     <span class='ocr_line' id='line_1_28' title="bbox 418 2226 1867 2287; baseline 0.002 -17"><span class='ocrx_word' id='word_1_256' title='bbox 418 2226 615 2272; x_wconf 84' lang='lat' dir='ltr'>indultae.</span> <span class='ocrx_word' id='word_1_257' title='bbox 639 2230 735 2272; x_wconf 89' lang='lat' dir='ltr'>Non</span> <span class='ocrx_word' id='word_1_258' title='bbox 760 2244 863 2287; x_wconf 83' lang='lat' dir='ltr'>ergo</span> <span class='ocrx_word' id='word_1_259' title='bbox 878 2229 949 2273; x_wconf 91' lang='lat' dir='ltr'>hic</span> <span class='ocrx_word' id='word_1_260' title='bbox 973 2243 1112 2272; x_wconf 87' lang='lat' dir='ltr'>unum</span> <span class='ocrx_word' id='word_1_261' title='bbox 1135 2228 1242 2272; x_wconf 77' lang='lat' dir='ltr'>Adae</span> <span class='ocrx_word' id='word_1_262' title='bbox 1264 2237 1514 2287; x_wconf 87' lang='lat' dir='ltr'>peccatum,</span> <span class='ocrx_word' id='word_1_263' title='bbox 1540 2238 1589 2273; x_wconf 90' lang='lat' dir='ltr'>ut</span> <span class='ocrx_word' id='word_1_264' title='bbox 1612 2229 1807 2287; x_wconf 82' lang='lat' dir='ltr'>suspica·</span> <span class='ocrx_word' id='word_1_265' title='bbox 1865 2259 1867 2284; x_wconf 54' lang='lat'>2</span> 
     </span>
     <span class='ocr_line' id='line_1_29' title="bbox 417 2298 1869 2357; baseline 0 -15"><span class='ocrx_word' id='word_1_266' title='bbox 417 2299 488 2353; x_wconf 84' lang='lat' dir='ltr'>ris,</span> <span class='ocrx_word' id='word_1_267' title='bbox 515 2298 719 2357; x_wconf 82' lang='lat' dir='ltr'>intelligit</span> <span class='ocrx_word' id='word_1_268' title='bbox 738 2320 748 2356; x_wconf 80' lang='lat'>3</span> <span class='ocrx_word' id='word_1_269' title='bbox 776 2300 852 2343; x_wconf 79' lang='lat' dir='ltr'>sed</span> <span class='ocrx_word' id='word_1_270' title='bbox 875 2300 929 2344; x_wconf 88' lang='lat' dir='ltr'>ad</span> <span class='ocrx_word' id='word_1_271' title='bbox 949 2301 1031 2344; x_wconf 89' lang='lat' dir='ltr'>hoc</span> <span class='ocrx_word' id='word_1_272' title='bbox 1053 2299 1191 2344; x_wconf 88' lang='lat' dir='ltr'>solum</span> <span class='ocrx_word' id='word_1_273' title='bbox 1215 2315 1449 2343; x_wconf 82' lang='lat' dir='ltr'>numerum</span> <span class='ocrx_word' id='word_1_274' title='bbox 1467 2299 1661 2344; x_wconf 85' lang='lat' dir='ltr'>admovit</span> <span class='ocrx_word' id='word_1_275' title='bbox 1679 2301 1807 2344; x_wconf 88' lang='lat' dir='ltr'>unius</span> <span class='ocrx_word' id='word_1_276' title='bbox 1865 2298 1869 2342; x_wconf 73' lang='grc' dir='ltr'>ὲ</span> 
     </span>
     <span class='ocr_line' id='line_1_30' title="bbox 417 2369 1807 2430; baseline 0.001 -16"><span class='ocrx_word' id='word_1_277' title='bbox 417 2379 460 2414; x_wconf 89' lang='lat' dir='ltr'>et</span> <span class='ocrx_word' id='word_1_278' title='bbox 490 2369 705 2428; x_wconf 87' lang='lat' dir='ltr'>plurium,</span> <span class='ocrx_word' id='word_1_279' title='bbox 747 2379 797 2414; x_wconf 87' lang='lat' dir='ltr'>ut</span> <span class='ocrx_word' id='word_1_280' title='bbox 835 2370 890 2414; x_wconf 88' lang='lat' dir='ltr'>ad</span> <span class='ocrx_word' id='word_1_281' title='bbox 925 2371 1099 2414; x_wconf 84' lang='lat' dir='ltr'>laudem</span> <span class='ocrx_word' id='word_1_282' title='bbox 1133 2371 1279 2428; x_wconf 79' lang='lat' dir='ltr'>gratiae</span> <span class='ocrx_word' id='word_1_283' title='bbox 1307 2373 1560 2430; x_wconf 68' lang='lat' dir='ltr'>respiceret,</span> <span class='ocrx_word' id='word_1_284' title='bbox 1586 2371 1688 2430; x_wconf 84' lang='lat' dir='ltr'>quia</span> <span class='ocrx_word' id='word_1_285' title='bbox 1718 2387 1807 2415; x_wconf 88' lang='lat' dir='ltr'>non</span> 
     </span>
     <span class='ocr_line' id='line_1_31' title="bbox 417 2441 1871 2503; baseline 0.001 -18"><span class='ocrx_word' id='word_1_286' title='bbox 417 2442 587 2502; x_wconf 89' lang='lat' dir='ltr'>quoties</span> <span class='ocrx_word' id='word_1_287' title='bbox 617 2450 847 2501; x_wconf 86' lang='lat' dir='ltr'>peccatum</span> <span class='ocrx_word' id='word_1_288' title='bbox 873 2442 926 2485; x_wconf 87' lang='lat' dir='ltr'>ab</span> <span class='ocrx_word' id='word_1_289' title='bbox 955 2457 1224 2501; x_wconf 86' lang='lat' dir='ltr'>unoquoque</span> <span class='ocrx_word' id='word_1_290' title='bbox 1252 2442 1503 2486; x_wconf 73' lang='lat' dir='ltr'>mortalium</span> <span class='ocrx_word' id='word_1_291' title='bbox 1537 2441 1699 2498; x_wconf 74' lang='lat' dir='ltr'>iuerat,</span> <span class='ocrx_word' id='word_1_292' title='bbox 1739 2453 1809 2487; x_wconf 87' lang='lat' dir='ltr'>to-</span> <span class='ocrx_word' id='word_1_293' title='bbox 1869 2471 1871 2503; x_wconf 75' lang='lat' dir='ltr'>i</span> 
     </span>
     <span class='ocr_line' id='line_1_32' title="bbox 420 2512 1806 2573; baseline 0.001 -17"><span class='ocrx_word' id='word_1_294' title='bbox 420 2513 496 2556; x_wconf 83' lang='lat' dir='ltr'>ties</span> <span class='ocrx_word' id='word_1_295' title='bbox 534 2514 663 2557; x_wconf 85' lang='lat' dir='ltr'>etiam</span> <span class='ocrx_word' id='word_1_296' title='bbox 696 2512 1050 2573; x_wconf 84' lang='lat' dir='ltr'>frequentaretur</span> <span class='ocrx_word' id='word_1_297' title='bbox 1082 2513 1244 2572; x_wconf 82' lang='lat' dir='ltr'>gratia,</span> <span class='ocrx_word' id='word_1_298' title='bbox 1269 2513 1393 2573; x_wconf 86' lang='lat' dir='ltr'>quasi</span> <span class='ocrx_word' id='word_1_299' title='bbox 1419 2514 1678 2573; x_wconf 81' lang='lat' dir='ltr'>baptismata</span> <span class='ocrx_word' id='word_1_300' title='bbox 1717 2515 1806 2558; x_wconf 88' lang='lat' dir='ltr'>sin—</span> 
     </span>
     <span class='ocr_line' id='line_1_33' title="bbox 419 2582 1582 2643; baseline -0.002 -16"><span class='ocrx_word' id='word_1_301' title='bbox 419 2583 517 2641; x_wconf 83' lang='lat' dir='ltr'>gula</span> <span class='ocrx_word' id='word_1_302' title='bbox 542 2582 623 2627; x_wconf 89' lang='lat' dir='ltr'>nisi</span> <span class='ocrx_word' id='word_1_303' title='bbox 644 2584 829 2643; x_wconf 86' lang='lat' dir='ltr'>peccatis</span> <span class='ocrx_word' id='word_1_304' title='bbox 848 2584 1024 2643; x_wconf 80' lang='lat' dir='ltr'>singulis</span> <span class='ocrx_word' id='word_1_305' title='bbox 1045 2599 1133 2629; x_wconf 89' lang='lat' dir='ltr'>non</span> <span class='ocrx_word' id='word_1_306' title='bbox 1150 2584 1316 2643; x_wconf 89' lang='lat' dir='ltr'>possint</span> <span class='ocrx_word' id='word_1_307' title='bbox 1339 2584 1502 2629; x_wconf 81' lang='lat' dir='ltr'>mederi</span> <span class='ocrx_word' id='word_1_308' title='bbox 1525 2603 1533 2629; x_wconf 75' lang='grc' dir='ltr'><strong><em>ε</em></strong></span> <span class='ocrx_word' id='word_1_309' title='bbox 1563 2603 1582 2626; x_wconf 88' lang='lat'>»</span> 
     </span>
    </p>
   </div>
   <div class='ocr_carea' id='block_1_3' title="bbox 467 2670 718 2710">
    <p class='ocr_par' dir='ltr' id='par_1_6' title="bbox 467 2670 718 2710">
     <span class='ocr_line' id='line_1_34' title="bbox 467 2670 718 2710; baseline 0.012 -10"><span class='ocrx_word' id='word_1_310' title='bbox 467 2676 477 2690; x_wconf 88' lang='lat'>¹</span> <span class='ocrx_word' id='word_1_311' title='bbox 498 2671 592 2701; x_wconf 85' lang='lat' dir='ltr'>Rom.</span> <span class='ocrx_word' id='word_1_312' title='bbox 614 2680 646 2710; x_wconf 80' lang='lat' dir='ltr'>x,</span> <span class='ocrx_word' id='word_1_313' title='bbox 669 2670 718 2703; x_wconf 82' lang='lat'>16.</span> 
     </span>
    </p>
   </div>
   <div class='ocr_carea' id='block_1_4' title="bbox 1820 0 1860 677">
    <p class='ocr_par' dir='ltr' id='par_1_7' title="bbox 1820 0 1860 677">
     <span class='ocr_line' id='line_1_35' title="bbox 1820 0 1860 677; baseline 0 -265"><span class='ocrx_word' id='word_1_314' title='bbox 1820 0 1824 412; x_wconf 95' lang='lat' dir='ltr'> </span> <span class='ocrx_word' id='word_1_315' title='bbox 1834 0 1860 677; x_wconf 95' lang='lat' dir='ltr'>       </span> 
     </span>
    </p>
   </div>
   <div class='ocr_carea' id='block_1_5' title="bbox 1824 111 1834 441">
    <p class='ocr_par' dir='ltr' id='par_1_8' title="bbox 1824 111 1834 441">
     <span class='ocr_line' id='line_1_36' title="bbox 1824 111 1829 130; baseline 0 0"><span class='ocrx_word' id='word_1_316' title='bbox 1824 111 1829 130; x_wconf 72' lang='lat'>1</span> 
     </span>
     <span class='ocr_line' id='line_1_37' title="bbox 1826 192 1829 216; baseline 0 0"><span class='ocrx_word' id='word_1_317' title='bbox 1826 192 1829 216; x_wconf 94' lang='grc' dir='ltr'>Ι</span> 
     </span>
     <span class='ocr_line' id='line_1_38' title="bbox 1827 241 1832 312; baseline 0 0"><span class='ocrx_word' id='word_1_318' title='bbox 1827 241 1832 312; x_wconf 72' lang='grc' dir='ltr'>ἱ</span> 
     </span>
     <span class='ocr_line' id='line_1_39' title="bbox 1828 315 1834 441; baseline 0 0"><span class='ocrx_word' id='word_1_319' title='bbox 1828 315 1834 441; x_wconf 73' lang='grc' dir='ltr'><strong>ῐ</strong></span> 
     </span>
    </p>
   </div>
  </div>
 </body>
</html>
