1884 3285
425 254 508 292 412
851 261 885 288 s.
923 260 1155 290 Aneusnm
1189 262 1368 288 amseom
1830 241 1835 286 Ι
1851 260 1857 290 ι

423 329 552 371 etiam
571 341 650 385 pro
672 325 922 370 infidelibus
943 335 992 370 ut
1009 326 1169 370 habere
1187 325 1398 384 incipiant
1421 337 1516 367 eam
1538 337 1670 382 quam
1689 325 1809 382 peni·

422 406 493 441 tus
514 411 604 441 non
630 396 876 451 habebant,
897 405 940 440 et
962 404 1113 440 contra
1130 411 1261 456 quam
1284 393 1415 438 corda
1438 394 1614 452 insuper
1636 393 1809 437 inimica
1879 448 1884 454 ..

422 467 673 526 gestabant,
699 476 845 512 sancta
872 476 967 512 orat
991 466 1196 510 Ecclesia.
1221 468 1386 509 Verum
1409 479 1527 507 nunc
1549 479 1639 508 non
1656 462 1710 507 de
1728 463 1810 507 ini-
1851 475 1855 478 ’
1879 460 1884 475 “

422 537 483 582 tio
501 537 630 592 fidei,
660 538 714 582 de
742 554 831 598 quo
863 539 909 582 in
933 538 1152 597 superiore
1186 536 1300 580 libro
1322 534 1462 578 multa
1481 536 1568 594 jam
1601 533 1809 593 diximus3

422 607 498 651 sed
521 607 575 651 de
598 607 669 652 illa
688 624 788 668 quae
804 607 1008 652 habenda
1026 616 1089 652 est
1112 622 1248 666 usque
1271 607 1316 649 in
1339 606 1471 649 finem
1496 604 1812 664 perseverantia
1880 598 1884 613 ¹

425 678 713 738 disputamus,
738 695 869 738 quam
893 688 1049 738 petunt
1072 678 1224 737 utique
1242 677 1373 721 etiam
1395 676 1531 720 sancti
1553 676 1630 735 qui
1648 675 1814 720 faciunt

424 749 696 793 voluntatem
711 750 806 804 Dei,
824 749 1015 794 dicentes
1031 750 1076 793 in
1090 748 1301 801 oratione,
1322 767 1342 789 «
1360 748 1456 792 Fiat
1469 746 1670 791 voluntas
1682 755 1771 791 tua.
1789 762 1809 788 »

425 822 538 865 Cum
561 820 677 863 enirn
695 821 787 880 jam
809 820 923 864 tacta
950 820 1004 864 sit
1026 820 1073 864 in
1093 820 1175 874 eis,
1200 835 1278 864 cur
1302 828 1352 863 ut
1372 819 1448 862 fiat
1469 817 1614 862 adhuc
1631 826 1811 877 petunt,
1837 848 1840 859 .

426 891 506 935 nisi
525 900 574 935 ut
592 900 867 950 perseverent
880 892 926 935 in
943 907 994 936 eo
1009 890 1128 951 quod
1146 906 1235 935 esse
1252 891 1508 950 coeperunt?
1529 889 1728 949 quamvis
1744 887 1816 932 hic
1836 864 1843 926 l
1880 936 1884 958 ,Ι

426 962 512 1007 dici
548 963 708 1021 possit,
747 978 836 1007 non
873 972 1017 1021 petere
1045 972 1232 1017 sanctos,
1264 970 1313 1005 ut
1350 960 1549 1005 voluntas
1579 959 1655 1003 Dei
1676 959 1817 1003 fiatin
1837 934 1848 1036 ξ
1882 1006 1884 1012 ,

427 1032 565 1091 coelo,
595 1033 671 1078 sed
699 1042 749 1077 ut
771 1034 846 1077 fiat
868 1033 912 1076 in
935 1042 1047 1078 terra
1081 1034 1192 1078 sicut
1208 1034 1254 1076 in
1276 1031 1390 1077 coelo
1413 1051 1421 1075 ε
1448 1040 1498 1076 ut
1526 1040 1640 1074 terra
1658 1029 1818 1074 scilicet
1838 1040 1847 1109 'i

427 1105 624 1149 imitetur
651 1104 832 1158 coelum,
857 1105 902 1148 id
925 1114 1002 1158 est,
1040 1114 1087 1148 ut
1110 1105 1242 1148 homo
1264 1102 1503 1160 Angelum,
1545 1101 1614 1145 vel
1635 1099 1819 1144 infidelis
1839 1116 1844 1130 ¹
1879 1144 1884 1156 ,

429 1173 602 1218 fidelem
630 1193 638 1218 :
663 1189 712 1218 ac
731 1189 808 1233 per
827 1175 911 1217 hoc
945 1173 990 1216 id
1013 1182 1183 1217 sanctos
1202 1187 1400 1232 poscere,
1427 1181 1476 1215 ut
1497 1172 1550 1215 sit
1567 1169 1688 1230 quod
1707 1184 1819 1213 non·

428 1244 536 1287 dum
562 1253 647 1298 est,
678 1259 768 1288 non
791 1254 840 1288 ut
866 1254 1108 1303 perseveret
1138 1244 1259 1304 quod
1290 1252 1367 1287 est.
1394 1241 1678 1296 Quantalibet
1707 1241 1820 1284 enim
1883 1296 1884 1299 Ἰ

429 1315 629 1359 homines
657 1316 881 1359 sanctitate
917 1314 1203 1374 praepolleant
1222 1350 1232 1369 ‚
1269 1314 1467 1358 nondum
1498 1322 1600 1358 sunt
1633 1310 1842 1371 aequales'

429 1385 606 1443 Angelis
635 1386 712 1428 Dei
739 1404 747 1429 :
779 1384 975 1429 nondum
1010 1400 1113 1443 ergo
1146 1385 1257 1429 sicut
1289 1385 1335 1428 in
1370 1384 1482 1429 coelo
1511 1384 1555 1427 in
1589 1385 1647 1427 eis
1669 1383 1719 1427 fit
1741 1354 1845 1427 νο-ἱ

429 1454 576 1499 luntas
597 1455 686 1499 Dei.
723 1456 852 1508 Quod
875 1456 910 1499 si
935 1456 994 1499 ita
1025 1464 1104 1509 est,
1129 1455 1174 1498 in
1199 1470 1247 1498 ea
1280 1455 1459 1514 quidem
1488 1464 1609 1514 parte
1629 1469 1715 1513 qua
1739 1468 1820 1513 op-

430 1534 590 1580 tamus,
624 1535 674 1569 ut
703 1526 903 1570 homines
925 1541 975 1570 ex
1011 1525 1260 1569 infidelibus
1291 1526 1399 1569 fiant
1421 1524 1588 1579 fideles,
1615 1539 1704 1569 non
1727 1539 1822 1583 per-

430 1597 685 1651 severantia,
707 1596 784 1640 sed
806 1596 981 1640 initium
994 1595 1168 1640 videtur
1183 1596 1323 1655 optari
1344 1615 1352 1639 z
1378 1595 1422 1639 in
1444 1610 1494 1640 ea
1516 1610 1619 1639 vero
1635 1610 1723 1655 qua
1744 1609 1822 1654 op-

384 1675 595 1721 tamus,
634 1675 684 1710 ut
720 1667 918 1710 homines
941 1666 984 1709 in
1015 1665 1214 1711 facienda
1243 1666 1470 1711 voluntate
1492 1666 1569 1710 Dei
1593 1674 1823 1726 aequentur

432 1737 607 1796 Angelis
621 1737 713 1791 Dei,
729 1752 830 1782 cum
846 1739 930 1782 hoc
945 1738 1230 1793 orantsancti,
1244 1737 1607 1797 perseverantiam
1624 1736 1823 1781 demons-

432 1817 603 1852 trantur
621 1823 743 1852 orare
760 1828 768 1852 :
785 1808 994 1868 quoniam
1017 1823 1146 1853 nemo
1166 1809 1361 1868 pervenit
1381 1807 1435 1852 ad
1451 1807 1572 1852 illam
1591 1822 1820 1862 summam,

431 1894 531 1938 quae
545 1879 591 1922 in
603 1894 738 1937 regno
754 1887 833 1933 est,
854 1878 1189 1933 beatitudinem,
1213 1879 1294 1922 nisi
1312 1879 1358 1922 in
1376 1894 1424 1922 ea
1442 1878 1670 1923 sanctitate
1691 1891 1823 1938 quam

432 1949 618 2006 sumpsit
638 1948 684 1991 in
701 1957 830 2003 terra,
857 1949 1193 2007 perseveraverit
1216 1963 1354 2008 usque
1375 1949 1421 1991 in
1438 1949 1590 1996 finem,

493 2020 593 2061 VII.
625 2021 788 2071 Quarta
816 2020 967 2078 petitio
1001 2027 1086 2072 est,
1126 2038 1141 2057 «
1184 2022 1345 2062 Panem
1375 2027 1573 2063 nostrum
1603 2018 1823 2078 quotidia-

436 2106 457 2129 »
484 2103 590 2131 num
613 2087 667 2132 da
686 2089 811 2133 nobis
834 2088 1003 2133 hodie1.
1026 2108 1045 2129 »
1073 2089 1158 2133 Ubi
1181 2089 1334 2133 beatus
1367 2090 1614 2149 Cyprianus
1635 2089 1827 2134 ostendit

432 2157 657 2218 quomodo
682 2168 726 2202 et
747 2160 817 2203 hic
846 2158 1116 2218 intelligatur
1145 2161 1463 2218 perseverantia
1499 2159 1725 2219 postulari.
1755 2160 1825 2203 Ait
1848 2195 1852 2204 .

435 2230 600 2289 quippe
629 2230 741 2274 inter
771 2240 927 2274 caetera
960 2250 968 2274 2
1005 2249 1024 2271 «
1055 2233 1184 2275 Hunc
1212 2241 1357 2275 autem
1387 2246 1545 2290 panem
1573 2230 1667 2275 dari
1701 2230 1852 2275 nobis?

437 2300 632 2358 quotidie
650 2298 917 2359 postulamus
933 2334 944 2354 ,
968 2315 1022 2343 ne
1043 2299 1119 2360 qui
1143 2300 1187 2343 in
1210 2301 1384 2346 Christo
1405 2315 1576 2355 summ,
1596 2309 1639 2344 et
1656 2301 1825 2345 Eucha-
1848 2302 1853 2313 ⁸

437 2370 598 2414 ristiam
617 2370 812 2430 quotidie
830 2369 885 2413 ad
906 2369 1054 2413 cibum
1075 2369 1225 2414 salutis
1254 2371 1505 2430 accipimuS‚
1529 2370 1825 2416 intercedente

437 2438 586 2500 aliquo
608 2440 803 2498 graviore
825 2439 1010 2494 delicto,
1036 2439 1142 2484 dum
1165 2440 1352 2485 abstenti
1383 2450 1425 2484 et
1461 2456 1550 2486 non
1579 2442 1825 2486 communi-

435 2519 583 2555 cantes
605 2527 629 2555 a
649 2510 818 2557 coelesti
850 2525 962 2571 pane
992 2511 1291 2570 prohibemur,
1322 2528 1346 2556 a
1368 2511 1528 2557 Christi
1557 2527 1738 2573 corpore
1755 2528 1822 2558 se-

487 2603 496 2620 ¹
519 2596 630 2629 Matth.
651 2607 696 2638 vi,
717 2607 765 2629 ιι.
