1884 3285
431 257 514 293 276
613 302 615 305 ι
870 263 900 290 s.
940 265 1167 291 AUGUSTmi
1204 265 1380 291 flmscoi’i
1860 307 1863 310 γ

426 330 622 388 superius
643 328 834 372 inveniet
857 328 1125 387 respondisse
1140 363 1150 383 ,
1183 328 1259 389 qui
1279 327 1431 385 legerit
1455 346 1463 371 ;
1488 326 1710 387 quomodo
1733 343 1810 372 au·
1854 332 1862 373 ἶ

425 409 511 443 tem
537 399 651 444 dicas
676 415 776 443 eum
792 435 802 454 ‚
829 401 951 459 cujus
972 399 1245 444 voluntatem
1267 414 1346 443 nos
1369 396 1553 443 dicimus
1575 414 1599 442 a
1623 399 1810 444 Domino
1859 391 1862 396 ’

424 471 683 530 praeparari,
707 471 766 516 ita
787 471 880 515 fieri
902 471 1031 517 bonae
1050 471 1308 524 voluntatis,
1334 478 1383 514 ut
1404 470 1572 514 bonum
1593 468 1706 514 velle
1735 484 1812 514 co-

423 554 570 600 gatur,
604 541 751 602 (quod
777 543 884 587 absit
911 552 961 587 ut
983 542 1153 588 dicatur
1175 559 1198 587 a
1219 543 1397 599 nobiS‚)
1423 540 1581 586 viderit
1601 539 1811 600 praeclara

421 612 705 672 intelligentia
723 622 813 658 tua.
839 614 882 659 Si
903 614 1019 658 enim
1046 614 1240 673 cogitur,
1264 629 1353 658 non
1375 611 1472 657 vult
1503 631 1512 657 ι
1539 620 1582 656 et
1602 610 1713 672 quid
1731 611 1811 656 ab·

420 684 617 740 surdius,
645 700 779 745 quam
802 694 851 729 ut
873 685 1044 730 dicatur
1063 685 1215 730 nolens
1236 685 1348 729 velle
1381 683 1502 745 quod
1525 683 1693 727 bonum
1721 684 1810 727 est?

419 758 481 800 De
514 765 670 800 natura
704 757 832 800 etiam
868 758 944 801 Dei
974 756 1073 802 vide
1095 756 1203 817 quid
1230 756 1414 811 sentias,
1439 755 1572 799 homo
1597 754 1673 814 qui
1703 752 1810 798 dicis
1854 797 1856 802 ,

419 827 515 886 cogi
532 827 756 872 hominem
780 837 830 872 ut
845 828 1012 873 bonum
1032 827 1159 882 velit,
1180 829 1213 872 si
1233 827 1397 872 malum
1415 825 1528 871 velle
1548 841 1639 870 non
1655 825 1804 884 possit.
1856 819 1858 821 ’

419 897 646 957 Numquid
667 899 782 943 enim
802 902 916 944 Deus
936 900 1108 959 cogitur
1129 899 1240 943 velle
1257 899 1420 943 bonum
1435 933 1445 953 ‚
1466 897 1569 957 quia
1590 894 1702 939 velle
1718 910 1808 940 non
1856 896 1858 899 ’

417 978 559 1029 potest
581 970 770 1026 malum,
797 972 1008 1031 quoniam
1031 980 1095 1015 est
1116 971 1295 1015 omnino
1317 968 1627 1013 immutabilis?
1644 969 1808 1012 Natura
1859 1024 1864 1035 ¹

415 1056 518 1086 vero
539 1043 731 1086 humana
748 1043 945 1103 quamvis
967 1040 1190 1087 mutabilis
1207 1077 1218 1096 ‚
1244 1049 1458 1100 quantum
1483 1039 1538 1084 ad
1556 1038 1602 1082 id
1619 1039 1808 1098 pertinet
1856 1051 1858 1053 ’

414 1113 535 1170 quod
571 1114 746 1158 condita
776 1123 860 1169 est,
892 1115 1006 1158 bona
1029 1123 1092 1158 est
1113 1134 1124 1171 3
1149 1129 1248 1173 quae
1281 1127 1372 1156 non
1399 1111 1540 1155 solum
1575 1109 1666 1153 sine
1703 1109 1806 1154 vitio
1862 1141 1864 1147 ι

413 1182 527 1227 facta
557 1193 643 1237 est,
669 1199 820 1228 verum
843 1185 974 1228 etiam
997 1200 1098 1229 cum
1120 1199 1198 1243 per
1225 1183 1383 1228 vitium
1405 1181 1519 1226 mala
1551 1190 1638 1236 est,
1672 1196 1806 1240 capax
1859 1180 1863 1214 ’-

412 1262 476 1297 est
497 1254 623 1308 boni,
645 1270 734 1314 quo
758 1255 874 1299 bona
896 1256 964 1299 sit.
992 1257 1096 1299 Haec
1116 1270 1217 1299 vera
1239 1255 1455 1299 sententia
1483 1251 1683 1297 fallacem
1704 1254 1801 1298 Ma·
1858 1276 1865 1286 -

411 1324 683 1369 nichaeorum
705 1327 862 1371 evertit
880 1327 1108 1371 insaniam.
1857 1326 1862 1337 '

470 1399 521 1440 In
552 1397 768 1457 baptismo
802 1407 947 1442 autem
977 1399 1037 1442 ita
1063 1406 1241 1457 peccata
1273 1397 1418 1442 omnia
1450 1395 1732 1440 dimittuntur
1758 1395 1805 1439 in

409 1467 487 1511 Dei
511 1468 646 1526 gratia
661 1503 672 1523 ,
696 1484 783 1528 qua
808 1477 851 1514 et
874 1469 928 1513 ad
951 1469 1094 1528 ipsum
1118 1468 1384 1528 baptismum
1406 1468 1541 1512 homo
1562 1474 1805 1527 praeparata
1862 1471 1867 1531 ζ

411 1539 464 1582 ab
492 1537 568 1583 illo
601 1539 829 1584 voluntate
860 1539 1139 1599 perducitur,
1175 1548 1224 1583 ut
1247 1538 1450 1598 deinceps
1475 1538 1673 1598 quamvis
1696 1552 1806 1582 con·
1861 1570 1865 1589 ς,

410 1610 604 1669 cupiscat
626 1610 800 1670 spiritus
821 1610 914 1670 ejus
937 1609 1140 1655 adversus
1162 1625 1336 1654 carnem
1353 1645 1364 1665 ‚
1389 1625 1444 1653 ne
1465 1609 1708 1654 consentiat
1726 1607 1804 1652 ini·
1858 1601 1864 1616 ’

410 1681 589 1739 quitati‚
614 1690 760 1726 tamen
785 1691 828 1726 et
847 1697 947 1727 caro
969 1681 1249 1741 concupiscat
1268 1682 1473 1726 adversus
1500 1680 1701 1739 spiritum
1717 1713 1729 1734 ‚
1754 1687 1805 1723 ut
1857 1676 1869 1691 ⁴

410 1768 500 1796 non
526 1752 657 1797 faciat
691 1762 734 1798 et
762 1753 834 1797 ille
862 1754 984 1812 quod
1011 1753 1122 1797 vult.
1163 1752 1269 1796 Vult
1296 1753 1410 1796 enim
1445 1761 1488 1796 et
1512 1753 1637 1796 istam
1665 1750 1805 1796 carnis

409 1823 809 1883 concupiscentiam
855 1839 944 1868 non
987 1823 1148 1867 habere
1186 1842 1195 1868 ε
1230 1821 1306 1867 sed
1344 1837 1434 1867 non
1473 1830 1613 1882 potest
1653 1836 1802 1880 nunc3
1864 1867 1869 1876 ¹

410 1902 586 1952 propter
615 1893 737 1954 quod
760 1893 904 1939 adhuc
931 1895 975 1938 in
1007 1909 1050 1938 se
1076 1894 1168 1953 ipso
1198 1892 1440 1952 ingemiscit
1458 1895 1494 1947 ¹,
1524 1892 1803 1951 adoptionem
1858 1908 1867 1952 ⁴:

409 1974 638 2023 expectans
656 1966 1001 2025 redemptionem
1024 1966 1216 2024 corporis
1234 1965 1299 2009 sui
1321 2000 1332 2019 ,
1355 1964 1430 2008 ubi
1452 1964 1512 2008 sic
1533 1964 1694 2008 habeat
1713 1978 1805 2008 car·
1858 1974 1869 2002 f

408 2050 532 2089 nem,
558 2045 608 2080 ut
625 2038 717 2096 jam
740 2052 918 2095 peccare
943 2052 1033 2081 non
1053 2036 1204 2095 possit.
1230 2038 1357 2081 Nunc
1386 2049 1488 2093 ergo
1504 2069 1515 2090 ‚
1541 2050 1631 2078 non
1660 2032 1802 2078 solum

409 2114 550 2164 potest
590 2122 769 2165 peccare
799 2116 896 2166 post
931 2107 1196 2166 baptismum
1216 2142 1226 2161 ‚
1261 2121 1413 2150 verum
1455 2105 1585 2149 etiam
1622 2104 1725 2165 quia
1759 2112 1803 2148 et

408 2175 522 2220 bene
542 2175 759 2222 reluctans
778 2177 1144 2237 concupiscentiae
1161 2177 1301 2222 carnis
1319 2175 1557 2236 aliquando
1576 2176 1631 2220 ab
1647 2190 1698 2219 ea
1714 2184 1802 2219 tra·

368 2268 377 2278 ·
409 2245 528 2290 hitur
543 2246 597 2290 ad
617 2247 930 2298 confessionem
951 2269 962 2305 3
987 2257 1030 2292 et
1049 2249 1247 2308 quamvis
1262 2247 1447 2292 venialia
1461 2282 1471 2302 ,
1490 2257 1638 2292 tamen
1656 2246 1802 2306 aliqua
1862 2248 1867 2270 *²

409 2326 586 2374 peccata
612 2319 844 2363 committit
876 2338 884 2362 2
922 2319 1055 2363 habet
1083 2334 1160 2362 cur
1193 2334 1362 2377 semper
1396 2319 1464 2362 hic
1496 2317 1640 2361 dicat:
1672 2335 1693 2359 «
1722 2317 1800 2360 Di-
1859 2338 1869 2364 τρ

411 2404 431 2427 »
458 2387 581 2432 mitte
600 2389 725 2432 nobis
742 2388 890 2432 debita
910 2390 1096 2432 nostra2.
1128 2407 1147 2429 »
1176 2391 1279 2433 Haec
1296 2403 1472 2448 quoque
1495 2387 1709 2432 catholica
1727 2402 1801 2431 ve-

409 2457 508 2502 ritas
530 2459 750 2503 Joviniani
769 2458 992 2518 redarguit
1017 2459 1264 2503 vanitatem.
1292 2462 1536 2518 Utrumque
1558 2467 1728 2512 autem,
1754 2456 1800 2501 id

409 2537 494 2583 est,
529 2539 571 2574 et
599 2529 719 2590 quod
752 2539 903 2575 contra
931 2530 1253 2585 Manichaeum,
1285 2539 1329 2574 et
1352 2529 1473 2590 quod
1503 2539 1653 2575 contra
1677 2529 1799 2574 Jovi-

463 2622 468 2633 ·
492 2616 580 2646 Ιὶοιη.
603 2625 672 2655 vm,
693 2615 746 2646 23.
764 2632 803 2638 —-
823 2622 833 2637 ²
856 2613 967 2647 Matth.
988 2625 1032 2654 vi,
1057 2623 1106 2647 1‘2.
