1821 3264
418 264 469 290 niz
503 264 614 291 nono
647 264 1013 292 PnnssznAivrrffi.
1325 257 1400 292 111

25 325 144 386 quod
174 327 442 385 accepimus,
467 327 548 371 nisi
572 336 621 371 ut
651 326 695 371 id
718 344 894 388 quoque
921 328 1045 373 nobis
1068 337 1321 388 praestetur,
1351 345 1406 373 ne

15 395 187 440 ¹habere
225 396 498 441 desinamus?
531 397 650 442 Sicut
675 412 776 456 ergo
808 408 1003 453 sanctus,
1036 415 1138 443 cum
1171 403 1311 444 Deum
1333 414 1406 444 ro-

27 474 98 526 gat
137 475 188 510 ut
208 475 381 511 sanctus
403 467 486 522 sit,
521 465 567 510 id
587 467 741 527 utique
772 477 896 527 rogat
927 478 977 512 ut
998 479 1171 514 sanctus
1193 485 1282 514 esse
1306 485 1405 530 per-

14 546 225 582 maneat.
262 538 322 582 ita
353 539 505 599 utique
525 547 569 583 et
597 548 759 595 castus,
796 554 896 584 cum
922 549 1044 598 rogat
1077 549 1126 584 ut
1159 550 1300 585 castus
1326 542 1404 598 sit3

22 607 273 666 continens,
296 618 346 653 ut
371 610 597 654 continens
629 611 709 661 sit;
741 611 902 670 justus,
940 619 989 654 ut
1020 611 1187 670 justus,
1213 613 1323 670 pius,
1363 620 1406 655 et

15 687 198 733 caetera,
222 694 322 738 quae
338 690 488 724 contra
504 680 755 739 Pelagianos
769 680 884 725 dona
900 682 975 725 Dei
993 696 1082 725 esse
1102 680 1376 726 defendimus
1391 717 1402 737 ,

20 749 104 794 hoc
124 749 216 793 sine
246 748 382 794 dubio
403 759 584 810 petunt,
609 760 659 795 ut
685 751 731 795 in
753 752 811 795 eis
841 762 1116 811 perseverent
1139 752 1280 808 bonis,
1305 767 1405 813 quae

20 834 65 864 se
81 821 290 879 accepisse
320 830 551 866 noverunt.
573 821 702 875 Quod
725 821 759 866 si
782 822 1024 881 accipiunt,
1050 822 1246 881 profecto
1268 831 1311 866 et
1333 822 1402 881 ip-

18 904 108 935 sam
137 892 497 950 perseverantiam
535 907 742 951 magnum
776 892 853 936 Dei
890 891 1057 937 donum
1077 929 1088 948 ,
1128 909 1217 953 quo
1246 902 1404 937 caetera

19 960 133 1006 dona
155 963 246 1022 ejus
268 972 602 1019 conservantur,
628 963 860 1023 accipiunt.

76 1034 128 1076 V.
154 1034 296 1089 Quid,
338 1049 438 1078 cum
475 1035 677 1089 dicimus,
723 1053 743 1076 «
769 1035 926 1078 Veniat
958 1049 1141 1094 regnum
1169 1037 1345 1079 tuum¹:
1375 1052 1394 1075 »

16 1116 123 1146 num
155 1103 274 1148 aliud
295 1105 533 1164 poscimus,
560 1105 642 1149 nisi
669 1114 719 1149 ut
751 1105 898 1150 veniat
922 1113 966 1149 et
998 1105 1294 1165 nobis,'qu0d
1314 1120 1403 1149 esse

14 1182 250 1218 venturum
277 1190 366 1219 non
389 1175 642 1220 dubitamus
665 1175 869 1220 omnibus
896 1176 1082 1220 sanctis?
1105 1178 1220 1234 Ergo
1236 1185 1282 1219 et
1304 1175 1373 1220 hic
1388 1211 1399 1230 ,

17 1244 94 1304 qui
124 1245 214 1304 jam
244 1247 380 1290 sancti
412 1255 529 1301 sunt,
563 1246 672 1306 quid
701 1255 842 1301 orant,
872 1247 953 1290 nisi
971 1248 1081 1291 utin
1103 1263 1152 1291 ea
1175 1248 1403 1292 sanctitate

16 1328 116 1373 quae
126 1313 208 1358 illis
220 1313 322 1359 data
339 1325 402 1359 est
419 1318 722 1374 perseverent?
737 1319 888 1376 Neque
905 1317 1020 1361 enim
1040 1316 1164 1361 aliter
1178 1317 1237 1361 eis
1258 1317 1402 1361 veniet

11 1399 196 1444 regnum
211 1386 304 1440 Dei,
326 1386 445 1445 quod
464 1402 552 1431 non
566 1387 674 1441 aliis,
696 1388 771 1431 sed
792 1387 858 1430 his
870 1388 947 1447 qui
963 1397 1241 1446 perseverant
1263 1402 1400 1446 usque

14 1454 60 1499 in
82 1456 230 1511 finem,
255 1465 423 1501 certum
445 1466 509 1501 est
529 1473 619 1502 esse
638 1466 891 1502 venturum.

72 1528 147 1569 VI.
174 1527 315 1571 Tertia
332 1528 484 1587 petitio
498 1537 578 1584 est,
608 1547 628 1570 «
653 1529 750 1572 Fiat
771 1527 972 1571 voluntas
995 1536 1070 1571 tua
1089 1527 1135 1570 in
1158 1527 1273 1571 coelo
1296 1527 1400 1571 etin

15 1612 36 1638 »
62 1600 199 1642 terra²
219 1617 228 1642 ε
251 1615 271 1639 »
298 1598 383 1653 vel,
409 1599 529 1658 quod
546 1599 591 1643 in
615 1599 832 1658 plerisque
859 1598 1083 1642 codicibus
1107 1598 1281 1657 legitur,
1309 1613 1400 1642 rna-

12 1667 162 1727 gisque
184 1668 240 1712 ab
267 1670 490 1714 orantibus
513 1669 837 1731 frequentatur,
868 1689 890 1712 «
922 1671 1033 1714 sicut
1055 1670 1099 1713 in
1129 1669 1243 1713 coelo
1274 1678 1317 1713 et
1353 1669 1399 1711 in

15 1755 34 1779 »
59 1746 199 1783 terra:
222 1739 377 1800 »quod
398 1740 595 1800 plerique
616 1740 882 1798 intelligunt,
901 1741 1012 1784 sicut
1032 1741 1169 1784 sancti
1192 1739 1395 1798 Angeliss,

3 1817 55 1853 >et
72 1824 149 1854 nos
171 1809 378 1855 faciamus
394 1811 666 1856 voluntatem
689 1821 824 1856 tuam.
852 1810 959 1855 Vult
981 1820 1125 1854 autem
1155 1810 1228 1853 ille
1246 1810 1400 1853 doctor

11 1887 55 1923 et
73 1890 256 1938 martyr,
281 1881 445 1926 coelum
471 1891 515 1926 et
532 1891 688 1926 terram
712 1880 896 1939 intelligi
912 1882 1112 1939 spiritum
1130 1889 1173 1925 et
1195 1894 1366 1925 carnem
1384 1913 1395 1934 ,
1436 1912 1446 1919 ,

13 1959 56 1994 et
76 1951 159 1995 hoc
177 1967 254 1996 nos
279 1967 402 1997 orare
419 1988 429 2008 ,
465 1962 515 1997 ut
545 1953 817 1997 voluntatem
837 1953 914 1996 Dei
937 1968 982 1996 re
1005 1961 1192 2011 utraque
1216 1966 1399 1995 concor-

11 2019 142 2066 dante
162 2021 387 2068 faciamus.
421 2023 543 2069 Vidit
561 2024 606 2068 in
623 2024 690 2068 his
711 2024 851 2068 verbis
868 2032 911 2068 et
934 2023 1121 2068 alterum
1135 2037 1310 2066 sensum
1327 2036 1399 2065 sa-

11 2092 197 2137 nissimae
218 2093 320 2138 fidei
348 2104 678 2153 congruentem,
703 2094 758 2138 de
787 2110 876 2154 quo
900 2095 991 2153 jam
1016 2109 1145 2152 supra
1172 2092 1308 2137 locuti
1326 2108 1400 2136 su-

11 2176 109 2206 mus
133 2181 142 2207 z
164 2173 215 2208 ut
228 2164 391 2209 scilicet
409 2180 488 2224 pro
504 2164 756 2209 infidelibus
777 2164 972 2224 quisunt
994 2163 1138 2207 adhuc
1157 2172 1284 2218 terra,
1311 2172 1398 2207 ter-

12 2247 167 2277 renum
184 2243 357 2279 tantum
377 2236 600 2280 hominem
618 2235 756 2294 prima
775 2234 998 2278 nativitate
1022 2243 1257 2293 portantes,
1278 2248 1399 2277 orare

13 2303 313 2363 intelligantur
333 2306 502 2362 fideles,
527 2305 603 2365 qui
631 2305 798 2350 coelesti
820 2306 997 2349 homine
1016 2305 1176 2359 induti,
1202 2319 1290 2349 non
1313 2305 1398 2347 im-

12 2376 168 2420 merito
185 2375 287 2420 coeli
306 2377 483 2422 nomine
499 2386 825 2436 nuncupantur.
851 2376 937 2420 Ubi
950 2375 1174 2419 evidenter
1189 2373 1395 2426 ostendit,

14 2455 57 2490 et
77 2446 250 2491 initium
267 2446 370 2492 fidei
392 2463 482 2492 esse
500 2447 669 2491 donum
692 2447 791 2502 Dei,
811 2444 990 2506 quando
1013 2461 1103 2490 non
1125 2454 1301 2489 tantum
1321 2458 1400 2502 pro

15 2515 216 2563 fidelibus
243 2528 292 2564 ut
325 2528 534 2578 augeatur
562 2518 609 2562 in
636 2519 694 2563 eis
719 2517 789 2563 vel
817 2525 1065 2576 perseveret
1094 2516 1223 2571 fides,
1245 2528 1399 2559 verum
1451 2561 1459 2567 ,

64 2608 72 2624 “
92 2601 203 2639 Matth.
223 2613 270 2643 vi,
293 2613 342 2636 ιο.
355 2619 397 2628 -
410 2608 423 2626 2
442 2603 524 2637 lbid.
536 2620 578 2628 —
595 2601 607 2627 ³
622 2600 789 2641 Subaudi,
806 2601 940 2635 faciunt.
