1884 3285
1857 0 1865 16 Ι

1849 0 1855 34 i

1851 137 1855 177 k

1852 191 1855 253 i

1852 258 1856 296 l

455 308 532 345 124
885 317 917 343 s.
955 315 1180 342 AUGUSTINI
1216 315 1395 341 EPISCOPI
1853 310 1857 399 ι

450 380 667 441 praedicari
697 399 704 423 :
726 380 757 422 si
770 379 953 438 judicari
971 388 1170 438 poterant
1188 379 1398 431 homines,
1420 377 1550 420 etiam
1573 391 1665 421 non
1681 376 1830 422 audito
1854 401 1858 453 ἱ

448 450 682 507 Evangelio
707 484 717 503 ,
759 449 1000 494 secundum
1043 449 1358 493 contumaciam
1396 446 1463 491 vel
1503 447 1795 491 obedientiam
1816 482 1828 503 ,
1854 455 1858 507 ᾗ

445 535 576 580 quani
601 520 817 578 praescivit
847 523 959 563 Deus
981 520 1204 563 habituros
1229 517 1357 562 fuisse
1376 552 1386 571 ,
1407 517 1440 560 si
1464 516 1683 560 audissent
1703 518 1722 560 P
1741 518 1830 562 Nec
1855 510 1859 580 i

444 589 724 634 damnaretur
754 592 892 646 Tyrus
916 598 958 632 et
995 589 1127 633 Sidon
1162 591 1191 642 ¹,
1224 588 1420 647 quamvis
1449 586 1664 629 remissius
1695 601 1831 645 quam
1856 585 1859 644 ξ

446 659 530 703 illae
550 660 758 714 civitates,
775 661 819 703 in
834 660 994 718 quibus
1012 674 1101 702 non
1117 657 1392 702 credentibus
1411 673 1433 701 a
1458 657 1641 700 Domino
1659 656 1831 701 Christo
1856 666 1860 716 ς

444 728 653 771 mirabilia
687 729 807 786 signa
841 738 943 772 sunt
970 728 1083 772 facta
1123 747 1131 772 :
1164 728 1370 787 quoniam
1403 727 1436 770 si
1460 726 1576 785 apud
1599 725 1693 769 illas
1720 724 1861 779 facta}

442 806 611 851 essent,
636 798 680 840 in
708 798 851 840 cinere
874 807 917 841 et
937 797 1076 841 cilicio
1094 797 1395 856 poenitentiam
1415 797 1630 853 egissent3
1655 795 1766 839 sicut
1786 809 1831 838 se
1857 815 1861 852 ς

442 867 604 910 habent
627 866 798 926 eloquia
822 868 1010 912 veritatis
1029 903 1040 922 ,
1065 869 1108 911 in
1137 869 1299 927 quibus
1328 867 1471 911 verbis
1499 865 1585 909 suis
1620 864 1830 909 Dominus
1858 864 1863 903 ἓ

441 939 563 980 Jesus
581 935 708 980 altius
732 937 856 981 nobis
879 938 1132 994 mysterium
1153 936 1542 996 praedestinationis
1562 934 1767 979 ostendit.

499 1008 666 1049 XXIII.
689 1006 732 1050 Si
768 1007 882 1050 enim
916 1018 1135 1067 quaeratur
1157 1023 1179 1050 a
1209 1007 1335 1050 nobis
1356 1040 1366 1060 ,
1388 1021 1465 1050 cur
1484 1004 1601 1064 apud
1618 1019 1690 1048 eos
1711 1012 1831 1048 tanta
1860 1019 1863 1050 ι

441 1076 649 1120 miracula
672 1076 785 1120 sacta
803 1078 888 1121 sint
911 1080 987 1136 qui
1010 1078 1204 1121 videntes
1227 1092 1275 1121 ea
1299 1092 1387 1121 non
1403 1076 1578 1120 fuerant
1606 1071 1826 1129 credituri,
1860 1079 1863 1118 ὲ

442 1155 485 1189 et
500 1146 616 1204 apud
639 1162 710 1190 eos
730 1147 840 1191 facta
864 1163 953 1191 non
968 1148 1052 1191 sint
1070 1149 1146 1207 qui
1165 1148 1390 1192 crederent
1414 1147 1448 1190 si
1470 1145 1668 1189 viderent
1691 1144 1829 1205 3quid
1861 1138 1864 1188 ἰ

439 1216 799 1274 respondebimus
822 1221 839 1260 Ρ
860 1217 1084 1275 Numquid
1105 1217 1264 1260 dicturi
1300 1231 1474 1271 sumus,
1502 1213 1622 1275 quod
1649 1215 1694 1257 in
1717 1214 1829 1258 libro
1862 1262 1864 1276 ᾖ

439 1284 514 1328 illo
536 1284 651 1338 dixi,
683 1286 758 1328 ubi
789 1301 861 1329 sex
889 1286 1153 1344 quibusdam
1187 1285 1499 1345 quaestionibus
1533 1288 1825 1343 Paganorum,
1862 1279 1864 1332 Ξ

437 1355 529 1397 sine
546 1354 796 1413 praejudicio
820 1366 964 1399 tamen
982 1357 1163 1400 aliarum
1187 1371 1437 1409 causarum,
1456 1371 1563 1414 quas
1585 1355 1825 1414 prudentes
1862 1333 1865 1363 i

442 1435 621 1484 possunt
643 1426 852 1483 vestigare
868 1461 878 1481 ‚
904 1427 1104 1485 respondi
1128 1429 1144 1469 ἱ)
1168 1429 1259 1471 Hoc
1278 1428 1445 1486 quippe
1461 1461 1471 1480 ,
1499 1435 1548 1470 ut
1566 1427 1702 1479 scitis,
1724 1440 1823 1468 cum
1862 1424 1865 1442 ³

439 1495 633 1539 Christus
656 1510 789 1553 quare
815 1505 910 1554 post
933 1506 1020 1539 tam
1043 1496 1173 1555 longa
1208 1506 1400 1555 tempora
1430 1496 1626 1549 venerit,
1660 1510 1825 1554 quaere·
1863 1513 1865 1520 ⁴

439 1573 584 1618 retur,
617 1564 724 1607 dixit
743 1566 758 1588 2
784 1600 794 1618 ,
833 1585 851 1605 «
878 1565 998 1624 quod
1020 1567 1084 1609 his
1106 1567 1375 1624 temporibus
1398 1575 1440 1609 et
1468 1568 1512 1609 in
1534 1565 1640 1608 locis
1667 1565 1826 1624 quibus
1863 1577 1866 1598 ³

433 1633 717 1692 Evangelium
736 1637 827 1693 ejus
853 1651 940 1679 non
958 1644 1020 1679 est
1046 1637 1343 1694 praedicatum,
1369 1635 1475 1679 tales
1495 1650 1644 1679 omnes
1665 1636 1710 1677 in
1725 1636 1818 1694 ejus

434 1704 738 1762 praedicatione
757 1704 926 1750 futuros
942 1722 1029 1750 esse
1052 1708 1320 1766 praesciebat,
1343 1706 1491 1766 quales
1519 1706 1644 1750 multi
1665 1706 1710 1748 in
1730 1708 1823 1765 ejus

434 1774 645 1832 corporali
670 1776 896 1832 praesentia
919 1777 1100 1820 fuerunt
1116 1811 1126 1830 ‚
1149 1778 1285 1835 quiin
1309 1792 1409 1820 eum
1433 1792 1512 1820 nec
1530 1776 1743 1821 suscitatis
1765 1776 1819 1820 ab
1864 1772 1868 1813 l

433 1859 484 1886 eo
507 1844 688 1888 mortuis
707 1847 882 1889 credere
911 1846 1158 1890 voluerunt.
1195 1850 1301 1890 Item
1326 1847 1456 1905 paulo
1480 1855 1577 1904 post
1597 1847 1642 1890 in
1668 1847 1819 1891 eodem

434 1914 703 1974 libro‚atque
720 1916 765 1959 in
787 1917 937 1960 eadem
956 1918 1194 1976 quaestione
1214 1937 1222 1961 :
1242 1917 1358 1970 Quid
1377 1918 1553 1972 mirum,
1576 1918 1772 1976 inquam,
1789 1918 1821 1960 si
1865 1922 1868 1956 ἰ

433 1994 519 2028 tam
535 1984 785 2029 infidelibus
802 1986 979 2044 plenum
1004 1988 1153 2031 orbem
1168 1997 1379 2033 terrarum
1395 1988 1592 2032 Christus
1606 1988 1821 2046 prioribus
1866 1997 1868 2030 ί

432 2055 599 2098 saecuiis
622 2066 816 2110 noverat,
843 2066 892 2100 ut
914 2058 971 2101 eis
996 2058 1219 2115 praedicari
1249 2059 1401 2102 merito
1424 2058 1582 2112 nollet,
1609 2073 1719 2117 quos
1742 2072 1821 2101 nec

432 2127 573 2169 verbis
609 2142 687 2170 nec
716 2127 934 2171 miraculis
960 2129 1046 2172 suis
1080 2128 1319 2173 credituros
1354 2144 1442 2173 esse
1470 2129 1764 2187 praesciebat?
1797 2147 1816 2169 »
1866 2126 1869 2182 3

434 2200 535 2239 Haec
564 2206 678 2241 certe
702 2197 756 2240 de
776 2201 889 2255 Tyro
913 2208 955 2242 et
979 2199 1138 2243 Sidone
1161 2216 1248 2244 non
1274 2215 1500 2259 possumus
1525 2200 1668 2244 dicere
1684 2234 1695 2254 ‚
1716 2208 1759 2243 et
1775 2199 1819 2242 in
1866 2191 1871 2234 ἶ·

432 2267 490 2309 eis
508 2268 808 2325 cognoscimus
827 2268 881 2311 ad
900 2283 968 2312 cas
983 2284 1130 2312 causas
1148 2269 1540 2328 praedestinationis
1555 2270 1649 2313 haec
1672 2269 1817 2313 divina

427 2335 587 2394 judicia
611 2337 827 2395 pertinere
848 2373 858 2391 ,
883 2339 973 2381 sine
992 2354 1177 2398 quarum
1201 2355 1430 2382 causarum
1455 2339 1682 2382 latentium
1703 2353 1817 2397 prae·

426 2405 592 2463 jndicio
611 2415 716 2450 tunc
738 2407 815 2450 ista
837 2409 1095 2466 respondere
1121 2425 1187 2452 me
1210 2408 1312 2452 dixi.
1341 2408 1483 2453 Facile
1507 2409 1746 2469 estquippe
1768 2417 1818 2452 ut
1867 2420 1871 2456 1

432 2475 733 2520 infidelitatem
766 2491 1015 2521 accusemus
1049 2477 1301 2522 Judaeorum
1336 2480 1390 2522 de
1425 2478 1558 2522 libera
1593 2481 1818 2522 voluntate
1868 2506 1870 2526 :

482 2583 487 2596 ¹
522 2577 596 2607 Luc.
628 2588 658 2615 x,
696 2587 733 2609 12
754 2581 787 2609 et
816 2588 903 2619 seqq.
934 2582 966 2608 et
994 2577 1106 2610 Matth.
1140 2589 1184 2616 xi,
1215 2586 1250 2609 ’.η
1284 2582 1316 2608 ot
1348 2586 1455 2610 22.-—
1475 2585 1486 2600 2
1519 2578 1596 2610 Vide
1626 2578 1725 2619 Epist.
1757 2587 1814 2617 cn,
1868 2582 1871 2610 ἶ

432 2635 541 2672 quaest.
570 2640 601 2662 ¹2.
