1821 3264
2 67 7 178 ,ἔ

0 186 4 242 ἑ

0 248 4 271 ἱ

0 275 3 365 i

396 238 449 264 DE
480 235 770 264 conam-smne
803 236 855 263 ET
887 234 1058 264 GRAnA.
1371 222 1421 262 47

39 301 228 346 luntates
256 316 345 346 non
373 315 497 360 posse
525 299 734 353 resistere,
769 300 1004 359 quominus
1037 298 1166 344 faciat
1194 300 1284 358 ipse
1305 299 1425 359 quod

0 394 1 403 ¹
40 373 136 417 vult
165 391 174 417 :
202 370 560 432 quandoquidem
583 371 710 414 etiam
736 370 790 413 de
812 371 913 429 ipsis
938 371 1159 415 hominum
1186 371 1424 416 voluntati-

41 443 140 497 bus,
166 442 285 503 quod
307 441 402 486 vult
418 476 429 496 ,
455 456 554 486 cum
577 440 672 484 vult
691 475 701 495 ,
728 439 844 484 facit.
871 441 959 485 Nisi
982 442 1094 485 {oste
1117 445 1184 499 (ut
1207 458 1256 485 ex
1279 440 1428 486 multis

43 513 186 573 aliqua
211 514 568 570 commemorem)
593 510 770 572 quando
800 514 913 556 Deus
942 511 1081 556 voluit
1107 512 1222 556 Saiili
1245 527 1425 571 regnum

40 582 165 637 dare,
186 583 245 627 sic
263 591 353 628 erat
375 583 418 626 in
441 590 653 642 potestate
677 580 966 626 Israelitarum
988 581 1174 626 subdere
1193 598 1237 626 se
1259 598 1426 626 memo-

40 663 135 698 rato
166 653 280 708 viro,
311 654 398 697 sive
426 668 514 697 non
537 651 749 707 subdere,
775 652 895 712 quod
920 653 1072 713 utique
1093 654 1138 697 in
1161 668 1311 697 eorum
1337 662 1428 697 erat

39 724 227 782 positum
242 722 490 777 voluntate,
504 732 554 766 ut
565 723 691 766 etiam
712 725 801 768 Deo
814 723 1010 767 valerent
1026 725 1234 768 resistere.
1257 723 1341 776 Qui
1360 732 1427 767 ta-

39 808 140 838 men
159 794 243 839 hoc
262 810 350 839 non
370 794 490 846 fecit,
514 793 595 838 nisi
612 809 688 853 per
704 794 896 853 ipsorum
915 795 1142 839 hominum
1163 795 1425 849 voluntates,

38 865 130 909 sine
155 864 292 910 dubio
316 865 478 910 habens
503 866 794 910 humanorum
817 864 1012 910 cordium
1038 881 1126 925 quo
1149 865 1338 925 placeret
1360 866 1430 909 in-

38 934 342 980 clinandorum
379 937 843 995 omnipotentissimam
888 946 1162 996 potestatem.
1206 937 1273 981 Sic
1311 937 1428 981 enim

38 1007 247 1064 scriptum
264 1017 328 1051 est
351 1025 360 1052 :
379 1025 400 1049 «
418 1009 473 1051 Et
487 1005 648 1050 dimisit
665 1006 840 1051 Samuel
859 1007 1088 1066 populum,
1109 1016 1152 1050 et
1171 1007 1275 1051 abiit
1291 1023 1428 1051 unus-

39 1094 60 1119 »
84 1077 271 1137 quisque
297 1077 343 1121 in
364 1078 510 1123 locum
534 1093 690 1134 suum3
715 1087 758 1121 et
783 1076 886 1123 Saiil
908 1078 1014 1121 abiit
1035 1077 1081 1121 in
1104 1076 1283 1122 domum
1307 1093 1430 1122 suam

41 1147 132 1192 »in
174 1148 322 1205 Gaba3
365 1157 408 1193 et
433 1148 636 1193 abierunt
663 1157 861 1208 potentes
892 1163 1078 1209 quorum
1110 1148 1253 1207 tetigit
1285 1149 1430 1192 Domi-

40 1234 61 1258 »
85 1233 167 1262 nus
201 1218 333 1263 corda
364 1234 465 1263 cum
501 1218 677 1264 Saiile1.
716 1221 772 1262 Et
804 1218 881 1262 filii
915 1219 1163 1279 pestilentes
1192 1218 1426 1274 dixerunt,

40 1306 62 1331 n
86 1289 192 1342 Quis
208 1289 390 1333 salvabit
412 1292 513 1333 nos?
537 1290 644 1334 Hic?
666 1292 721 1333 Et
736 1290 1109 1334 inhonoraverunt
1131 1305 1247 1344 euni,
1272 1298 1314 1333 et
1339 1305 1428 1334 non

38 1377 61 1402 n
87 1359 373 1404 attuleruntei
385 1375 582 1403 munera.
599 1360 860 1419 »Numquid
873 1360 1027 1419 aliquis
1042 1360 1236 1404 dicturus
1250 1370 1328 1415 est,
1340 1375 1429 1404 non

37 1430 201 1474 iturum
223 1429 355 1474 fuisse
374 1444 475 1473 cum
501 1429 601 1474 Saiil
627 1444 895 1488 quemquam
922 1445 1072 1473 eorum
1088 1465 1098 1483 ‚
1120 1445 1307 1488 quorum
1330 1431 1430 1473 teti-

37 1500 98 1559 git
115 1499 247 1544 corda
265 1500 474 1545 Dominus
490 1509 541 1544 ut
560 1500 674 1544 irent
691 1514 790 1543 cum
808 1499 884 1544 illo
906 1520 916 1557 3
935 1509 1010 1544 aut
1026 1501 1107 1544 isse
1127 1500 1313 1560 aliquem
1330 1516 1429 1560 pes-

37 1570 278 1626 tilentium,
316 1586 507 1630 quorum
541 1579 591 1614 ut
622 1571 705 1614 hoc
736 1570 934 1615 facerent
964 1571 1096 1616 corda
1135 1587 1223 1616 non
1256 1572 1432 1629 tetigit?

39 1645 150 1687 Item
171 1643 226 1686 de
248 1643 403 1697 David,
429 1657 557 1702 quem
584 1642 794 1686 Dominus
817 1643 862 1685 in
885 1657 1065 1700 regnum
1090 1658 1289 1687 successu
1309 1658 1431 1702 pros-

38 1713 207 1773 periore
223 1714 462 1767 constituit,
480 1714 539 1757 ita
556 1713 740 1772 legitur:
767 1733 785 1754 «
808 1716 863 1758 Et
881 1713 1134 1758 ambulabat
1153 1713 1287 1758 David
1303 1715 1432 1773 profi-

41 1802 62 1826 »
98 1786 230 1839 ciens,
253 1795 295 1830 et
320 1785 696 1844 magnificabatur,
722 1793 764 1829 et
791 1786 1001 1829 Dominus
1024 1795 1114 1828 erat
1139 1802 1237 1829 cum
1264 1785 1379 1829 illo'2.
1409 1804 1427 1826 »

40 1858 134 1900 Hoc
156 1872 255 1901 cum
279 1857 547 1916 praemissum
573 1855 738 1909 fuisset,
759 1855 891 1914 paulo
914 1865 1011 1914 post
1032 1856 1196 1900 dietum
1222 1865 1308 1900 est:
1330 1874 1350 1896 «
1376 1859 1431 1898 Et

42 1945 63 1970 »
91 1929 274 1988 Spiritus
296 1927 439 1971 induit
460 1930 634 1971 Amasa'l'
656 1926 898 1985 principem
924 1927 1114 1983 triginta,
1142 1935 1184 1970 et
1206 1926 1327 1981 dixit,
1351 1925 1431 1969 Tui

45 2016 65 2040 »
90 2015 255 2054 sumus,
281 2014 306 2043 o
336 1997 471 2042 David
493 2033 503 2052 ‚
531 2007 573 2041 et
597 2006 743 2041 tecum
771 1996 940 2051 futuri,
972 1997 1031 2040 fili
1059 2000 1190 2041 Jesse.
1218 2001 1320 2051 Pax,
1350 2012 1431 2056 pax

45 2087 66 2111 »
92 2070 172 2114 tibi
206 2079 250 2114 et
277 2084 359 2128 pax
386 2068 657 2128 adjutoribus
695 2069 780 2112 tuis
798 2102 808 2122 ,
849 2067 950 2127 quia
985 2067 1213 2111 auxiliatus
1250 2077 1314 2112 est
1350 2067 1431 2112 tibi

46 2159 66 2181 n
91 2142 245 2184 Deus3.
265 2160 282 2182 »
303 2138 528 2198 Numquid
545 2138 624 2182 iste
642 2147 784 2198 posset
803 2138 1017 2182 adversari
1037 2138 1250 2182 voluntati
1269 2139 1362 2193 Dei,
1388 2147 1431 2182 et

41 2225 130 2255 non
150 2211 295 2270 potius
317 2211 408 2270 ejus
429 2207 571 2253 facere
591 2208 879 2264 voluntatem,
904 2209 979 2268 qui
1001 2209 1044 2252 in
1066 2210 1158 2268 ejus
1177 2212 1308 2253 corde
1326 2224 1430 2267 ope-

39 2289 157 2325 ratus
183 2289 246 2324 est
269 2295 344 2339 per
369 2279 578 2338 Spiritum
603 2295 728 2323 suum
753 2294 842 2338 quo
863 2278 1044 2323 indutus
1066 2289 1144 2333 est,
1165 2288 1214 2323 ut
1234 2281 1318 2323 hoc
1341 2279 1430 2322 vel-

39 2348 115 2405 let,
140 2350 319 2404 diceret,
344 2359 387 2394 et
409 2350 599 2394 faceret?
621 2353 732 2393 Item
756 2348 887 2409 paulo
911 2359 1006 2408 post
1028 2350 1086 2393 ait
1108 2348 1259 2393 eadem
1285 2350 1431 2408 Scrip-

39 2429 136 2466 tura
161 2437 169 2462 :
200 2439 218 2462 «
250 2423 411 2465 Omnes
434 2421 479 2464 hi
499 2421 578 2465 viri
601 2419 830 2464 bellatores
849 2455 859 2475 ‚
884 2419 1116 2478 dirigentes
1139 2420 1274 2463 aciem
1297 2419 1427 2464 corde

43 2507 65 2533 i»
86 2492 268 2551 pacifico
285 2500 497 2536 venerunt
513 2492 558 2536 in
581 2491 776 2547 Hebron,
797 2499 846 2535 ut
864 2491 1178 2535 constituerent
1199 2489 1332 2535 David
1351 2505 1427 2534 su-

90 2580 100 2598 ¹
124 2585 135 2607 1
156 2577 232 2618 Reg·
256 2586 291 2615 x,
308 2574 362 2608 25.
380 2591 421 2599 -
439 2581 450 2597 ²
478 2586 490 2608 ι
512 2576 583 2607 Par.
603 2585 646 2615 xi,
663 2585 697 2616 9.
716 2591 754 2598 --
776 2572 930 2615 31d.x11,
954 2574 1003 2606 18.
