1884 3285
464 286 543 322 110
895 300 926 323 s.
964 298 1192 327 Acecs'rmi
1229 302 1406 329 Emscori

453 357 739 401 conferuntur
760 360 891 403 etiam
908 362 1059 406 merita
1078 365 1275 409 universa
1288 372 1504 421 justorum
1530 386 1539 412 ε
1560 367 1743 415 alterum
1756 381 1835 426 est,

452 426 497 468 in
519 435 872 488 quantacumque
887 431 1052 489 justitia
1075 433 1165 476 sine
1182 435 1578 496 qualibuscumque
1599 440 1778 497 peccatis
1794 441 1839 486 in

453 495 535 540 hoc
571 499 846 557 corruptibili
879 516 1059 561 corpore
1089 505 1308 549 neminem
1338 507 1481 552 vivere
1514 526 1523 552 ι
1552 510 1729 555 tertium
1756 520 1834 567 est,

451 566 688 612 obnoxium
705 571 821 614 nasci
846 572 1066 617 hominem
1087 585 1264 633 peccato
1288 578 1415 636 primi
1438 578 1647 636 hominis,
1672 591 1717 626 et
1737 582 1837 627 vin-

450 636 550 681 culo
572 637 860 685 damnationis
880 643 1160 700 obstrictum,
1181 647 1260 691 nisi
1281 657 1438 704 reatus,
1459 650 1535 708 qui
1556 653 1838 710 generatione

450 708 743 764 contrahitur,
771 714 1091 769 regeneratione
1119 715 1326 761 solvatur.
1360 721 1526 763 Horum
1563 721 1696 765 trium
1728 723 1835 779 hoc,

427 778 571 835 3quod
597 778 693 824 loco
718 781 873 826 ultimo
893 784 1040 842 posui,
1071 785 1213 830 solum
1248 804 1336 833 non
1371 798 1583 834 tractatur
1603 791 1648 835 in
1682 808 1838 853 supra—

422 844 429 855 *
450 845 566 891 dicto
583 848 755 906 gloriosi
773 854 975 910 Martyris
995 853 1106 900 libro
1129 875 1136 900 :
1157 857 1212 901 de
1227 857 1400 903 duobus
1420 875 1523 905 vero
1539 863 1705 907 caeteris
1719 872 1838 910 tanta

448 916 535 962 illic
562 921 883 980 perspicuitate¹
902 923 1140 982 disseritur,
1161 937 1210 972 ut
1236 930 1474 989 supradicti
1496 932 1710 990 haeretici,
1734 935 1836 979 novi

446 987 609 1034 inimici
641 993 787 1050 gratiae
816 995 1002 1051 Christi,
1039 997 1170 1057 longe
1197 1009 1298 1044 ante
1333 1003 1606 1061 reperiantur
1648 1006 1836 1050 convicti

446 1073 536 1102 esse
557 1076 684 1120 quam
710 1064 815 1108 nati.
843 1068 893 1109 In
914 1066 980 1110 his
1003 1082 1106 1127 ergo
1123 1071 1286 1115 meritis
1303 1082 1571 1129 sanctorum,
1595 1090 1695 1134 quae
1713 1074 1835 1120 nulla

446 1129 527 1173 nisi
549 1132 625 1175 Dei
646 1131 761 1177 dona
783 1145 885 1179 sunt
902 1170 912 1190 ,
934 1137 1061 1181 etiam
1078 1144 1441 1197 perseverantiam
1462 1144 1629 1188 donum
1653 1146 1728 1189 Dei
1747 1161 1836 1191 esse

444 1199 720 1260 sicloquitur.
734 1222 753 1245 «
767 1205 970 1261 Dicimus,
987 1208 1132 1267 inquit
1146 1228 1155 1253 :
1170 1211 1471 1256 Sanctificetur
1483 1229 1643 1258 nomen
1661 1224 1787 1260 tuum
1799 1219 1834 1261 ¹:

443 1284 533 1314 non
548 1272 668 1330 quod
688 1283 886 1332 optemus
904 1279 1018 1332 Deo,
1051 1288 1100 1323 ut
1122 1281 1417 1327 sanctificetur
1438 1285 1707 1331 orationibus
1729 1302 1832 1332 nos-

443 1342 516 1385 tris
531 1376 542 1396 ,
567 1343 643 1387 sed
658 1345 778 1403 quod
800 1355 996 1404 petamus
1023 1349 1080 1393 ab
1101 1366 1173 1406 eo,
1204 1361 1254 1396 ut
1283 1368 1446 1398 nomen
1472 1357 1562 1415 ejus
1583 1358 1828 1403 sanctifice-

442 1421 511 1454 tur
536 1413 581 1456 in
609 1415 750 1459 nobis.
778 1418 996 1462 Caeterum
1019 1436 1042 1464 a
1060 1437 1148 1481 quo
1171 1425 1284 1468 Deus
1311 1426 1619 1483 sanctificatur,
1643 1430 1719 1488 qui
1739 1430 1830 1489 ipse

440 1483 710 1529 sanctificat?
729 1488 813 1532 Sed
830 1491 932 1547 quia
954 1490 1043 1549 ipse
1067 1491 1195 1548 dixit,
1227 1513 1246 1536 «
1278 1497 1424 1541 Sancti
1442 1507 1594 1553 estote,
1620 1501 1829 1559 quoniam

443 1569 463 1592 »
482 1561 525 1596 et
541 1568 622 1612 ego
643 1566 814 1601 sanctus
829 1563 951 1602 sum²
970 1579 979 1604 :
1004 1579 1022 1602 »
1041 1561 1086 1605 id
1105 1564 1291 1621 petimus
1309 1574 1352 1609 et
1370 1582 1593 1626 rogamus,
1619 1579 1669 1613 ut
1689 1571 1764 1630 qui
1781 1571 1828 1614 in
1883 1609 1884 1629 2

439 1622 653 1682 baptismo
671 1629 924 1673 sanctificati
942 1646 1107 1688 sumus,
1128 1635 1172 1678 in
1187 1650 1237 1680 eo
1252 1636 1371 1696 quod
1390 1654 1479 1683 esse
1498 1640 1710 1699 coepimus
1728 1657 1827 1701 per·
1883 1632 1884 1647 ’

438 1707 695 1740 severemus.
717 1715 738 1738 »
763 1700 820 1742 Et
848 1700 979 1758 paulo
1008 1712 1104 1761 post
1132 1703 1186 1748 de
1212 1707 1293 1751 hac
1321 1708 1411 1767 ipsa
1440 1724 1486 1754 re
1508 1711 1652 1756 adhuc
1671 1712 1824 1772 dispu-
1843 1760 1855 1769 f

441 1771 559 1818 tans,
596 1774 638 1809 et
671 1766 830 1812 docens
869 1785 946 1814 nos
974 1780 1337 1830 perseverantiam
1367 1788 1513 1837 petere
1551 1797 1574 1825 a
1610 1783 1821 1841 Domin03

436 1833 557 1892 quod
583 1836 706 1880 nullo
727 1840 857 1883 modo
879 1851 995 1885 recte
1018 1859 1066 1887 ac
1091 1847 1297 1890 veraciter
1319 1847 1502 1905 faceret,
1531 1853 1612 1896 nisi
1628 1854 1721 1914 ejus
1742 1854 1825 1899 do·

435 1918 544 1948 num
565 1915 608 1950 et
621 1907 704 1952 hoc
728 1919 837 1953 esset
862 1929 870 1954 :
900 1930 918 1953 «
938 1914 1041 1957 Haec
1059 1948 1070 1968 ,
1095 1914 1260 1975 inquit,
1285 1921 1567 1966 sanctificatio
1601 1932 1651 1967 ut
1681 1924 1724 1968 in
1742 1940 1823 1969 no-

434 1972 499 2016 bis
523 1987 773 2034 permaneat
806 1995 995 2036 oramus,
1023 1992 1065 2026 et
1087 1985 1190 2044 quia
1219 1989 1428 2034 Dominus
1460 2000 1503 2035 et
1519 1992 1654 2051 judex
1676 2003 1823 2040 noster

432 2053 583 2089 sanato
602 2061 624 2088 a
641 2061 685 2089 se
707 2056 751 2090 et
782 2049 1001 2112 vivificator
1015 2055 1308 2100 comminatur
1336 2073 1425 2103 non
1455 2060 1735 2122 delinquere,
1765 2080 1821 2110 ne

432 2112 539 2170 quid
562 2115 600 2158 ei
620 2114 811 2162 deterius
824 2119 901 2163 fiat
919 2121 933 2146 ³
959 2106 1097 2178 [hanc
1122 2126 1340 2171 continuis
1362 2130 1631 2177 orationibus
1646 2149 1817 2193 precem

367 2188 383 2211 -“’“
431 2180 631 2239 facimus,
655 2186 738 2230 hoc
754 2187 906 2233 diebus
927 2199 970 2234 et
995 2193 1198 2239 noctibus
1221 2199 1514 2256 postulamus,
1545 2212 1595 2247 ut
1630 2206 1818 2250 sanctifi-

244 2242 412 2308 =-J⁷}.1]11,',j'
431 2253 543 2297 catio
564 2262 608 2298 et
627 2255 859 2302 vivificatio
874 2275 973 2319 quae
989 2260 1044 2305 de
1060 2264 1137 2307 Dei
1162 2267 1299 2323 gratia
1324 2268 1527 2327 sumitur,
1546 2272 1680 2332 ipsius
1714 2291 1817 2335 pro-

430 2323 618 2369 tectione
651 2336 860 2372 servetur.
890 2348 909 2370 »
936 2333 988 2374 In
1015 2335 1354 2382 sanctificatione
1381 2340 1512 2398 igitur
1535 2358 1815 2401 perseveran-

429 2392 533 2437 tiam
549 2428 560 2449 ,
586 2395 670 2440 hoc
695 2406 773 2452 est,
800 2408 849 2442 ut
870 2399 914 2442 in
936 2404 1274 2450 sanctificatione
1297 2423 1635 2469 pe1·severemUS‚
1660 2431 1738 2461 nos
1758 2417 1813 2461 ab

428 2476 480 2507 eo
501 2473 648 2522 petere
670 2466 749 2511 iste
774 2467 928 2513 doctor
949 2469 1168 2531 intelligit,
1193 2491 1293 2520 cum
1324 2480 1579 2526 sanctificati
1601 2484 1807 2543 dicimus,

432 2550 453 2575 «
479 2535 781 2582 Sanctificetur
792 2554 954 2585 nomen
975 2550 1116 2587 tuum.
1138 2547 1291 2599 »Quid
1310 2558 1373 2594 est
1394 2551 1510 2596 enim
1527 2552 1646 2600 aliud
1663 2567 1810 2617 petere

468 2623 478 2639 ¹
507 2619 622 2653 Matth.
642 2631 687 2664 vi,
707 2633 739 2664 9.
762 2639 803 2646 ι-
819 2629 832 2646 ²
850 2625 952 2657 Levit.
975 2636 1037 2666 xix,
1060 2635 1091 2660 2.
1111 2645 1153 2653 -
1169 2627 1183 2653 3
1204 2632 1296 2665 Joan.
1317 2643 1351 2673 v,
1372 2635 1422 2676 14.
