1884 3285
431 257 513 294 382
870 273 1170 302 s.AthsT1N1
1203 276 1384 305 Emscopr

484 333 777 377 Amnsrmus.
813 335 886 379 Vis
914 350 1002 381 non
1029 338 1179 384 timere
1207 347 1489 400 potestatem?
1512 346 1675 392 bonum
1699 350 1809 395 fac‘.

426 402 522 443 Non
543 410 607 444 est
634 411 779 446 autem
803 404 969 449 bonum
988 442 999 461 ,
1032 419 1182 454 contra
1206 414 1486 471 apostolicum
1511 433 1682 463 sensum
1712 436 1814 466 exe-

423 484 517 513 rere
547 479 590 516 et
614 488 798 519 asserere
822 476 1072 523 haereticum
1096 496 1268 527 sensum
1283 488 1314 528 ².
1341 487 1457 539 Quid
1482 488 1626 534 adhuc
1656 494 1814 552 quaeris

424 555 625 597 examen,
651 546 769 604 quod
787 548 877 606 jam
908 548 1072 594 factum
1096 562 1159 597 est
1180 557 1297 614 apud
1325 559 1616 616 Apostolicam
1639 562 1815 609 sedem?

424 612 544 671 quod
566 612 755 675 denique
767 618 856 677 jam
875 619 1040 665 factum
1064 633 1127 668 est
1145 624 1190 667 in
1218 627 1446 687 episcopali
1464 631 1630 689 judicio
1653 634 1813 679 Palaes-

423 681 537 738 tino,
556 684 631 728 ubi
652 687 846 745 Pelagius
867 692 995 735 vestri
1019 703 1172 738 auctor
1186 698 1340 742 erroris
1358 701 1511 758 procul
1527 702 1665 748 dubio
1687 705 1814 750 dam-

421 762 549 797 natus
564 765 694 810 esset,
713 758 794 801 nisi
810 758 890 804 ista
904 777 1005 820 quae
1021 772 1066 807 tu
1085 764 1281 812 defendis
1293 803 1303 822 ,
1323 769 1526 829 dogmata
1542 783 1681 819 vestra
1696 775 1813 820 dam·

421 834 577 869 nasset.
605 829 813 873 Damnata
831 845 934 889 ergo
956 834 1129 879 haeresis
1146 838 1201 881 ab
1219 839 1428 899 episcopis
1451 857 1538 887 non
1556 844 1700 890 adhuc
1720 861 1813 891 exa·

421 894 650 951 minanda,
676 899 751 943 sed
768 903 1006 948 coercenda
1029 915 1130 950 esta
1158 911 1444 967 potestatibus
1461 914 1719 960 christianis.

481 967 596 1010 CIV.
633 970 862 1016 Jthnus.
901 992 920 1015 «
951 976 1035 1019 Sed
1058 992 1145 1021 non
1171 988 1244 1024 tua
1267 982 1414 1040 opinio
1442 984 1559 1044 apud
1577 987 1812 1045 prudentes

421 1042 593 1080 tantum
616 1037 805 1095 valebit,
831 1052 881 1087 ut
901 1060 1002 1088 cum
1029 1055 1076 1090 tu
1101 1049 1154 1091 sis
1171 1060 1298 1108 caput
1323 1052 1478 1096 horum
1497 1063 1540 1098 et
1567 1071 1694 1102 causa
1716 1073 1813 1102 ma-

417 1103 557 1151 lorum
576 1143 586 1162 ,
608 1109 662 1153 de
680 1113 890 1158 conflictu
912 1116 1057 1161 medio
1081 1122 1276 1177 Apostoli
1301 1131 1342 1165 te
1365 1124 1612 1184 objectione
1644 1129 1813 1173 subdu-

418 1190 511 1234 cas;
532 1187 574 1221 et
592 1189 717 1236 putes
732 1182 860 1227 illum
877 1200 956 1243 pro
970 1196 1013 1230 te
1031 1203 1120 1232 esse
1139 1188 1385 1237 feriendum
1404 1213 1413 1238 2
1433 1211 1522 1255 quo
1539 1198 1812 1255 potissimum

418 1256 569 1290 contra
595 1263 666 1293 vos
688 1264 953 1311 praeceptore
975 1272 1196 1304 armamur
1210 1278 1258 1306 ac
1277 1265 1487 1324 principe.
1511 1270 1566 1312 Ut
1581 1284 1684 1328 ergo
1704 1269 1811 1330 quid

417 1316 496 1359 tibi
521 1319 754 1365 dicendum
779 1325 854 1379 sit,
882 1339 1199 1388 consequenter
1217 1347 1424 1391 agnoscas
1449 1355 1457 1381 ε
1483 1339 1515 1381 si
1538 1339 1646 1383 mihi
1667 1350 1709 1385 et
1732 1341 1812 1385 tibi

417 1402 548 1447 super
576 1392 658 1436 hoc
683 1404 791 1439 esset
813 1396 934 1441 nulla
962 1398 1189 1458 dissensio,
1217 1406 1337 1463 quod
1357 1409 1592 1466 Apostolus
1623 1411 1814 1456 naturali

418 1469 597 1515 peccato
619 1464 959 1512 Manichaeorum
982 1469 1139 1529 dogma
1163 1474 1374 1531 firmaret,
1402 1487 1507 1524 tunc
1528 1489 1654 1524 tuum
1678 1491 1810 1542 caput

418 1532 602 1586 petenti,
630 1533 754 1579 illum
777 1549 1026 1585 constanter
1048 1558 1286 1602 opponeres
1313 1566 1321 1591 z
1344 1563 1462 1594 nunc
1491 1565 1594 1596 vero
1620 1568 1719 1597 cum
1745 1554 1811 1597 in-

416 1599 630 1647 violabilis
653 1606 769 1664 apud
795 1624 864 1653 me
886 1613 1075 1670 magistri
1106 1616 1301 1674 gentium
1324 1619 1513 1679 dignitas
1534 1633 1804 1682 perseveret,

415 1671 594 1731 ejusque
617 1678 748 1722 verba
763 1688 838 1724 tua
859 1680 960 1726 laedi
977 1687 1248 1744 expositione
1265 1705 1353 1734 non
1378 1693 1538 1750 patiar,
1559 1696 1635 1754 qui
1651 1711 1806 1740 secun-

414 1741 520 1785 dum
554 1746 747 1803 regulam
777 1752 990 1809 prolatam
1017 1757 1193 1802 rationis
1221 1761 1355 1806 stulto
1379 1763 1577 1823 impuro,
1606 1776 1649 1810 ct
1676 1767 1808 1827 impio

414 1828 556 1859 assero
577 1818 772 1876 dogmati
795 1838 1038 1884 repugnare
1055 1863 1065 1881 ,
1087 1830 1286 1891 nihilque
1309 1849 1408 1878 eum
1432 1851 1510 1895 pro
1533 1847 1713 1897 peccato
1734 1855 1808 1883 na-

412 1885 539 1929 turali
561 1886 714 1934 dixisse
732 1895 972 1954 convinco,
997 1914 1083 1958 qua
1107 1909 1155 1943 tu
1177 1901 1448 1961 impudentia
1466 1907 1645 1966 ingeris,
1671 1918 1721 1953 ut
1737 1909 1808 1954 vel

415 1970 493 2014 pro
527 1966 569 2002 te
601 1962 707 2006 mihi
735 1964 806 2009 ille
833 1971 1089 2026 respondeat
1106 2007 1115 2025 ,
1143 1973 1218 2033 qui
1242 1990 1331 2019 non
1355 1977 1667 2037 interrogatur,
1693 1996 1807 2040 quo-

412 2027 527 2072 niam
551 2046 630 2075 nec
653 2033 708 2077 de
732 2036 824 2095 ejus
850 2040 1057 2098 sapientia
1086 2042 1338 2103 dubitatur,
1370 2048 1439 2092 vel
1467 2065 1536 2094 me
1557 2050 1806 2096 vociferaris

409 2097 527 2142 nolle
556 2103 707 2146 audire
735 2107 790 2149 ab
813 2111 1048 2167 Apostolo,
1081 2116 1199 2173 quod
1230 2117 1274 2159 in
1301 2126 1342 2161 te
1364 2119 1419 2162 ab
1442 2121 1650 2180 Apostolo
1679 2123 1805 2167 nobis

410 2168 567 2213 tradita
590 2171 890 2234 intelligentiae
908 2181 1090 2227 sanitate
1113 2185 1330 2231 detestor?
1355 2206 1376 2228 »

470 2242 762 2289 Avensa-mus.
799 2250 1022 2309 Numquid
1047 2269 1136 2298 non
1166 2266 1261 2314 post
1289 2259 1485 2317 Apostoli
1508 2263 1642 2306 verba
1674 2279 1696 2308 a
1730 2277 1802 2307 me

411 2307 662 2369 interposita
691 2316 799 2360 nihil
827 2319 946 2365 aliud
975 2339 1107 2381 quam
1141 2334 1283 2370 tacere
1318 2329 1537 2374 debuisti?
1566 2335 1623 2377 Et
1658 2342 1803 2378 tamen

412 2390 563 2426 contra
580 2383 652 2428 illa
673 2387 783 2431 nihil
800 2389 968 2446 dicem,
995 2408 1074 2438 nec
1090 2397 1331 2442 secundum
1349 2399 1422 2444 illa
1442 2401 1607 2462 aliquid
1629 2404 1799 2459 dicem,

410 2449 518 2493 mihi
536 2467 625 2497 non
647 2464 760 2501 taces
774 2493 784 2513 ‚
803 2461 990 2520 etjactas
1012 2463 1125 2509 inter
1140 2476 1294 2512 caetera
1312 2504 1322 2524 ,
1341 2470 1462 2529 quod
1476 2488 1556 2531 ego
1571 2474 1648 2518 sim
1670 2482 1804 2534 caput

410 2517 567 2566 horum
602 2534 645 2569 et
678 2543 805 2574 causa
837 2532 1054 2578 malorum
1081 2555 1089 2579 :
1113 2537 1236 2596 quasi
1263 2553 1343 2597 ego
1368 2542 1486 2600 prior
1514 2543 1583 2588 vel
1604 2544 1803 2589 credide-

462 2612 470 2627 ¹
496 2608 586 2640 Rom.
610 2621 681 2647 xm,
702 2613 732 2645 3.
751 2631 789 2637 -
806 2621 818 2637 2
843 2617 920 2650 Vide
938 2617 994 2651 lib.
1022 2630 1030 2651 ι
1049 2621 1161 2663 Operis
1181 2623 1292 2664 prioris
1318 2629 1429 2659 contra
1447 2627 1562 2661 Julian.
1584 2639 1656 2672 cap.
1681 2640 1710 2662 ι.
