1821 3264
414 228 466 253 DE
498 225 788 252 coaunprrom:
820 226 874 253 Er
905 227 1076 254 eumn.
1387 220 1437 255 10

57 306 129 334 eos
155 291 255 335 vitae
277 291 404 350 hujus
425 289 522 332 finis
543 289 736 332 inveniat
757 309 768 346 3
792 290 945 347 procul
963 290 1103 335 dubio
1125 304 1205 335 nec
1225 290 1301 335 illo
1323 300 1436 335 tem-

57 376 178 420 pore,
208 375 296 420 quo
329 360 440 403 bene
467 359 625 419 pieque
647 359 816 414 vivunt,
842 359 888 403 in
906 360 1084 405 istorum
1113 376 1297 407 numero
1317 377 1438 407 com-

58 430 243 491 putandi.
258 439 374 475 sunt.
394 433 492 476 Non
508 429 623 474 enim
640 437 741 474 sunt
758 445 782 474 a
797 444 932 474 massa
948 430 1023 476 illa
1035 433 1288 490 perditionis
1304 449 1439 493 praes-

58 501 213 547 cientia
235 501 312 545 Dei
333 510 377 546 et
397 500 774 560 praedestinatione
795 499 991 559 discreti3
1011 510 1056 546 et
1073 501 1171 546 ideo
1187 518 1268 548 nec
1284 519 1441 549 secun-

59 573 166 618 dum
185 572 454 631 propositum
473 572 640 629 vocati,
666 586 715 616 ac
735 587 814 631 per
832 573 916 618 hoc
937 587 1017 618 nec
1038 573 1164 619 electi
1188 595 1197 622 :
1220 575 1295 619 sed
1316 576 1361 619 in
1382 577 1442 621 eis

58 643 222 696 vocati,
251 641 307 686 de
338 642 495 703 quibus
523 642 688 687 dictum
714 652 802 699 est,
835 662 856 687 «
883 645 1011 690 multi
1038 648 1208 704 vocati3
1237 664 1258 688 »
1285 662 1373 691 non
1398 647 1443 690 in

60 713 120 757 eis
136 712 296 772 quibus
305 712 471 757 dictum
487 722 565 768 est,
587 732 607 756 «
626 715 753 771 pauci
769 729 873 760 vero
887 714 1054 760 electi1.
1078 735 1098 758 »
1116 720 1174 761 Et
1190 725 1335 761 tamen
1349 717 1444 776 quis

60 792 189 842 neget
207 799 279 828 eos
299 784 456 828 electos
471 818 482 839 ,
507 799 609 828 cum
625 784 832 841 credunt,
855 795 901 830 et
918 786 1211 846 baptizantur,
1237 796 1281 831 et
1296 801 1446 831 secun-

61 853 168 898 dum
203 858 342 899 Deum
374 855 563 900 vivunt?
596 854 729 901 Plane
758 856 966 902 dicuntur
997 858 1123 903 electi
1156 874 1179 902 a
1211 856 1446 902 nescienti-

61 925 142 969 bus
164 926 270 986 quid
293 925 430 971 futuri
453 928 563 983 sint,
592 943 682 973 non
710 929 766 973 ab
793 928 870 974 illo
897 929 974 990 qui
999 944 1072 974 eos
1099 929 1221 974 novit
1248 944 1337 974 non
1364 929 1446 972 ha-

61 995 164 1040 here
176 999 537 1056 perseverantiam
550 1014 650 1059 quae
663 1000 718 1044 ad
729 1000 1041 1046 beatamvitam
1055 999 1257 1061 perducit
1271 1000 1447 1055 electos,

62 1067 229 1128 scitque
248 1068 343 1114 illos
364 1070 424 1114 ita
445 1079 574 1127 stare,
599 1080 650 1115 ut
669 1072 902 1131 praescierit
923 1087 1015 1116 esse
1035 1086 1224 1116 casuros·

121 1141 260 1184 XVII.
292 1140 374 1185 Hic
397 1142 431 1185 si
452 1156 477 1185 a
497 1156 567 1185 me
588 1152 826 1202 quaeratur,
851 1158 930 1187 cur
951 1143 1010 1186 eis
1031 1145 1148 1187 'Deus
1170 1154 1450 1201 perseveran-

64 1209 169 1253 tiam
184 1225 272 1254 non
296 1211 481 1267 dederit,
505 1212 666 1272 quibus
685 1228 781 1257 eam
799 1229 886 1273 qua
907 1214 1141 1258 christiane
1161 1213 1375 1267 viverent,
1391 1210 1452 1254 di-

62 1278 295 1325 lectionem
313 1281 434 1325 dedit
456 1301 465 1326 :
486 1297 557 1326 me
578 1284 778 1341 ignorare
795 1284 1054 1343 respondeo.
1080 1285 1176 1329 Non
1195 1283 1312 1327 enim
1335 1295 1454 1325 arro-

65 1360 240 1410 ganter,
267 1351 343 1396 sed
360 1367 596 1411 agnoscens
624 1353 854 1396 modulum
880 1367 1028 1396 meum
1044 1387 1055 1407 ,
1084 1353 1214 1396 audio
1236 1353 1454 1396 dicentem

65 1421 340 1481 Apostolum,
357 1440 378 1465 «
395 1424 432 1466 0
449 1424 597 1478 homo,
619 1431 668 1467 tu
680 1424 777 1482 quis
794 1438 837 1466 es
854 1423 932 1483 qui
948 1421 1209 1481 respondeas
1226 1422 1343 1465 Deo?
1359 1438 1378 1461 »
1391 1429 1450 1474 et,

71 1510 91 1534 «
117 1494 158 1536 O
181 1493 366 1537 altitudo
394 1494 643 1539 divitiarum
668 1495 888 1553 sapientiae
913 1502 956 1537 et
985 1493 1176 1538 scientiae
1200 1492 1298 1547 Dei,
1323 1505 1455 1552 quam

70 1580 91 1603 »
113 1563 410 1608 inscrutabilia
445 1573 547 1608 sunt
583 1563 747 1624 judicia
787 1565 900 1624 ejus,
940 1573 983 1608 et
1014 1562 1334 1622 investigabiles
1375 1562 1457 1605 viae

72 1651 92 1675 »
116 1634 272 1693 ejus2?
292 1652 312 1676 »
335 1639 558 1688 Quantum
580 1635 728 1694 itaque
752 1636 878 1680 nobis
897 1633 1062 1695 judicia
1083 1650 1159 1680 sua
1180 1632 1458 1678 manifestare

71 1703 292 1763 dignatur,
309 1707 465 1764 gratias
486 1720 662 1763 agamus
681 1725 689 1750 z
711 1715 925 1765 quantum
939 1721 1042 1751 vero
1059 1704 1326 1749 abscondere
1341 1737 1352 1758 ,
1371 1717 1460 1746 non

72 1774 276 1820 adversus
297 1777 387 1836 ejus
413 1776 644 1822 consilium
676 1792 1022 1831 murmuremus,
1062 1776 1137 1820 sed
1166 1777 1250 1819 hoc
1282 1788 1459 1833 quoque

74 1846 200 1889 nobis
231 1845 564 1890 saluberrimum
603 1861 692 1890 esse
720 1846 963 1890 credamus.
997 1848 1064 1889 Tu
1093 1854 1237 1888 autem
1269 1843 1462 1903 quisquis

73 1915 276 1960 inimicus
297 1918 388 1976 eju-s
406 1917 555 1975 gratiae
576 1918 635 1960 sic
651 1917 913 1974 interrogas,
934 1918 1024 1974 ipse
1041 1915 1148 1974 quid
1172 1915 1305 1958 dicis?
1325 1916 1457 1966 Bene,

75 1985 196 2046 quod
212 1995 255 2030 te
274 2001 364 2031 non
379 2001 510 2045 negas
527 2001 617 2030 esse
634 1985 946 2040 Christianum,
967 1994 1011 2028 et
1030 1984 1290 2029 catholicum
1311 1984 1463 2041 jactas.

80 2056 122 2101 Si
151 2070 252 2114 ergo
282 2057 525 2111 confiteris,
557 2055 724 2100 donum
761 2055 840 2099 Dei
868 2070 959 2099 esse
981 2068 1253 2114 perseverare
1281 2054 1327 2097 in
1348 2053 1464 2097 bono

78 2143 216 2188 usque
251 2128 299 2172 in
333 2129 491 2186 finem,
522 2142 599 2171 cur
632 2128 717 2172 hoc
738 2126 904 2171 donum
940 2125 1013 2170 ille
1041 2126 1243 2185 accipiat,
1278 2123 1351 2167 ille
1377 2137 1465 2166 non

81 2199 288 2258 accipiat,
317 2209 425 2259 puto
454 2200 573 2260 quod
607 2213 780 2243 mecum
802 2198 963 2257 pariter
990 2197 1148 2250 nescis,
1174 2205 1216 2240 et
1242 2194 1371 2239 ambo
1393 2193 1464 2237 hic

82 2270 379 2315 inscrutabilia
411 2270 574 2330 judicia
602 2270 677 2313 Dei
707 2277 934 2328 penetrare
970 2282 1061 2311 non
1092 2280 1335 2326 possumus.
1377 2267 1466 2308 Aut

83 2341 117 2383 si
143 2339 199 2384 ad
225 2339 416 2384 liberum
443 2340 670 2385 arbitrium
713 2338 897 2383 hominis
913 2372 924 2392 ,
949 2337 1070 2397 quod
1102 2352 1191 2380 non
1224 2332 1467 2379 secundum

83 2411 162 2455 Dei
193 2411 401 2470 gratiam,
426 2411 502 2456 sed.
536 2420 686 2456 contra
727 2424 823 2454 eam
853 2407 1074 2463 defendis,
1108 2406 1324 2466 pertinere
1366 2402 1472 2447 dicis

85 2490 136 2525 ut
164 2491 409 2540 perseveret
437 2485 482 2526 in
505 2483 622 2527 hono
644 2481 852 2542 quisque,
882 2479 951 2525 vel
972 2494 1062 2523 non
1091 2484 1359 2537 perseveret,
1385 2489 1473 2517 non

137 2571 145 2589 ¹
165 2565 279 2599 Matth-
302 2576 335 2607 x,
359 2566 410 2599 16.
424 2572 492 2590 -2
512 2569 605 2600 Rom·
625 2577 669 2606 ix,
694 2576 745 2599 ro.
762 2580 803 2589 -
817 2561 898 2598 31d.
920 2574 965 2605 xi,
987 2562 1040 2595 33.
1266 2614 1289 2651 2
