1884 3285
451 240 532 278 238
869 248 902 273 s.
939 243 1022 272 Aue
1032 245 1168 273 us’rim
1200 245 1380 272 EPlsCOPI

446 328 491 357 se
511 320 591 364 est,
618 309 770 354 humili
790 309 893 352 huic
925 317 969 352 et
997 310 1227 353 tenebroso
1255 309 1351 352 luto
1373 309 1603 367 conjuncta
1618 341 1629 363 ,
1654 318 1825 354 revocet

447 396 496 425 ac
529 380 722 424 reflectat
751 379 805 422 ad
830 381 985 423 Deum,
1023 378 1104 422 Vel
1143 380 1176 423 si
1211 388 1326 432 certe
1358 378 1546 437 propitio
1576 381 1665 422 Deo
1702 387 1822 436 agat,

447 459 684 509 utrumque
719 449 877 507 pariter
908 449 1148 505 revocabit3
1173 450 1208 493 si
1239 458 1384 493 tamen
1417 448 1550 507 longa
1582 456 1626 492 et
1659 447 1826 494 assidua

447 519 730 564 meditatione
763 520 977 563 insuescat
1007 534 1174 563 sursum
1202 534 1370 578 semper
1395 519 1603 578 aspicere,
1628 527 1672 562 et
1698 518 1827 562 deor-

448 605 543 634 sum
577 589 689 633 male
716 590 961 633 trahentem
989 604 1037 633 ac
1071 588 1378 648 degravantem
1407 589 1628 633 materiam
1659 587 1829 633 sibimet

449 660 666 704 astrictam
698 658 843 704 fraenis
864 660 1121 704 arctioribus
1149 660 1389 705 sublevare.
1417 662 1519 704 Haec
1539 659 1713 703 dicebat
1729 659 1830 704 bea-

449 739 518 775 tus
535 731 791 789 Gregorius,
812 745 901 774 non
923 732 1035 774 inter
1055 731 1263 790 principia
1285 730 1598 775 emendationis
1619 745 1708 774 suae
1722 763 1735 784 ‚
1756 711 1851 790 sed}

443 802 534 860 jam
567 803 816 860 episcopus,
854 801 1002 846 volens
1036 817 1279 861 exponere,
1315 802 1384 847 vel
1420 802 1564 860 potius
1596 816 1695 859 quae
1730 808 1831 845 nota

447 880 550 915 sunt
564 905 574 925 ‚
600 871 859 925 admonere,
878 871 924 914 in
941 872 1060 931 quali
1077 882 1331 932 quantoque
1348 872 1584 917 certamine
1601 886 1702 915 cum
1720 870 1831 916 vitiis

447 940 750 996 interioribus,
793 951 970 1000 propter
1018 957 1176 1000 corpus
1220 942 1340 1002 quod
1379 951 1582 1001 aggravat
1620 941 1828 996 animam,

447 1012 672 1056 constituti
689 1013 774 1056 sint
795 1013 945 1056 sancti.
967 1011 1096 1064 Quod
1117 1023 1336 1057 certamen
1352 1014 1504 1072 utique
1518 1028 1606 1057 non
1617 1011 1770 1056 fuisset
1788 989 1854 1067 inl
1881 1016 1884 1044 l

449 1081 524 1125 illo
546 1083 685 1126 beatae
710 1082 823 1140 pacis
840 1081 954 1136 loco,
974 1082 1020 1125 id
1046 1091 1110 1125 est
1127 1117 1137 1136 ‚
1163 1083 1360 1140 paradiso
1384 1082 1637 1126 deliciarum
1665 1071 1854 1141 sancta-l

450 1168 565 1207 rum,
587 1153 622 1197 si
645 1169 774 1196 nemo
804 1161 1036 1215 peccasset.
1071 1156 1169 1197 Non
1202 1153 1317 1196 enim
1351 1168 1508 1211 corpus
1536 1152 1684 1196 mortis
1708 1145 1855 1234 hujus!

449 1224 510 1266 ibi
539 1232 669 1277 esset⁷
698 1224 820 1282 cujus
847 1222 1211 1280 corruptibilitate
1244 1224 1386 1267 anima
1413 1224 1688 1281 gravaretur¹
1729 1240 1739 1266 ε
1763 1218 1855 1294 sedl

449 1308 606 1352 corpus
629 1294 727 1336 vitae
749 1293 864 1337 illius
881 1328 891 1347 ,
929 1294 1005 1337 ubi
1032 1309 1121 1338 non
1157 1309 1257 1338 caro
1284 1295 1609 1353 concupisceret
1634 1293 1860 1752 adversus&

1857 1948 1861 1975 ι

450 1364 676 1423 spiritum,
702 1373 752 1408 ut
779 1379 951 1408 necesse
973 1373 1081 1408 esset
1099 1364 1268 1423 spiritui
1301 1364 1608 1423 concupiscere
1635 1363 1837 1407 adversus

450 1450 623 1478 carnem
641 1456 651 1492 3
671 1434 746 1478 sed
774 1433 890 1478 felici
917 1435 1145 1494 utriusque
1175 1433 1408 1479 concordia
1430 1445 1587 1478 natura
1616 1434 1838 1478 laetaretur

450 1504 657 1547 humana.
679 1504 721 1548 Si
736 1518 840 1562 ergo
856 1504 1120 1548 Manichaeos
1142 1505 1466 1548 introducentes
1485 1504 1615 1548 aliam
1637 1512 1839 1546 naturam

450 1572 553 1616 mali
578 1582 710 1632 atque
731 1574 1017 1617 substantiam
1041 1589 1287 1632 expugnare
1310 1574 1464 1629 velles,
1494 1590 1584 1618 non
1605 1572 1836 1632 adjuvare3

451 1642 647 1701 profecto
671 1644 770 1686 istas
800 1643 1003 1686 omuibus
1031 1653 1199 1701 apertas
1221 1661 1244 1687 a
1265 1644 1455 1702 parvulis
1478 1644 1734 1703 incipientes
1757 1644 1840 1687 hu-

452 1727 592 1756 manae
620 1713 721 1757 vitae
750 1713 936 1756 miserias
964 1728 1065 1756 cum
1090 1714 1173 1757 tuis
1195 1712 1501 1773 deceptoribus
1525 1729 1614 1758 non
1637 1726 1837 1770 negares3

448 1781 524 1824 sed
546 1782 664 1825 unde
685 1783 731 1825 in
752 1797 821 1825 eas
844 1781 1033 1840 collapsa
1055 1783 1107 1826 sit
1134 1791 1279 1826 nostra
1308 1794 1486 1838 natura,
1511 1799 1609 1843 quae
1634 1783 1758 1827 beata
1777 1789 1840 1826 est

450 1852 649 1910 primitus
671 1852 884 1907 instituta,
909 1867 1010 1897 cum
1027 1854 1250 1899 catholicis
1271 1853 1477 1899 fidelibus
1498 1862 1541 1898 et
1563 1852 1839 1913 praeclarissi-

452 1922 532 1965 mis
553 1921 807 1966 doctoribus
830 1922 1012 1967 diceres.

510 1993 644 2045 Lxx.
671 1994 898 2036 Jummus.
928 1994 984 2035 Ut
1010 1992 1143 2050 igitur
1159 1991 1281 2050 quod
1306 1992 1471 2049 egimus
1489 1991 1735 2051 colligatur,
1754 2006 1834 2036 nec

451 2074 531 2118 ego
562 2060 687 2104 dictis
718 2062 800 2105 tuis
832 2059 1030 2105 fraudem
1067 2061 1217 2115 intuli,
1250 2076 1330 2105 nec
1361 2071 1406 2105 tu
1431 2062 1614 2106 attulisti
1647 2060 1832 2121 aliquid,

457 2131 578 2190 quod
604 2131 672 2175 vel
707 2132 909 2176 dilutiore
948 2131 1117 2190 pietatis
1153 2132 1298 2176 colore
1335 2131 1638 2191 perfunderes,
1676 2128 1864 2199 nedum}

459 2201 689 2259 Scripturis
724 2203 905 2246 testibus
939 2202 1218 2261 approbares.
1247 2205 1335 2248 Nec
1358 2204 1441 2247 hoc
1469 2203 1591 2263 quod
1618 2212 1668 2246 tu
1692 2200 1864 2261 putas‚“j

459 2271 670 2316 intellexit
699 2273 931 2332 Apostolus
967 2292 976 2317 2
1008 2288 1087 2317 nec
1117 2273 1201 2317 alia
1236 2289 1409 2332 prorsus
1447 2275 1493 2318 in
1529 2272 1726 2333 paradiso
1760 2265 1860 2329 suits

461 2342 652 2387 conditio
689 2343 1030 2397 commixtionis,
1063 2358 1196 2402 quam
1229 2343 1368 2402 qualis
1403 2359 1521 2388 nunc
1557 2346 1603 2387 in
1631 2341 1842 2402 conjugiis

462 2413 618 2469 agitur,
644 2429 774 2472 quam
805 2429 828 2456 a
859 2428 903 2456 se
931 2412 1173 2456 institutam
1198 2416 1335 2468 Deus,
1368 2422 1456 2457 tam
1474 2414 1667 2472 ipsorum
1687 2411 1865 2483 condi-l

466 2482 582 2526 tione
600 2498 777 2527 sexuum
796 2492 840 2528 et
859 2481 1069 2542 qualitate
1090 2485 1401 2539 membrorum,
1425 2499 1556 2544 quam
1569 2482 1843 2544 frequentata
1861 2488 1865 2558 ¹

516 2571 524 2588 ¹
546 2565 613 2599 Gal.
631 2577 665 2607 v,
688 2577 738 2608 17.
1862 2564 1866 2634 Ι

1862 2635 1867 2792 ἒ

1862 2797 1867 2863 ,ε

1863 3057 1870 3246 J
