1884 3285
444 280 528 320 284
877 293 910 318 s.
946 291 1175 320 AUGUSTINI
1207 292 1388 320 1-:1218001’1

443 356 587 401 Liberi
608 355 748 400 fuistis
770 365 974 415 peccato;
998 372 1104 412 non,
1130 357 1273 402 Liberi
1298 356 1437 401 fuistis
1451 357 1655 417 justitiae:
1682 367 1730 403 ut
1752 358 1826 403 ille

442 427 660 472 diceretur
686 441 774 471 esse
800 425 910 470 liber
928 462 939 483 ,
957 428 1028 472 cui
1050 428 1302 487 operabitur
1322 429 1413 487 ipsa
1435 429 1628 473 libertas.
1652 430 1695 474 Si
1711 429 1825 473 enim
1864 486 1865 490 Ἰ

440 496 583 557 placet
599 497 727 541 etiam
748 513 926 541 casuum
946 513 1125 557 pensare
1147 507 1384 554 momenta,
1404 498 1508 543 huic
1530 498 1626 543 illos
1644 499 1826 559 justitiae

440 567 550 612 dixit
566 583 655 612 esse
672 567 847 623 liberos,
869 584 958 614 non
979 570 1033 613 ab
1058 570 1139 614 hac
1151 570 1317 630 justitia
1340 569 1515 614 liberos.
1543 572 1828 631 Consequen-
1870 620 1871 623 Ἰ

441 641 525 685 tius
550 655 652 698 ergo
676 640 754 683 hac
776 640 1022 685 elocutione
1049 657 1126 685 nos
1155 641 1481 702 adjuvaremur,
1513 641 1548 685 si
1575 641 1705 686 etiam
1738 651 1827 686 tam
1864 637 1877 701 ‘¹

438 711 553 755 leves
575 726 640 755 res
661 726 854 770 premere
880 710 1105 755 vellemus.
1133 711 1216 756 Sed
1233 712 1344 756 absit
1367 712 1449 756 hoc
1472 730 1480 756 ε
1499 726 1671 755 sensum
1693 711 1826 756 intel·
1864 760 1869 769 ,

439 781 612 839 ligimus
641 781 856 842 Apostoli,
886 791 929 827 et
966 782 1264 827 elocutionum
1285 782 1538 841 simpliciter
1559 786 1827 843 prolatarum

439 852 584 897 officio
600 854 797 898 contenti
813 869 977 898 sumus.
999 854 1115 900 Nihil
1139 854 1257 898 aliud
1272 853 1378 898 dixit
1393 854 1596 913 magister
1614 855 1825 912 gentium,

440 923 542 978 nisi,
570 924 715 968 Liberi
736 924 898 980 fuistis,
933 941 1021 969 non
1043 925 1250 980 servistis,
1270 925 1451 985 justitiae
1481 924 1682 969 :liberati
1702 925 1826 980 estis,
1864 914 1869 951 ξ

439 1002 718 1054 peccatorum
751 996 921 1040 veniam
953 997 1221 1055 suscepistis,
1253 1004 1456 1039 manente
1489 996 1653 1040 arbitrii
1694 995 1828 1040 liber·
1863 1019 1871 1059 Ι»

441 1074 552 1124 tate,
577 1081 805 1126 perquam
824 1076 1063 1126 potuerunt
1079 1075 1121 1110 et
1143 1074 1243 1111 ante
1269 1075 1464 1124 peccato,
1490 1075 1533 1109 et
1555 1075 1700 1125 postea
1725 1067 1829 1111 obe·
1863 1067 1865 1070 ’

439 1135 532 1180 dire
547 1137 743 1196 justitiae.

499 1209 790 1251 Atousnsus.
828 1210 891 1251 Ex
911 1207 994 1252 isto
1023 1207 1229 1251 haeretico
1263 1222 1413 1261 sensit,
1449 1223 1539 1268 quo
1576 1207 1718 1252 dicitis
1740 1224 1829 1253 non
1862 1264 1867 1273 ‚

436 1277 529 1321 fieri
558 1293 635 1337 per
673 1279 854 1337 gratiam
887 1277 1191 1323 liberationem
1229 1294 1252 1322 a
1284 1288 1490 1338 peccato,
1526 1279 1606 1323 nisi
1644 1295 1743 1323 cum
1775 1280 1829 1323 de

435 1350 655 1408 praeterito
679 1350 890 1409 accipitur
912 1351 1061 1405 venia,
1086 1365 1177 1394 non
1193 1360 1339 1394 autem
1358 1351 1486 1394 etiam
1510 1366 1564 1394 ne
1579 1351 1830 1395 dominetur

434 1429 662 1478 peccatum
680 1456 690 1475 ,
717 1436 818 1465 cum
846 1422 1031 1481 quisque
1049 1437 1072 1465 a
1097 1422 1447 1481 concupiscentia
1468 1438 1542 1466 sua
1561 1423 1750 1466 trahitur
1782 1423 1827 1466 in

433 1491 524 1550 ejus
547 1506 793 1550 assensum,
813 1492 942 1536 etiam
957 1502 1207 1536 sanctorum
1228 1493 1498 1536 orationibus
1515 1492 1824 1537 contradicitis.

434 1563 489 1607 Ut
513 1561 620 1622 quid
642 1564 759 1606 enim
786 1566 875 1607 Deo
901 1563 1062 1608 dicitur
1078 1599 1088 1617 ,
1124 1583 1144 1605 «
1177 1566 1241 1608 Ne
1263 1579 1340 1608 nos
1368 1563 1525 1608 inferas
1547 1565 1592 1609 in
1614 1564 1823 1609 tentatio-

436 1649 456 1673 »
482 1635 606 1676 nem¹
627 1654 638 1691 3
667 1654 684 1675 »
703 1634 752 1688 si,
780 1643 828 1678 ut
844 1634 927 1678 hoc
950 1649 1041 1678 non
1063 1635 1160 1688 fiat,
1186 1634 1230 1677 in
1253 1634 1378 1678 liberi
1407 1634 1572 1678 arbitrii
1604 1636 1740 1679 nostri
1760 1645 1823 1680 est

431 1711 659 1761 potestate,
686 1703 807 1763 quod
827 1704 953 1749 nobis
975 1704 1228 1748 naturaliter
1250 1705 1427 1749 insitum
1446 1707 1603 1749 estPUt
1625 1706 1732 1765 quid
1756 1707 1824 1749 di—

430 1774 489 1817 cit
506 1774 758 1833 Apostolus,
786 1794 805 1817 «
831 1777 1016 1819 Oramus
1034 1785 1181 1820 autem
1203 1774 1257 1819 ad
1281 1779 1436 1830 Deum,
1460 1791 1514 1820 ne
1535 1775 1643 1836 quid
1661 1775 1823 1820 faciatis
1873 1803 1875 1808 π

433 1861 452 1884 »
477 1843 630 1887 mali2·
657 1863 677 1886 »
709 1846 742 1888 si
774 1848 886 1889 Deus
921 1861 1010 1890 non
1037 1845 1194 1889 liberat
1232 1861 1254 1889 a
1289 1845 1500 1905 peccatis,
1539 1846 1620 1890 nisi
1650 1848 1821 1891 veniam

429 1912 576 1960 dando
596 1881 852 1975 p’raeteritis?

487 1987 602 2031 CIX.
630 1990 655 2030 J
662 2005 857 2032 numus,
889 2006 908 2030 «
933 1989 1129 2048 Denique
1150 1986 1257 2047 quid
1281 1988 1522 2033 exhortatio
1544 1989 1675 2047 ipsius
1697 1998 1820 2033 tene-

427 2065 516 2111 ret,
551 2058 770 2113 ostendit,
806 2059 1090 2118 praemittens.
1121 2078 1140 2100 «
1174 2061 1426 2103 Humanum
1459 2069 1523 2103 est
1554 2059 1675 2119 quod
1697 2059 1816 2114 dico,

429 2144 449 2167 »
475 2137 653 2186 propter
680 2128 975 2173 infirmitatem
1008 2129 1148 2173 carnis
1182 2139 1334 2173 vestrae
1368 2150 1376 2174 :
1402 2131 1514 2174 sicut
1542 2132 1656 2175 enim
1695 2131 1819 2174 exhi-

431 2215 451 2238 »
476 2198 629 2243 buistis
652 2201 846 2244 membra
878 2209 1017 2245 vestra
1035 2201 1193 2245 servire
1216 2200 1510 2245 immunditiae
1533 2212 1576 2245 et
1601 2202 1819 2262 iniquitati
1856 2228 1862 2251 ι,

432 2287 451 2310 »
476 2269 532 2313 ad
552 2271 856 2331 iniquitatem,
881 2273 939 2316 ita
962 2288 1081 2318 nunc
1102 2273 1306 2317 exhibete
1336 2273 1533 2317 membra
1565 2283 1705 2318 vestra
1729 2289 1819 2318 ser·
1857 2297 1863 2333 ς

432 2360 449 2381 »
470 2342 560 2385 vire
573 2344 752 2402 justitiae
773 2345 819 2388 in
836 2344 1222 2389 sanctificationem
1246 2363 1254 2388 :
1280 2360 1380 2388 cum
1402 2346 1520 2388 enim
1541 2346 1652 2389 servi
1674 2347 1817 2390 essetis
1856 2380 1861 2392 .

430 2430 449 2452 »
471 2414 658 2470 peccati,
682 2413 809 2458 liberi
834 2413 969 2458 fuistis
991 2415 1211 2475 justitiae?
1243 2433 1262 2456 »
1286 2414 1613 2459 Ordinatissime
1638 2431 1816 2475 prorsus

425 2483 536 2541 ipsos
555 2484 661 2528 dicit
677 2485 836 2530 liberos
852 2484 984 2529 fuisse
995 2486 1189 2545 justitise,
1206 2482 1318 2544 quos
1336 2497 1599 2531 convenerat
1615 2496 1663 2531 ut
1682 2502 1814 2531 mem·
1856 2477 1859 2501 ³
1880 2535 1884 2540 ,

426 2552 500 2596 bra
524 2568 599 2597 sua
621 2555 666 2598 in
687 2557 806 2600 omni
827 2556 1169 2600 sanctificatione
1186 2556 1435 2600 retinerent.
1881 2553 1884 2561 ³

474 2645 482 2659 ¹
506 2638 618 2670 matth.
641 2650 689 2679 vr,
712 2640 762 2672 13.
778 2658 818 2663 -
836 2647 848 2662 2
869 2649 887 2672 2
906 2641 978 2673 Cor.
1001 2652 1069 2683 ¹111,
1091 2651 1120 2682 7.
1137 2639 1207 2664 -3
1230 2643 1320 2673 Rom.
1340 2651 1382 2679 vr,
1407 2652 1446 2682 ¹9
1463 2644 1495 2673 et
1513 2649 1563 2672 ¹20.
