1884 3285
438 250 521 289 414
880 257 913 284 s.
951 257 1180 285 annosum
1215 258 1395 286 EPISCOPI

435 325 552 378 citis,
577 326 738 367 Omnes
759 330 862 366 sunt
890 320 1147 366 naturaliter
1167 330 1414 381 peccatores
1443 339 1453 364 ι
1479 319 1711 379 Apostolus
1741 336 1822 364 au-
1863 297 1884 334 ξ

435 403 523 437 tem
545 393 676 447 dicit,
705 391 834 437 Multi
863 400 986 445 sunt,
1012 407 1102 435 non
1134 407 1306 446 omnes,
1331 399 1600 450 peccatores:
1626 399 1823 435 removet

433 465 750 508 accusationem
774 479 798 506 a
821 462 1057 506 seminibus
1078 478 1178 521 quae
1200 471 1393 506 armatur
1409 462 1455 505 in
1474 475 1638 516 mores,
1660 470 1703 505 et
1724 461 1822 504 des-

432 534 539 577 truit
560 532 769 593 originale
791 541 1038 592 peccatum.
1065 534 1210 592 thue
1227 533 1311 577 hoc
1331 532 1473 591 ipsum
1495 530 1612 590 quod
1633 531 1818 590 egimus,
1872 551 1879 588 .'

432 619 660 663 urgeamus
688 624 696 649 ε
722 605 964 664 praescribit
989 604 1244 662 Apostolus,
1268 604 1430 648 multos
1451 602 1612 647 debere
1638 602 1822 661 intelligi
1872 605 1876 642 ὲ

432 690 509 734 per
546 675 652 720 Adae
683 675 1026 720 inobedientiam
1064 684 1335 733 peccatores3
1374 673 1535 719 multos
1568 682 1716 718 autem
1743 689 1821 733 per
1874 678 1880 731 f

430 745 589 790 Christi
626 745 921 790 obedientiam
946 746 1108 804 justos;
1141 760 1214 790 eos
1248 747 1402 805 utique
1437 745 1514 804 qui
1550 744 1657 804 justi
1693 752 1816 799 sunt,

430 816 662 860 ostendens
686 816 742 859 ab
764 815 868 869 illis,
898 815 975 874 qui
996 815 1215 860 criminosi
1243 824 1367 870 sunt,
1392 830 1482 859 esse
1505 815 1710 862 discretos
1737 833 1746 858 :
1771 822 1821 858 tu
1872 841 1877 855 .

429 900 516 943 qua
533 885 804 944 impudentia
821 886 1115 943 argumentari
1132 885 1302 940 niteris,
1323 894 1373 928 ut
1395 900 1444 928 ex
1467 883 1531 929 his
1548 883 1820 928 sermonibus
1872 903 1877 934 t

428 955 586 1013 probes
616 954 814 999 naturale
837 957 1096 1014 peccatum?
1120 956 1226 999 Nam
1260 970 1360 999 cum
1385 954 1494 999 dicis
1526 969 1676 998 omnes
1703 953 1821 998 nasci
1873 1005 1878 1010 Δ

428 1025 680 1070 criminosos
697 1042 774 1084 per
797 1025 934 1070 Adam
949 1059 958 1077 ,
985 1035 1028 1069 et
1053 1035 1231 1084 propter
1250 1026 1334 1069 hoc
1357 1024 1412 1069 ad
1433 1023 1661 1068 diabolum
1684 1023 1820 1082 perti-

428 1110 532 1139 nere
549 1132 559 1151 ‚
588 1096 663 1140 sed
684 1097 851 1154 aliquos
873 1096 975 1139 inde
996 1110 1074 1153 per
1095 1095 1314 1139 Christum
1335 1103 1480 1154 postea
1502 1093 1706 1152 liberari3
1730 1109 1821 1139 non

428 1166 512 1209 hoc
545 1167 675 1210 sentis
712 1165 834 1225 quod
865 1164 1123 1223 Apostolus,
1156 1165 1233 1224 qui
1265 1165 1399 1220 dicit,
1436 1180 1525 1209 non
1561 1180 1710 1209 omnes
1745 1179 1820 1224 per
1872 1200 1874 1219 ς

430 1234 570 1279 Adam
593 1244 842 1294 peccatores
861 1235 1121 1279 constitutos
1138 1250 1228 1279 esse
1242 1270 1253 1290 ‚
1273 1236 1349 1280 sed
1367 1235 1542 1279 multos.
1573 1252 1593 1275 »

488 1309 780 1352 Arctssrnws.
816 1307 1032 1360 Quoniam
1068 1322 1157 1350 non
1185 1315 1249 1350 est
1270 1306 1565 1359 contrarium,
1591 1305 1703 1350 sicut
1728 1306 1819 1365 jam

429 1376 720 1432 ostendimu52
742 1386 794 1431 *ut
827 1376 958 1420 iidem
992 1376 1079 1420 sint
1106 1374 1257 1431 multi,
1282 1376 1359 1435 qui
1386 1386 1489 1420 sunt
1515 1390 1692 1432 omnes3
1720 1373 1820 1419 ideo

427 1463 537 1506 quos
560 1447 719 1492 multos
736 1484 746 1502 ,
771 1447 943 1492 eosdem
963 1462 1114 1491 omnes
1136 1446 1370 1506 Apostolus
1391 1445 1498 1490 dicit
1519 1465 1528 1490 ;
1555 1461 1645 1490 non
1667 1460 1818 1491 omnes

427 1526 572 1561 autem
588 1553 600 1571 ,
625 1534 715 1562 non
735 1517 989 1576 Apostolus,
1014 1516 1088 1561 sed
1111 1526 1160 1561 tu
1178 1517 1312 1574 dicis;
1338 1532 1387 1562 ac
1410 1532 1488 1576 per
1505 1517 1590 1560 hoc
1606 1514 1817 1575 Apostolo
1873 1507 1881 1580 ξςΙ

427 1587 698 1632 contradicis.
736 1590 900 1631 Verum
928 1596 991 1631 est
1025 1596 1170 1631 autem
1209 1586 1443 1646 Apostolus
1480 1585 1586 1631 dicit
1617 1605 1625 1630 ε
1656 1585 1817 1630 falsum
1872 1597 1879 1616 ’-

427 1671 530 1715 ergo
547 1657 669 1716 quod
691 1666 739 1701 tu
758 1656 880 1701 dicis.
904 1660 958 1701 Et
973 1657 1094 1716 quod
1116 1657 1314 1716 superius
1330 1656 1474 1700 dixisti
1487 1658 1499 1682 ¹
1512 1691 1523 1711 ‚
1551 1675 1570 1697 «
1590 1655 1817 1713 vigilanter

426 1727 663 1771 inculcasse
695 1726 953 1786 Apostolum
969 1762 980 1781 ,
1006 1727 1148 1772 Multo
1172 1727 1307 1785 magis
1329 1726 1465 1785 gratia
1488 1726 1563 1769 Dei
1585 1734 1629 1770 et
1649 1724 1815 1770 donum
1875 1735 1881 1783 j

426 1798 555 1842 unius
578 1798 766 1842 hominis
789 1800 891 1842 Jesu
908 1798 1072 1843 Christi
1096 1799 1141 1842 in
1163 1797 1307 1856 plures
1330 1796 1597 1854 abundavit3
1623 1814 1643 1838 »
1667 1796 1816 1841 volens

425 1867 630 1927 intelligi,
655 1869 755 1913 ideo
776 1868 921 1927 plures
943 1867 1082 1913 dictos
1097 1904 1107 1923 ‚
1133 1869 1235 1928 quia
1256 1868 1454 1927 pervenit
1479 1868 1614 1926 gratia
1641 1868 1732 1926 ejus
1760 1868 1815 1911 ad

425 1938 629 1997 parvulos
649 1974 660 1993 ‚
686 1939 741 1982 ad
771 1954 882 1998 quos
903 1939 1087 1983 imitatio
1109 1939 1236 1998 primi
1263 1938 1452 1984 hominis
1478 1953 1566 1982 non
1588 1938 1775 1997 pertinet
1796 1956 1812 1987 y:

426 2018 502 2052 aut
522 2008 755 2053 mendosus
778 2008 915 2053 codex
939 2009 1018 2052 tibi
1039 2009 1245 2053 mentitus
1267 2018 1351 2063 est,
1378 2017 1454 2052 aut
1478 2008 1569 2067 ipse
1591 2007 1785 2055 mentiris
1799 2041 1811 2063 ‚
1876 2001 1877 2006 ¹

426 2088 500 2123 aut
522 2081 578 2124 ab
601 2079 746 2139 aliquo
776 2079 905 2134 falso,
931 2080 1018 2124 sive
1040 2078 1242 2134 fallente,
1267 2088 1343 2123 aut
1365 2077 1585 2123 oblivione
1607 2077 1815 2137 deceptus
1874 2070 1878 2080 ’

425 2164 484 2193 es.
508 2153 606 2194 Non
627 2151 744 2193 enim
761 2151 821 2194 ait
841 2150 1074 2209 Apostolus
1101 2169 1120 2190 «
1143 2150 1288 2208 plures
1307 2185 1318 2204 ,
1344 2148 1419 2193 sed
1440 2152 1615 2193 multos.
1645 2166 1665 2189 »
1691 2146 1829 2192 Grae-⁴
1878 2206 1879 2210 Ἰ

425 2235 527 2264 cum
543 2221 719 2265 attende
736 2221 948 2276 codicem,
969 2230 1012 2264 et
1028 2220 1223 2264 iuvenier
1239 2223 1388 2261 πολλοὺς,
1403 2235 1493 2264 non
1510 2221 1681 2258 πλείστους·
1703 2219 1816 2263 Dixit
1874 2277 1876 2281 f

426 2305 551 2349 ergo,
569 2290 712 2335 multo
731 2291 866 2349 magis
893 2291 1138 2334 abundasse
1161 2291 1342 2349 gratiam
1365 2289 1411 2332 in
1435 2288 1598 2333 multos
1614 2323 1625 2344 ,
1654 2304 1745 2335 non
1768 2288 1815 2332 in
1874 2334 1878 2342 ς

426 2361 564 2419 magis
586 2361 746 2405 multos
761 2395 772 2415 ‚
797 2361 881 2405 hoc
906 2369 992 2415 est,
1013 2376 1102 2404 non
1123 2361 1168 2404 in
1184 2360 1352 2419 plures,
1383 2361 1495 2404 sicut
1509 2360 1600 2419 jam
1619 2358 1814 2403 ostendi-

426 2446 522 2474 mus
547 2450 555 2476 :
581 2432 788 2491 quoniam
816 2432 849 2475 si
871 2430 1016 2491 plures
1039 2430 1240 2485 dixisset,
1271 2440 1449 2490 propter
1475 2430 1677 2489 parvulos
1704 2445 1814 2490 quos
1874 2444 1877 2446 ’

429 2510 546 2546 tenet
568 2504 724 2560 gratia,
749 2518 850 2547 cum
867 2502 994 2561 primi
1012 2501 1200 2546 hominis
1221 2517 1312 2546 non
1335 2510 1480 2546 teneat
1496 2501 1706 2560 imitatioz,
1726 2500 1814 2549 ‘fal-

475 2591 485 2607 1
510 2586 594 2619 Beda
618 2590 652 2619 et
668 2586 775 2620 Florus
800 2598 832 2619 n.
858 2585 916 2628 147
938 2585 978 2619 ad
1002 2588 1099 2619 Rom.
1118 2597 1149 2627 v,
1175 2586 1222 2618 15*
