1821 3264
392 250 445 277 DE
476 244 768 275 continuone
799 243 852 269 ET
881 235 1057 268 enum.
1363 222 1417 259 23

40 325 139 385 gelii
167 317 540 382 praedicationem3
573 319 617 354 et
650 318 796 359 tamen
817 315 917 350 ante
938 318 1070 364 quam
1096 307 1207 346 esset
1228 299 1419 352 tactum,

35 399 126 458 jam
148 392 224 438 filii
245 388 322 435 Dei
345 392 468 430 erant
486 384 532 427 in
552 375 790 425 memoriali
813 375 948 420 Patris
970 373 1036 418 sui
1057 374 1312 417 inconcussa
1333 378 1422 414 sta-

42 465 210 511 bilitate
232 455 479 515 conscripti.
508 455 564 496 Et
601 458 702 496 sunt
725 461 872 491 rursus
899 444 1101 503 quidam,
1136 441 1211 501 qui
1238 439 1316 485 filii
1349 440 1426 483 Dei

43 542 220 597 propter
252 535 495 585 susceptam
532 521 602 567 vel
628 516 922 578 temporaliter
960 513 1142 572 gratiam
1177 511 1382 555 dicuntur
1405 524 1429 552 a

43 605 192 658 nobis,
218 616 298 646 nec
319 607 422 644 sunt
442 606 589 640 tamen
607 596 696 636 Deo
716 609 725 635 ι
747 589 802 634 de
823 586 982 647 quibus
1005 585 1063 630 ait
1085 582 1200 626 idem
1220 584 1424 633 Joannes,

51 696 72 720 «
92 678 157 721 Ex
174 672 300 718 nobis
321 669 541 723 exierunt,
566 663 641 707 sed
655 677 744 706 non
760 667 883 704 erant
899 673 950 701 ex
971 654 1121 710 nobis3
1138 652 1260 711 quod
1282 652 1316 694 si
1334 649 1433 693 iuis-

51 767 72 791 »
98 754 193 792 sent
213 759 265 788 ex
286 740 412 787 nobis
426 773 438 794 ‚
460 734 794 797 permansissent
817 730 971 789 utique
989 725 1216 771 nobiseum
1232 724 1263 766 1.
1292 738 1312 762 »
1336 722 1434 765 Non

49 819 124 874 ait,
142 819 206 861 Ex
220 812 344 859 nobis
362 810 576 862 exierunt,
598 804 674 850 sed
689 803 792 864 quia
809 816 900 846 non
917 802 1168 843 manserunt
1186 791 1433 845 nobiseum,

46 891 136 950 jam
159 901 248 931 non
271 890 373 929 sunt
395 896 446 925 ex
466 877 594 925 nobis
617 894 626 922 ε
649 888 800 921 verum
823 872 908 929 ait,
932 888 952 913 «
981 870 1046 912 Ex
1066 865 1193 910 nobis
1216 862 1437 915 exierunt,

53 979 74 1004 »
96 958 171 1005 sed
188 972 278 1002 non
293 961 416 1000 erant
433 967 484 996 ex
499 948 648 1005 nobis3
674 965 695 990 »
718 947 802 990 hoc
820 952 898 997 est,
922 950 965 985 et
979 937 1159 999 quando
1179 932 1442 980 videbantur

53 1029 268 1090 innobis,
301 1041 391 1071 non
422 1030 544 1068 erant
570 1035 622 1064 ex
651 1017 792 1063 nobis.
830 1017 887 1059 Et
909 1022 1119 1071 tanquam
1146 1007 1185 1051 ei
1207 1005 1440 1057 diceretur,

54 1103 172 1149 unde
208 1099 255 1145 id
275 1095 490 1144 ostendis?
515 1112 535 1138 «
560 1090 690 1145 Quod
718 1089 752 1133 si
773 1086 981 1139 fuissent,
1015 1080 1182 1140 inquit,
1208 1092 1259 1121 ex
1292 1073 1441 1119 nobis,

58 1170 430 1233 »permansissent
446 1165 599 1223 utique
618 1160 861 1206 nobiscum.
882 1174 903 1198 »
920 1152 1132 1198 Filiorum
1152 1147 1230 1193 Dei
1250 1161 1334 1192 vox
1350 1152 1413 1188 est
1434 1161 1443 1187 t

58 1248 246 1290 Joannes
268 1239 486 1299 loquitur,
507 1235 552 1278 in
574 1232 671 1276 filiis
692 1230 770 1275 Dei
799 1228 896 1273 loeo
918 1224 1143 1285 praecipuo
1165 1217 1443 1264 constitutus.

57 1317 169 1362 Cum
185 1325 287 1368 ergo
300 1308 378 1352 filii
394 1306 470 1350 Dei
483 1305 637 1348 dicunt
645 1300 774 1344 dehis
795 1298 871 1357 qui
893 1290 1257 1355 perseverantiam
1274 1301 1364 1330 non
1375 1285 1450 1328 ha-

59 1385 268 1435 buerunt,
292 1398 312 1422 «
332 1380 397 1422 Ex
413 1375 539 1419 nobis
554 1373 770 1422 exierunt,
791 1367 867 1412 sed
880 1380 969 1409 non
989 1371 1113 1407 erant
1128 1376 1180 1403 ex
1198 1356 1323 1402 nobis
1341 1372 1386 1412 3»
1408 1361 1453 1396 et

62 1455 253 1508 addunt,
278 1470 298 1494 «
323 1447 451 1503 Quod
464 1446 499 1491 si
516 1444 700 1489 fuissent
717 1455 767 1483 ex
785 1437 927 1491 nobis,
948 1430 1284 1494 permansissent
1302 1425 1455 1482 utique

66 1548 87 1572 »
104 1527 331 1573 nobiscum
352 1541 361 1567 :
381 1540 400 1562 »
419 1516 527 1579 quid
540 1513 659 1560 aliud
677 1512 849 1565 dicunt,
865 1507 948 1552 nisi
965 1520 1056 1550 non
1075 1508 1198 1545 erant
1214 1496 1309 1551 filii,
1329 1495 1459 1538 etiam

65 1596 244 1660 quando
265 1601 388 1639 erant
404 1592 451 1635 in
468 1586 739 1649 professione
754 1591 797 1626 et
818 1578 996 1625 nomine
1018 1570 1235 1619 filiorum?
1250 1582 1341 1613 non
1359 1564 1463 1625 quia

63 1670 277 1732 justitiam
294 1661 637 1714 simulaverunt3
661 1653 737 1700 sed
754 1652 856 1712 quia
869 1650 916 1695 in
931 1664 979 1693 ea
1002 1660 1092 1691 non
1110 1644 1458 1703 permanserunt.

67 1744 221 1801 Neque
243 1736 359 1782 enim
397 1733 476 1787 ait,
501 1732 613 1776 Nam
639 1727 673 1771 si
707 1724 890 1769 fuissent
917 1735 968 1763 ex
1000 1714 1142 1768 nobis,
1174 1724 1320 1757 veram
1336 1742 1347 1763 ‚
1372 1721 1463 1753 non

71 1813 218 1856 fictam
245 1805 458 1867 justitiam
486 1798 725 1845 tenuissent
755 1793 908 1851 utique
941 1787 1197 1832 nobiscum:
1228 1779 1325 1832 sed,
1360 1795 1381 1819 «
1420 1774 1463 1819 Si

76 1901 96 1924 n
121 1880 323 1931 fuissent,
348 1873 509 1933 inquit,
530 1886 579 1914 ex
607 1866 756 1919 nobis,
773 1858 1110 1922 permansissent
1140 1852 1294 1910 utique
1316 1846 1465 1892 nobis-

79 1974 98 1996 »
129 1965 247 1997 cum.
271 1966 292 1990 »
320 1949 372 1991 In
391 1945 510 1988 bono
531 1939 628 1984 illos
650 1935 826 1982 volebat
847 1928 1001 1991 procul
1033 1924 1170 1970 dubio
1191 1929 1461 1980 permanere.

75 2027 214 2070 Erant
233 2021 380 2078 itaque
397 2016 442 2060 in
464 2014 606 2065 bono,
634 2009 709 2053 secl
728 2005 832 2066 quia
852 2003 898 2046 in
920 2015 972 2044 eo
993 2011 1084 2042 non
1104 1994 1465 2054 permanserunt,

77 2095 124 2140 id
148 2101 239 2147 est,
263 2103 354 2135 non
379 2098 518 2145 usque
547 2081 593 2125 in
621 2080 756 2123 finem
779 2073 1186 2135 perseveraverunt,
1214 2075 1304 2106 non
1324 2064 1469 2109 erant,

80 2163 246 2224 inquit,
270 2176 322 2205 ex
341 2156 484 2210 nobis,
506 2162 549 2197 et
565 2148 744 2212 quando
761 2152 885 2189 erant
907 2138 1134 2185 nobiscum
1152 2155 1164 2192 ς
1183 2134 1266 2177 hoc
1284 2138 1364 2183 est,
1384 2139 1474 2170 non

83 2243 208 2281 erant
233 2247 286 2277 ex
309 2240 493 2274 numero
521 2222 714 2267 filiorum
731 2253 742 2273 ‚
768 2225 811 2260 et
833 2209 1013 2274 quando
1045 2213 1169 2251 erant
1188 2204 1234 2248 in
1259 2199 1346 2245 fide
1367 2196 1473 2242 filio-

85 2321 207 2362 rum3
230 2299 439 2364 quoniam
457 2297 652 2356 quivere
668 2289 746 2334 filii
768 2294 894 2340 sunt,
916 2278 1104 2343 praesciti
1126 2285 1168 2320 et
1184 2265 1477 2334 praedestinati

87 2385 188 2423 sunt
208 2371 455 2421 conformes
475 2363 675 2424 imaginis
698 2358 796 2405 Filii
819 2358 909 2416 ejus
927 2388 938 2409 ‚
957 2361 1001 2397 et
1020 2346 1260 2395 secundum
1282 2338 1478 2402 proposi-

89 2459 185 2495 tum
207 2443 349 2492 vocati
375 2448 477 2487 sunt
496 2446 546 2482 ut
573 2433 701 2480 electi
734 2430 921 2475 essent2.
958 2426 1059 2470 Non
1092 2420 1207 2464 enim
1238 2414 1351 2475 perit
1373 2409 1488 2454 filius

93 2513 408 2580 promissionis,
434 2508 511 2554 sed
532 2504 645 2550 filius
666 2496 969 2563 perditionisss.

144 2613 153 2628 ¹
179 2616 190 2636 1
210 2606 301 2636 Joan.
321 2611 356 2641 n,
378 2609 427 2639 ις).
444 2614 483 2620 -—
499 2601 511 2618 ‘¹
527 2596 622 2626 Rom.
639 2600 708 2629 vm,
725 2597 771 2629 29
792 2590 825 2617 et
842 2586 895 2617 28.
911 2596 950 2606 -ι
972 2579 984 2603 3
1004 2581 1095 2611 Joan.
1116 2585 1197 2613 xvii,
1220 2581 1269 2603 ι’).
