1884 3285
403 253 458 289 36
832 252 865 280 s.
903 249 1130 278 Auous’rnu
1165 249 1340 276 muscum

401 324 594 369 nondum
618 318 864 380 perdiderat
889 337 898 362 ι
928 326 978 361 ut
995 325 1138 360 autem
1161 316 1205 358 in
1228 330 1279 358 eo
1301 320 1574 373 permaneret
1594 344 1605 363 ‚
1624 312 1779 368 egebat

399 394 612 454 adjutorio
631 390 793 448 gratiae,
812 389 992 447 sinequo
1008 388 1049 429 id
1064 386 1242 430 omnino
1262 401 1348 429 non
1366 393 1526 442 posset:
1545 392 1586 426 et
1604 396 1778 441 accepe-

398 474 464 508 rat
499 477 616 520 posse
640 462 674 505 si
696 460 856 515 vellet,
891 459 966 503 sed
992 474 1076 501 non
1114 457 1267 500 habuit
1299 454 1408 499 velle
1441 454 1558 514 quod
1588 461 1732 513 posset
1765 471 1774 496 z

397 548 496 577 nam
516 533 546 576 si
573 531 790 576 habuisset
811 566 821 585 ,
851 537 1174 589 perseverasset.
1203 531 1349 571 Posset
1371 525 1486 569 enim
1507 537 1779 581 perseverare.

398 604 432 648 si
466 602 595 646 vellet
620 623 628 647 ε
654 602 772 661 quod
806 611 854 645 ut
877 599 1038 651 nolletq
1077 598 1132 642 de
1161 598 1299 641 libero
1322 595 1546 640 descendit
1566 594 1776 650 arbitrio3
1822 629 1824 631 .

398 673 518 734 quod
542 684 645 717 tunc
667 673 724 715 ita
748 671 934 714 liberum
954 679 1066 723 erat,
1091 679 1139 712 ut
1165 668 1275 711 bene
1301 666 1411 710 velle
1433 674 1573 723 posset
1591 674 1634 709 et
1651 663 1777 708 male.

398 745 511 796 Quid
538 744 617 786 erit
639 752 782 786 autem
813 740 989 784 liberius
1017 739 1155 783 libero
1178 738 1377 792 arbitrio,
1398 738 1574 797 quando
1597 751 1684 779 non
1707 750 1783 793 po-

398 814 497 857 terit
529 813 685 856 servire
718 820 896 870 peccato
916 846 927 865 ,
954 825 1052 869 quae
1086 809 1232 853 futura
1263 818 1353 851 crat
1377 817 1420 850 et
1444 805 1609 850 homini
1629 840 1639 859 ,
1675 806 1784 849 sicut

402 882 513 926 facta
531 892 594 926 est
619 882 793 940 Angelis
810 882 982 935 sanctis,
1007 895 1170 924 merces
1193 879 1331 923 meriti
1355 881 1372 920 ‘3
1398 881 1521 922 Nunc
1541 886 1682 920 autem
1707 890 1785 934 per

398 962 623 1011 peccatum
650 952 819 1011 perdito
842 953 955 994 bono
979 951 1131 994 merito
1151 985 1162 1002 ,
1189 952 1231 992 in
1255 950 1318 993 his
1337 949 1409 1007 qui
1434 948 1675 991 liberantur
1701 944 1785 989 fac-

399 1032 490 1067 tum
512 1034 571 1066 est
597 1024 759 1065 donum
787 1023 951 1080 gratiae,
969 1037 1068 1080 quae
1091 1036 1253 1064 merces
1276 1020 1414 1062 meriti
1443 1017 1586 1061 futura
1606 1026 1711 1060 erat.

456 1095 667 1136 xxxin.
705 1096 978 1151 Quapropter
1013 1091 1109 1134 bina
1155 1091 1234 1133 ista
1279 1089 1384 1147 quid
1419 1089 1530 1132 inter
1571 1103 1614 1132 se
1654 1086 1785 1130 diffe-

398 1173 521 1217 rant,
553 1163 782 1221 diligenter
805 1171 847 1205 et
876 1161 1105 1220 vigflanter
1137 1159 1396 1203 intuendum
1430 1168 1492 1202 est
1511 1193 1521 1210 ,
1552 1172 1675 1216 posse
1699 1172 1787 1200 non

399 1248 599 1291 peccare,
625 1243 668 1275 et
691 1248 778 1275 non
811 1246 930 1290 posse
957 1245 1158 1289 peccare,
1188 1244 1311 1287 posse
1342 1243 1430 1272 non
1459 1228 1566 1271 mori
1585 1263 1597 1283 ,
1632 1237 1675 1271 et
1698 1242 1787 1271 non

399 1317 523 1361 posse
564 1302 704 1355 mori,
754 1302 918 1344 bonum
960 1315 1081 1357 posse
1120 1315 1209 1342 non
1253 1298 1448 1341 deserere
1474 1334 1484 1354 ‚
1532 1308 1575 1342 et
1620 1298 1786 1341 bonum

398 1387 488 1415 non
525 1386 647 1430 posse
686 1371 895 1414 deserere.
938 1370 1085 1413 Potuit
1121 1369 1235 1411 enim
1274 1384 1362 1411 non
1406 1383 1583 1427 peccare
1621 1368 1787 1425 primus

398 1442 560 1494 homo,
596 1442 740 1499 potuit
776 1455 864 1484 non
894 1440 1029 1491 mori,
1066 1439 1208 1497 potuit
1244 1439 1405 1481 bonum
1446 1454 1535 1481 non
1569 1437 1782 1480 deserere.

398 1510 622 1569 Numquid
654 1510 812 1553 dicturi
847 1525 1022 1562 sumus,
1061 1524 1149 1552 non
1184 1508 1324 1566 potuit
1355 1523 1557 1566 peccare,
1596 1508 1671 1567 qui
1702 1506 1787 1550 tale

398 1581 591 1624 habebat
624 1580 809 1623 liberum
844 1580 1103 1622 arbitrium?
1133 1582 1219 1622 Aut
1248 1593 1335 1620 non
1370 1578 1511 1635 potuit
1547 1577 1684 1631 mori,
1717 1577 1787 1621 cui

399 1650 563 1693 dictum
586 1660 648 1693 est
671 1668 679 1694 ;
710 1669 728 1691 «
755 1650 797 1694 Si
822 1649 1084 1708 peccaveris,
1112 1658 1251 1691 morte
1274 1647 1522 1691 morieris¹P
1542 1666 1560 1687 n
1587 1650 1674 1691 Ant
1698 1662 1785 1690 non

398 1720 542 1778 potuit
559 1719 725 1763 bonum
749 1719 945 1762 deserere
962 1753 972 1772 ‚
995 1733 1094 1762 cum
1118 1718 1200 1761 hoc
1225 1717 1444 1775 peccando
1467 1717 1720 1770 deseruerit,
1745 1725 1788 1760 et

398 1790 497 1833 idco
533 1799 728 1834 mortuus
756 1791 844 1833 sit?
880 1790 1021 1832 Prima
1053 1804 1155 1847 ergo
1185 1788 1360 1830 libertas
1395 1788 1630 1831 voluntatis
1659 1797 1751 1831 erat
1771 1822 1782 1840 ,

400 1874 519 1917 posse
538 1875 625 1903 non
642 1874 844 1918 peccare3
863 1859 1091 1902 novissima
1113 1857 1192 1900 erit
1211 1856 1351 1900 multo
1370 1858 1528 1916 major,
1554 1873 1641 1901 non
1664 1871 1786 1916 posse

398 1945 576 1988 peccare
601 1949 610 1973 ε
641 1930 778 1988 prima
810 1929 1110 1972 immortalitas
1140 1937 1254 1982 erat,
1280 1943 1402 1986 posse
1426 1944 1514 1972 non
1536 1929 1669 1986 mori3
1706 1944 1787 1972 no·

398 2000 567 2043 vissima
601 2000 680 2042 erit
708 1998 848 2042 multo
875 2000 1011 2058 major
1029 2033 1039 2052 ‚
1078 2014 1166 2042 non
1198 2013 1321 2057 posse
1351 1999 1458 2042 mori
1488 2018 1495 2042 :
1527 2000 1667 2057 prima
1696 2008 1788 2043 erat

400 2071 728 2128 perseverantiae
752 2078 962 2128 potestas,
991 2070 1156 2113 bonum
1187 2084 1309 2127 posse
1333 2085 1422 2113 non
1454 2069 1679 2127 deserere3
1703 2086 1784 2114 no-

399 2139 569 2184 vissima
592 2140 672 2183 erit
690 2138 871 2182 felicitas
892 2139 1248 2198 perseverantiae,
1273 2139 1437 2183 bonum
1461 2154 1549 2183 non
1573 2155 1695 2199 posse
1713 2140 1786 2184 de-

399 2223 552 2252 serere.
575 2208 796 2267 Numquid
815 2209 914 2267 quia
933 2218 1061 2252 erunt
1086 2208 1195 2252 bona
1216 2208 1445 2252 novissima
1465 2210 1630 2267 potiora
1655 2219 1786 2270 atque

400 2279 575 2323 meliora
600 2280 698 2323 ideo
719 2279 898 2323 fuerunt
919 2279 991 2322 illa
1009 2280 1147 2337 prima
1167 2279 1235 2322 vel
1254 2278 1371 2322 nulla
1393 2278 1461 2323 vel
1479 2282 1639 2338 parva?

457 2351 661 2394 xxxiv.
699 2352 898 2407 Itemque
941 2349 1029 2406 ipsa
1068 2348 1279 2407 adjutoria
1318 2348 1623 2407 distinguenda
1666 2360 1782 2395 sunt.

400 2418 531 2462 Aliud
561 2430 624 2463 est
656 2419 916 2479 adjutorium
954 2419 1042 2461 sine
1068 2435 1155 2477 quo
1184 2418 1345 2478 aliquid
1373 2435 1457 2462 non
1485 2420 1528 2463 fit
1549 2456 1559 2471 ‚
1595 2431 1633 2464 et
1668 2421 1787 2465 aliud

401 2499 464 2534 est
486 2490 749 2550 adjutorium
779 2505 870 2549 quo
902 2490 1066 2549 aliquid
1099 2490 1163 2534 fit.
1196 2492 1306 2534 Nam
1327 2490 1419 2535 sine
1447 2492 1663 2537 alimentis
1696 2507 1784 2538 non

448 2579 456 2595 ¹
475 2574 554 2605 Gen.
571 2584 603 2610 m
624 2582 673 2615 ¹7·
