1884 3285
437 218 454 252 1
463 215 516 252 78
858 221 890 246 s.
926 218 1154 247 Aue-,usum
1191 219 1370 245 misceri

429 303 559 350 quem
593 286 648 331 ad
680 284 899 330 Valerium
939 285 1141 329 comitem
1174 283 1353 329 vernula
1396 291 1675 342 peccatorum
1716 285 1808 343 ejus

424 359 608 418 Alypius
641 370 780 415 nuper
801 354 960 400 detulit
975 391 987 410 ,
1010 356 1232 401 obviarem
1253 390 1264 410 ,
1294 355 1396 399 hinc
1418 353 1525 398 mihi
1553 361 1614 398 est
1642 352 1815 413 longior

424 429 540 475 facta
561 427 798 488 responsio.
820 445 841 468 »

485 503 774 545 Auens-rmus.
784 499 944 557 Magna
955 496 1177 556 tibipoena
1195 505 1259 541 est
1272 495 1517 554 disputator
1532 493 1605 538 hic
1627 496 1811 540 Poenusz

424 580 468 616 et
493 571 626 630 longe
659 579 894 628 antequam
925 568 1238 623 nasceremini,
1267 581 1421 625 magna
1451 564 1629 609 haeresis
1658 574 1812 610 vestrae

423 647 588 688 Poenus
610 649 876 701 praeparatus
897 649 962 684 est
986 640 1247 698 Cyprianus.
1761 638 1768 646 '

485 715 608 757 VIII.
623 714 647 756 J
654 727 852 756 numm.
879 729 899 752 «
924 710 1054 754 Dedit
1066 710 1181 753 enim
1198 708 1362 767 ingenii
1376 707 1442 752 sui
1455 706 1604 752 denuo
1621 705 1813 766 fideique

425 790 711 827 monumenta
732 815 743 836 ,
778 796 878 841 quae
912 779 1213 839 intelligantur
1246 779 1470 838 aegerrime
1497 812 1508 833 ,
1540 784 1815 837 exponantur

424 853 682 898 difficillime
699 888 710 907 ,
745 852 816 897 vix
841 851 932 895 sine
969 852 1149 896 horrore
1185 850 1418 894 audiantur
1454 869 1465 907 3
1500 848 1814 893 convincantur

423 933 570 969 autem
586 922 807 978 facillime,
827 920 1136 968 confodiantur
1153 921 1377 975 acerrime,
1396 929 1438 964 et
1453 928 1631 979 propter
1652 919 1813 963 hones-

421 995 520 1040 tatis
543 995 827 1039 reverentiam
850 992 1059 1037 oblivioni
1081 992 1362 1036 exterminata
1383 989 1694 1034 mandentur.»

481 1070 773 1112 Auensrmos.
799 1068 894 1111 Non
910 1063 1134 1124 quomodo
1151 1063 1215 1107 vis
1232 1062 1435 1121 judicant
1454 1060 1531 1119 qui
1546 1059 1714 1117 legunt.

480 1140 558 1182 IX.
599 1140 826 1182 JanNus.
866 1154 886 1177 «
918 1134 1088 1179 Primus
1122 1133 1255 1192 igitur
1280 1134 1373 1193 ejus
1398 1130 1512 1174 liber
1537 1132 1568 1186 ¹,
1605 1129 1682 1190 qui
1713 1137 1814 1174 ante

420 1207 533 1252 hanc
553 1207 669 1252 solus
685 1216 750 1251 est
766 1205 925 1260 editus,
942 1219 1078 1249 novos
1093 1219 1170 1248 nos
1186 1218 1275 1247 esse
1292 1202 1519 1246 haereticos
1532 1200 1810 1245 criminatur:

419 1280 523 1338 quia
547 1293 840 1340 repugnemus
860 1277 1081 1336 opinioni,
1106 1291 1207 1335 quae
1229 1274 1420 1319 dealbati
1449 1274 1584 1318 instar
1607 1271 1809 1332 sepulcri,

414 1350 537 1410 quod
548 1349 793 1396 secundum
805 1347 1034 1406 Evangelii
1057 1348 1332 1401 sententiam,
1355 1344 1524 1390 mundo
1547 1345 1814 1389 extrinsecus

418 1421 565 1466 colore
587 1422 793 1466 vestitum
809 1424 827 1446 ‘²
843 1455 854 1474 ,
882 1420 1087 1478 spurcitia
1118 1428 1183 1463 est
1218 1428 1262 1462 ct.
1293 1418 1525 1477 iniquitate
1544 1416 1830 1470 confertum,

419 1492 502 1536 sub
530 1491 660 1536 laude
696 1490 963 1550 baptismatis
997 1497 1166 1534 eructat
1204 1489 1550 1534 Manichaeorum
1584 1487 1731 1531 sordes
1765 1501 1814 1531 ac

421 1562 619 1608 naturale
640 1571 889 1622 peccatum,
916 1570 965 1605 ut
994 1559 1200 1605 Ecclesiae
1220 1558 1444 1604 catholicae
1467 1574 1576 1619 pura
1603 1559 1812 1603 hactenus

420 1641 688 1678 sacramenta
715 1632 997 1676 contaminet.
1027 1649 1046 1672 »

483 1707 543 1749 A(
554 1722 777 1749 assumus.
797 1705 939 1747 Novos
955 1701 1183 1746 haereticos
1199 1715 1276 1745 vos
1293 1701 1471 1760 antiqua
1488 1698 1671 1744 cathlica
1685 1698 1810 1754 fides,

419 1790 551 1835 quam
571 1775 703 1820 modo
725 1788 980 1834 oppugnare
995 1773 1186 1832 coepistis
1207 1788 1229 1817 a
1248 1771 1605 1832 praeclarissimis,
1623 1771 1699 1831 qui
1710 1770 1812 1815 fue-

421 1854 526 1890 runt
547 1853 647 1889 ante
686 1860 764 1889 nos
790 1879 800 1898 ,
837 1844 1091 1888 doctoribus
1123 1842 1356 1902 praedicata
1393 1843 1677 1887 demonstrat.
1714 1843 1812 1887 Non

421 1925 566 1960 autem
599 1916 803 1960 omnibus
825 1913 1181 1973 respondendum
1203 1923 1266 1958 est
1288 1913 1494 1957 conviciis
1513 1913 1658 1972 potius
1678 1926 1813 1971 quam

421 1986 768 2032 accusationibus
785 1986 886 2040 tuis,
912 2001 1012 2044 quae
1035 2000 1124 2028 non
1142 1985 1188 2027 in
1211 1999 1280 2027 me
1295 2018 1305 2038 ,
1327 1984 1404 2027 sed
1418 1983 1548 2027 etiam
1562 1983 1608 2026 in
1621 1982 1812 2027 Ambro-

420 2058 548 2112 sium,
566 2056 794 2110 Hilarium,
820 2054 1095 2114 Gregorium,
1120 2054 1409 2113 Cyprianum,
1433 2053 1626 2113 aliosque
1648 2050 1809 2112 praedi-

419 2127 657 2172 catissimos
684 2125 889 2171 Ecclesiae
923 2125 1151 2181 doctores,
1191 2124 1334 2170 fronte
1363 2123 1737 2184 impudentissima
1765 2130 1808 2166 et

419 2197 568 2258 lingua
589 2197 892 2257 procacissima
915 2195 1134 2256 jacularis.

477 2271 534 2313 X.
571 2271 798 2332 Jummns.
840 2286 860 2309 «
891 2265 1060 2311 Laudat
1091 2265 1220 2310 etiam
1253 2274 1476 2325 potentem
1501 2266 1517 2291 3
1547 2263 1769 2308 hominem
1790 2296 1801 2317 ,

419 2340 539 2401 quod
558 2341 713 2386 nostris
732 2338 1031 2398 petitionibus,
1056 2339 1132 2397 qui
1150 2336 1259 2381 nihil
1276 2336 1395 2381 aliud
1415 2350 1545 2397 quam
1568 2335 1662 2380 dari
1683 2343 1806 2380 tanto

418 2412 595 2471 negotio
617 2411 786 2472 judices
803 2409 1167 2463 vociferabamur,
1191 2418 1240 2452 ut
1260 2423 1309 2453 ea
1335 2424 1436 2468 quae
1451 2406 1803 2466 subreptionibus

467 2523 477 2538 1
501 2516 580 2548 Vide
596 2515 650 2548 lib.
671 2527 683 2548 1
697 2516 738 2548 de
751 2514 875 2557 Nuptiis
893 2519 925 2546 et
940 2513 1129 2556 Concupisc.
1146 2518 1210 2536 -2
1229 2512 1342 2545 Mauh.
1363 2521 1453 2554 xxm,
1474 2510 1527 2544 25.
1543 2528 1584 2536 —
1600 2509 1614 2537 3
1635 2509 1807 2545 Valerium.
1834 2554 1837 2556 .

418 2571 498 2605 Vide
513 2570 570 2604 lib.
589 2583 602 2604 1
619 2572 660 2604 de
676 2569 811 2613 Nuptiis.
