1884 3285
440 262 522 298 288
871 267 904 296 s.
942 269 1171 298 mensum
1206 269 1384 298 zmscom

436 336 481 378 in
513 342 669 393 quarto
696 332 810 378 libro
836 336 849 359 1
879 334 1069 379 breviter
1097 336 1321 395 quomodo
1354 333 1687 393 intelligendum
1717 344 1826 381 esset
1862 321 1866 381 3

436 405 723 460 ostenderim,
748 413 892 450 tamen
925 405 1160 466 adjuvante
1179 406 1374 460 Christo,
1401 406 1448 450 in
1470 406 1556 451 hoc
1583 421 1713 466 opere
1731 404 1826 466 ple·
1863 410 1877 451 :-

435 476 533 519 nius
567 490 833 534 exponemus
853 510 864 531 ‚
890 477 947 520 ita
982 486 1030 521 ut
1063 477 1110 520 in
1142 476 1337 522 secundo
1369 476 1505 533 libro,
1534 478 1826 536 praetermissis
1862 476 1865 509 ἶ

435 544 554 600 aliis,
582 545 703 590 locus
738 544 829 607 ipse
859 546 1120 606 apostolicus
1141 556 1348 593 contextu
1366 562 1445 592 suo
1466 547 1714 607 plenissime
1736 545 1825 591 dis·

435 625 617 661 seratur.
649 635 669 658 »

493 690 786 732 Aucusrmus.
822 687 890 732 Ad
916 688 961 731 id
985 687 1106 748 quod
1133 688 1179 732 in
1208 697 1366 748 quarto
1397 687 1510 732 libro
1537 696 1615 732 tuo
1639 687 1827 732 breviter
1862 693 1865 714 ³

435 758 669 803 ostendisse
698 768 741 803 te
764 758 870 804 dicis
887 794 897 814 ,
919 759 964 803 in
988 769 1106 804 sexto
1129 769 1276 804 nostro
1307 759 1385 804 tibi
1409 774 1663 819 responsum
1686 768 1750 803 est
1769 761 1787 785 ²
1814 777 1823 803 ε
1863 761 1865 783 ῑ

435 829 554 889 quod
571 839 718 874 autem
736 830 781 873 in
801 830 885 874 hoc
902 845 1031 890 opere
1053 830 1285 890 polliceris,
1306 846 1406 875 cum
1424 829 1605 875 reddere
1628 829 1825 890 coeperis,
1862 850 1865 889 ,j

435 900 496 945 ibi
518 917 619 945 cum
642 902 697 947 sis
712 901 975 963 vaniloquus
996 903 1237 962 apparebit.

494 971 652 1017 CXIV.
696 975 927 1018 ,Im-mnus.
966 993 986 1015 «
1019 973 1099 1018 Hic
1123 982 1270 1017 autem
1299 973 1486 1018 breviter
1509 973 1826 1028 admonuerim,
1862 975 1864 980 '

435 1043 644 1102 quoniam
683 1044 910 1102 suffragari
943 1044 1024 1088 tibi
1062 1060 1150 1088 non
1194 1054 1335 1103 potest
1379 1043 1433 1088 ad
1473 1046 1563 1104 ejus
1605 1045 1831 1089 sententiae
1863 1084 1866 1089 .

434 1114 813 1158 confirmationem
832 1150 842 1169 ‚
879 1130 1012 1175 quam
1046 1115 1186 1159 omnis
1216 1114 1404 1159 eruditio
1424 1150 1435 1169 ‚
1462 1116 1602 1160 omnis
1624 1116 1735 1160 ratio
1752 1150 1763 1170 ,
1788 1117 1865 1159 et

436 1186 524 1227 Lex
554 1186 630 1228 Dei
652 1185 873 1230 convincit
907 1186 1236 1246 iniquissimam.
1264 1186 1455 1245 Diligens
1483 1202 1586 1246 ergo
1605 1186 1742 1231 lector
1763 1186 1833 1230 in-

438 1253 587 1299 tendat
605 1254 726 1315 quod
750 1256 1058 1316 pronuntiasti,
1081 1260 1221 1301 Deum
1238 1271 1328 1301 esse
1350 1256 1559 1302 factorem
1585 1257 1800 1302 malorum
1819 1276 1830 1314 3
1861 1276 1884 1315 3¹

439 1333 482 1368 et
518 1325 624 1370 tales
654 1341 756 1370 eum
790 1327 1008 1383 condere,
1045 1328 1118 1388 qui
1154 1329 1245 1372 sine
1270 1327 1416 1388 aliquo
1452 1328 1640 1387 propriae
1678 1327 1833 1372 merito
1861 1330 1884 1366 ἐ·

438 1395 677 1442 voluntatis
695 1410 796 1443 eant
817 1399 862 1442 in
885 1399 1296 1445 condemnationem
1314 1415 1489 1457 prorsus
1502 1414 1667 1444 omnes.
1693 1417 1713 1441 »

497 1470 791 1514 Auens-rmus.
819 1473 913 1515 Hoc
936 1470 1051 1515 dixi:
1081 1472 1183 1531 quia
1219 1471 1322 1516 facit
1345 1472 1574 1516 hominum
1604 1480 1830 1524 naturam,
1860 1460 1884 1511 i

437 1539 512 1597 qui
535 1540 640 1585 vitio
669 1541 773 1585 mali
797 1550 923 1597 sunt,
950 1542 1070 1602 quod
1093 1543 1184 1601 ipse
1212 1558 1302 1588 non
1321 1541 1428 1588 fecit
1449 1564 1460 1601 3
1486 1552 1530 1587 et
1558 1542 1613 1586 de
1634 1557 1723 1602 quo
1744 1541 1834 1600 ipse
1859 1546 1863 1595 ξ

437 1608 549 1653 bene
567 1610 686 1667 facit,
712 1613 842 1656 etiarn
861 1627 960 1656 cum
985 1612 1088 1657 mali
1113 1622 1215 1658 sunt
1234 1613 1335 1658 mali
1352 1614 1549 1658 homines
1564 1628 1672 1673 quos
1695 1612 1800 1657 facit
1822 1629 1831 1655 ε
1859 1630 1862 1656 ι
1882 1651 1884 1655 Α

437 1682 537 1740 quia
567 1684 610 1726 in
642 1693 859 1744 quantum
886 1685 1085 1729 homines
1113 1695 1246 1741 sunt,
1280 1701 1370 1730 non
1407 1686 1453 1729 in
1487 1694 1702 1745 quantum
1731 1682 1834 1728 mali
1859 1683 1862 1737 ξ

437 1762 538 1797 sunt
559 1788 569 1806 ‚
595 1769 666 1797 eos
688 1753 807 1799 facit.
835 1757 986 1815 Neque
1009 1755 1124 1799 enim
1146 1771 1242 1800 vasa
1265 1757 1311 1801 in
1328 1756 1638 1802 contumeliam
1660 1756 1830 1810 fierent,
1858 1761 1862 1816 ξ

436 1822 519 1866 nisi
543 1823 646 1868 mali
663 1834 806 1870 essent
824 1826 921 1886 :qui
938 1835 1085 1870 tamen
1099 1842 1177 1886 per
1200 1836 1400 1871 naturam
1424 1842 1558 1887 quam
1573 1825 1678 1871 facit
1698 1829 1829 1880 Deus,

436 1894 590 1954 utique
624 1895 730 1940 boni
755 1906 858 1941 sunt
885 1918 896 1955 3
930 1898 1034 1942 mali
1064 1907 1210 1943 autem
1237 1897 1479 1943 secundum
1502 1897 1657 1943 vitium
1678 1932 1689 1952 ‚
1710 1895 1833 1957 quod
1858 1876 1862 1920 1

433 1974 584 2010 eontra
603 1976 806 2012 naturam
829 1968 1032 2028 quidem,
1054 1968 1131 2013 sed
1153 1978 1298 2013 tamen
1321 1979 1489 2013 naturae
1508 1968 1664 2013 insevit
1682 1967 1829 2012 inimi·
1858 1982 1861 2009 1

435 2050 511 2078 cus
532 2056 543 2092 3
566 2045 614 2080 ut
639 2053 691 2080 ex
710 2038 793 2082 hoc
815 2047 926 2083 esset
945 2048 1100 2083 natura
1120 2039 1232 2083 mala
1250 2074 1264 2094 ,
1291 2041 1375 2084 hoc
1401 2048 1465 2084 est
1480 2075 1490 2094 3
1516 2039 1656 2083 malus
1678 2039 1826 2082 homo.
1880 2059 1884 2074 ·

434 2107 532 2152 Non
556 2107 671 2152 enim
706 2118 828 2168 potes
854 2125 944 2154 esse
972 2109 1113 2154 ullum
1142 2110 1307 2155 malum
1329 2110 1411 2155 nisi
1433 2111 1479 2154 in
1502 2110 1650 2170 aliquo
1672 2109 1790 2154 bono
1817 2129 1828 2166 3
1856 2118 1884 2171 {c

434 2177 536 2237 quia
553 2195 650 2238 ²non
680 2189 823 2239 potest
845 2196 935 2226 esse
964 2181 1045 2225 nisi
1069 2182 1114 2225 in
1137 2181 1281 2242 aliqua
1306 2191 1458 2226 natura
1485 2200 1494 2226 z
1521 2180 1661 2226 omnis
1683 2189 1831 2225 autem
1856 2174 1884 2239 it

435 2258 592 2294 natura
612 2286 623 2305 3
653 2251 698 2294 in
730 2261 946 2312 quantum
976 2262 1133 2297 natura
1152 2262 1239 2309 est,
1273 2253 1439 2298 honum
1475 2260 1554 2296 est.
1592 2251 1830 2311 Diligenter
1858 2267 1884 2295 '1

436 2319 649 2365 attendite
667 2357 677 2377 ‚
704 2323 928 2382 quomodo
956 2322 1160 2368 dicantur
1175 2359 1185 2378 3
1212 2340 1311 2385 quae
1331 2323 1454 2369 velut
1475 2322 1692 2368 contraria
1716 2323 1830 2367 inter
1855 2315 1860 2366 ξ
1880 2338 1884 2360 ι

433 2405 477 2433 se
489 2390 575 2435 dici
596 2391 817 2448 videntur,
844 2402 888 2438 et
910 2409 1000 2438 non
1025 2403 1153 2438 sunt:
1185 2395 1218 2438 si
1236 2403 1382 2439 tamen
1398 2409 1487 2438 non
1509 2394 1684 2453 penitus
1703 2391 1828 2437 fumo
1854 2399 1860 2448 ξ
1878 2404 1884 2433 ἕ

434 2462 634 2519 superbae
650 2464 942 2508 contentionis
964 2463 1112 2508 oculos
1129 2463 1387 2523 perdidistis.
1854 2456 1857 2481 ³

492 2535 625 2577 CXV.
663 2537 891 2580 JULIANUS.
933 2554 950 2576 n
979 2539 1041 2580 Ac
1069 2551 1124 2579 ne
1147 2537 1408 2580 nesciremus
1429 2536 1483 2579 de
1510 2551 1599 2596 quo
1629 2544 1825 2595 tempore

481 2623 489 2639 ¹
510 2617 622 2660 Operis
640 2619 680 2652 ad
696 2618 916 2654 Turbantium·
932 2637 972 2644 -
992 2626 1004 2644 ²
1023 2620 1101 2653 Vide
1120 2620 1176 2653 lib.
1199 2631 1229 2654 vt
1244 2625 1356 2654 contra
1373 2620 1488 2653 Julian.
1509 2629 1581 2663 cap.
1598 2619 1651 2662 24.
