1884 3285
424 271 477 307 70
862 273 894 301 S.
934 274 1159 301 AL‘GUSTINI
1195 275 1371 301 EPISCOPI

487 345 611 386 XIII.
648 339 835 384 Proinde
856 338 946 398 ipse
969 354 1082 383 unus
1102 339 1307 396 Magister
1327 347 1369 381 et
1388 337 1612 392 Dominus,
1632 352 1731 381 eum
1749 337 1809 381 di-

427 412 552 456 xisset
573 425 671 470 quae
692 424 819 468 supra
843 409 1105 453 memoravi:
1133 427 1151 449 «
1176 410 1269 452 Hoc
1289 416 1352 451 est
1378 422 1486 466 opus
1514 407 1615 462 Dei,
1645 416 1695 451 ut
1718 422 1806 454 cre-

429 483 540 527 datis
560 481 606 524 in
628 495 726 524 eum
751 494 882 539 quem
907 480 1021 524 misit
1046 478 1116 523 ille
1140 481 1153 506 ¹
1176 497 1186 523 ε
1209 496 1229 520 »
1256 478 1300 521 in
1323 478 1475 524 eodem
1497 478 1591 536 ipso
1611 492 1807 525 sermone
1866 531 1869 536 ,

423 567 501 596 suo
515 550 644 609 paulo
658 559 752 608 post
771 551 830 593 ait
850 568 859 594 :
885 568 904 591 «
928 549 1020 593 Dixi
1036 548 1174 602 vobis,
1195 548 1295 606 quia
1312 557 1355 592 et
1373 547 1535 590 vidistis
1552 562 1636 602 me,
1656 557 1700 592 et
1715 563 1804 593 non

423 639 444 664 »
469 620 723 665 credidistis.
743 621 884 664 Omne
901 618 1020 678 quod
1035 619 1107 662 dat
1125 619 1228 662 mihi
1248 621 1389 670 Pater,
1410 616 1461 661 ad
1481 633 1550 662 me
1566 617 1710 662 veniet
1726 620 1759 662 ².
1779 635 1801 662 u

423 691 537 744 Quid
561 700 640 744 est,
669 709 688 732 «
716 691 768 734 ad
790 704 858 733 me
879 689 1039 742 veniet,
1065 706 1084 728 »
1107 688 1185 731 nisi
1203 687 1349 731 credet
1366 689 1408 731 in
1425 688 1524 731 me?
1543 686 1626 732 Sed
1643 697 1692 730 ut
1710 687 1802 742 fiat,

423 763 549 805 Pater
573 760 662 804 dat.
691 762 798 804 Item
823 759 952 818 paulo
975 768 1096 817 post:
1116 777 1136 799 u
1160 757 1323 810 Nolite,
1348 757 1508 816 inquit,
1531 772 1804 802 murmurare
1868 752 1872 818 ξ

421 849 442 873 »
467 831 653 875 invicem
678 849 687 875 :
707 846 836 874 nemo
857 838 999 888 potest
1019 829 1164 872 venire
1187 828 1241 872 ad
1263 844 1348 883 me,
1373 828 1453 872 nisi
1477 831 1602 873 Pater
1623 828 1696 886 qui
1718 829 1803 872 mi-

427 920 446 942 »
473 902 527 944 sit
548 916 639 953 me,
665 899 841 944 traxerit
860 914 959 944 cum
989 918 997 943 :
1023 907 1065 942 et
1087 913 1165 956 ego
1186 913 1285 943 eum
1310 897 1572 942 resuscitabo
1593 897 1638 941 in
1660 897 1804 943 novis-

420 988 442 1012 »
467 971 574 1014 simo
604 970 688 1014 die.
720 972 796 1013 Est
829 969 1035 1027 scriptum
1067 972 1111 1014 in
1143 969 1382 1027 Prophetis,
1414 971 1470 1013 Et
1498 976 1624 1013 erunt
1653 981 1803 1011 omnes

416 1057 437 1082 >i
464 1040 674 1084 docibiles
693 1041 808 1083 Deiss.
833 1040 985 1083 Omnis
1007 1039 1081 1098 qui
1104 1038 1268 1083 audivit
1287 1054 1306 1082 a
1334 1042 1458 1083 Patre
1482 1047 1525 1082 et
1543 1036 1710 1091 didicit,
1728 1051 1804 1080 ve-

418 1128 438 1152 »
465 1111 530 1154 nit
553 1109 605 1154 ad
632 1125 699 1152 me
723 1110 755 1161 4,
785 1127 803 1150 n
830 1110 935 1169 quid
958 1119 1036 1163 est,
1066 1128 1084 1150 «
1111 1109 1260 1152 Omnis
1283 1108 1358 1167 qui
1381 1107 1545 1151 audivit
1566 1123 1587 1151 a
1613 1110 1738 1151 Patre
1759 1115 1803 1150 et

417 1198 438 1221 »
465 1180 643 1232 didicit,
664 1179 782 1222 venit
800 1180 852 1222 ad
873 1194 939 1221 me
963 1213 973 1231 ,
1001 1197 1018 1218 »
1043 1178 1149 1231 nisi,
1171 1177 1318 1221 nullus
1335 1187 1395 1221 est
1414 1177 1486 1236 qui
1505 1176 1653 1221 audiat
1672 1191 1695 1220 a
1720 1179 1801 1221 Pa-

410 1258 476 1292 tre
494 1259 534 1291 et
554 1249 704 1301 discat,
728 1258 770 1290 et
792 1264 879 1291 non
902 1248 1047 1290 veniat
1070 1246 1123 1290 ad
1146 1249 1241 1291 mc?
1267 1247 1308 1290 Si
1327 1247 1439 1291 enirn
1462 1246 1601 1291 omnis
1623 1247 1700 1306 qui
1721 1262 1800 1290 au-

414 1317 521 1361 divit
537 1335 557 1360 a
577 1321 699 1361 Patre
723 1327 765 1360 et
787 1317 954 1371 didicit,
977 1316 1331 1376 venit2profect0
1355 1317 1492 1361 omnis
1517 1318 1589 1377 qui
1615 1332 1702 1360 non
1725 1331 1800 1360 ve-

412 1388 492 1439 nit,
515 1403 600 1430 non
622 1387 786 1430 audivit
803 1403 823 1430 a
844 1390 984 1440 Patre,
1004 1402 1082 1430 nec
1102 1386 1250 1430 didicit
1272 1406 1280 1431 2
1301 1402 1398 1430 nam
1419 1387 1450 1430 si
1471 1388 1657 1431 audisset
1676 1398 1718 1430 et
1735 1386 1801 1431 di-

410 1456 598 1510 dicisset,
616 1456 795 1500 veniret.
814 1459 964 1515 Neque
978 1457 1092 1499 enim
1112 1457 1224 1500 ullus
1239 1458 1402 1500 audivit
1419 1468 1460 1500 et
1476 1459 1643 1509 didicit,
1656 1467 1697 1501 et
1714 1473 1802 1503 non

411 1528 529 1571 venit
555 1543 563 1567 :
592 1527 665 1569 sed
695 1528 834 1570 omnis
853 1562 863 1580 ‚
892 1536 939 1569 ut
968 1526 1026 1569 ait
1052 1527 1217 1570 Veritas
1239 1561 1250 1580 ,
1276 1528 1350 1587 qui
1376 1527 1539 1570 audivit
1564 1543 1585 1570 a
1612 1530 1738 1570 Patre
1760 1536 1803 1571 et

412 1596 548 1650 dicit,
595 1597 727 1640 venit.
767 1595 906 1639 Valde
945 1607 1109 1641 remota
1142 1607 1205 1640 est
1239 1613 1260 1640 a
1298 1599 1493 1641 sensibus
1530 1599 1668 1640 carnis
1709 1598 1803 1642 haec

411 1667 574 1717 schola,
602 1668 645 1710 in
674 1682 759 1727 qua
783 1670 908 1711 Pater
934 1667 1108 1711 auditur
1131 1677 1174 1710 et
1196 1666 1339 1723 docet,
1365 1678 1414 1713 ut
1440 1669 1637 1712 veniatur
1659 1668 1711 1712 ad
1735 1668 1800 1711 Fi-

412 1735 533 1780 lium.
564 1737 631 1780 Ibi
659 1746 722 1780 est
752 1746 794 1780 et
824 1738 912 1796 ipse
941 1737 1099 1790 Filius,
1128 1738 1228 1796 quia
1258 1738 1348 1797 ipse
1377 1748 1440 1782 est
1467 1739 1660 1782 Verbum
1691 1738 1797 1798 ejus,

412 1821 486 1864 per
511 1806 628 1865 quod
661 1806 721 1848 sic
751 1807 908 1861 docet,
944 1822 1022 1849 nec
1052 1808 1135 1864 agit
1167 1808 1246 1850 boc
1274 1823 1373 1851 cum
1406 1808 1545 1852 carnis
1572 1822 1690 1861 aure,
1723 1807 1800 1852 sed

406 1875 562 1918 cordis.
587 1875 723 1919 Simul
741 1876 798 1918 ibi
817 1887 880 1918 est
900 1887 941 1919 et
963 1878 1144 1934 Spiritus
1170 1879 1303 1921 Patris
1321 1887 1364 1921 et
1384 1878 1504 1922 Filii:
1521 1893 1664 1937 neque
1682 1877 1798 1923 enim

405 1944 496 2002 ipse
517 1960 603 1988 non
628 1946 771 1997 docet,
798 1955 872 1989 aut
894 1947 1121 2004 separatim
1146 1945 1609 2006 docet:inseparabilia
1633 1947 1797 2007 quippe

406 2013 637 2057 didicimus
656 2030 743 2058 esse
764 2031 891 2073 opera
914 2017 1146 2059 Trinitatis.
1177 2019 1227 2059 Et
1249 2017 1336 2074 ipse
1356 2027 1418 2060 est
1442 2018 1593 2076 utique
1613 2018 1795 2077 Spiritus

405 2094 593 2135 sanctus,
621 2084 674 2127 de
697 2102 784 2144 quo
809 2086 1038 2143 Apostolus
1062 2086 1166 2130 dicit
1190 2106 1198 2131 z
1223 2090 1480 2131 «Habentes
1500 2101 1643 2133 autem
1668 2104 1794 2134 eum-

407 2172 427 2194 »
453 2153 551 2196 dem
580 2156 783 2217 Spiritum
810 2156 908 2199 fidei
926 2158 957 2199 ⁵.
983 2177 1000 2197 »
1031 2159 1113 2200 Sed
1141 2156 1237 2201 ideo
1267 2158 1383 2202 Patri
1415 2160 1495 2203 hoc
1523 2159 1793 2218 potissimum

401 2233 465 2267 est
498 2226 774 2281 attributum,
809 2229 908 2285 quia
940 2226 994 2269 de
1022 2228 1113 2285 ipso
1142 2239 1203 2271 est
1244 2229 1413 2286 genitus
1444 2230 1717 2287 Unigenitus‚
1750 2239 1793 2275 et

401 2292 456 2336 de
480 2294 570 2352 ipso
595 2294 790 2352 procedit
815 2296 994 2354 Spiritus
1018 2307 1189 2341 sanctu-s
1213 2316 1221 2341 z
1249 2299 1365 2341 unde
1387 2299 1566 2358 longum
1593 2309 1656 2343 est
1678 2315 1790 2344 enu-

399 2361 577 2406 cleatius
602 2364 837 2422 disputare,
864 2375 906 2408 et
926 2364 979 2408 de
1004 2366 1211 2410 Trinitate
1230 2368 1245 2392 ⁶
1264 2383 1363 2426 quae
1384 2371 1495 2412 Deus
1512 2379 1576 2413 est
1593 2369 1788 2417 laborem

402 2442 597 2475 nostrum
629 2434 672 2475 in
693 2435 943 2492 quindecim
968 2435 1083 2479 libris
1121 2435 1175 2480 ad
1199 2452 1273 2480 vos
1296 2439 1387 2497 jam
1415 2439 1609 2484 existimo
1637 2455 1790 2500 perve-

452 2539 459 2553 ¹
484 2535 574 2563 Joan.
595 2544 625 2563 vi
660 2544 713 2574 ¹29.
728 2551 768 2555 ——
783 2542 793 2555 2
814 2535 894 2565 Ibid.
916 2534 1146 2568 31‘;.—31bid,
1169 2537 1222 2577 44.
1239 2537 1308 2566 -si
1338 2538 1409 2569 lsai.
1430 2549 1495 2572 mv.
1520 2541 1569 2572 13.
1586 2557 1626 2562 —
1641 2539 1655 2562 5
1681 2553 1689 2571 1
1713 2543 1784 2573 Cor.

398 2597 442 2623 iv,
468 2587 515 2617 13.
529 2586 594 2608 —f’
613 2591 656 2618 oo
675 2588 842 2625 Triiiitatc,
864 2589 936 2620 libri
963 2591 1010 2620 isi.

1868 831 1874 876 l

1872 1110 1878 1334 ἰ

1879 1985 1884 2092 '
