<?xml version="1.0" encoding="UTF-8"?>
<!DOCTYPE html PUBLIC "-//W3C//DTD XHTML 1.0 Transitional//EN"
    "http://www.w3.org/TR/xhtml1/DTD/xhtml1-transitional.dtd">
<html xmlns="http://www.w3.org/1999/xhtml" xml:lang="en" lang="en">
 <head>
  <title>
</title>
<meta http-equiv="Content-Type" content="text/html;charset=utf-8" />
  <meta name='ocr-system' content='tesseract 3.04.00' />
  <meta name='ocr-capabilities' content='ocr_page ocr_carea ocr_par ocr_line ocrx_word'/>
</head>
<body>
  <div class='ocr_page' id='page_1' title='image "./operaomniaaccura36auguuoft/operaomniaaccura36auguuoft_0328.png"; bbox 0 0 1884 3285; ppageno 0'>
   <div class='ocr_carea' id='block_1_1' title="bbox 457 241 1402 282">
    <p class='ocr_par' dir='ltr' id='par_1_1' title="bbox 457 241 1402 282">
     <span class='ocr_line' id='line_1_1' title="bbox 457 241 1402 282; baseline 0.001 -1"><span class='ocrx_word' id='word_1_1' title='bbox 457 241 542 281; x_wconf 76' lang='lat'><strong>2⁴6</strong></span> <span class='ocrx_word' id='word_1_2' title='bbox 893 251 925 278; x_wconf 85' lang='lat' dir='ltr'><strong>s.</strong></span> <span class='ocrx_word' id='word_1_3' title='bbox 962 253 1189 282; x_wconf 64' lang='lat' dir='ltr'><strong>Ausucum</strong></span> <span class='ocrx_word' id='word_1_4' title='bbox 1225 255 1402 282; x_wconf 68' lang='grc' dir='ltr'><strong>εΡιεοοιη</strong></span> 
     </span>
    </p>
   </div>
   <div class='ocr_carea' id='block_1_2' title="bbox 449 315 1884 2492">
    <p class='ocr_par' dir='ltr' id='par_1_2' title="bbox 449 315 1841 1002">
     <span class='ocr_line' id='line_1_2' title="bbox 457 315 1835 378; baseline 0.007 -20"><span class='ocrx_word' id='word_1_5' title='bbox 457 317 631 375; x_wconf 87' lang='lat' dir='ltr'><strong>prianus</strong></span> <span class='ocrx_word' id='word_1_6' title='bbox 651 349 663 369; x_wconf 95' lang='lat'><strong>‚</strong></span> <span class='ocrx_word' id='word_1_7' title='bbox 693 330 774 360; x_wconf 87' lang='lat' dir='ltr'><strong>nec</strong></span> <span class='ocrx_word' id='word_1_8' title='bbox 795 316 840 359; x_wconf 90' lang='lat' dir='ltr'><strong>in</strong></span> <span class='ocrx_word' id='word_1_9' title='bbox 862 315 1061 374; x_wconf 73' lang='lat' dir='ltr'>paradiso</span> <span class='ocrx_word' id='word_1_10' title='bbox 1083 328 1182 362; x_wconf 88' lang='lat' dir='ltr'><strong>ante</strong></span> <span class='ocrx_word' id='word_1_11' title='bbox 1207 330 1433 378; x_wconf 88' lang='lat' dir='ltr'><strong>peccatum</strong></span> <span class='ocrx_word' id='word_1_12' title='bbox 1454 319 1583 365; x_wconf 85' lang='lat' dir='ltr'><strong>fuisse</strong></span> <span class='ocrx_word' id='word_1_13' title='bbox 1603 322 1804 369; x_wconf 87' lang='lat' dir='ltr'><strong>concedis</strong></span> <span class='ocrx_word' id='word_1_14' title='bbox 1823 344 1835 374; x_wconf 68' lang='grc' dir='ltr'>ς</span> 
     </span>
     <span class='ocr_line' id='line_1_3' title="bbox 453 384 1836 451; baseline 0.007 -22"><span class='ocrx_word' id='word_1_15' title='bbox 453 395 531 429; x_wconf 88' lang='lat' dir='ltr'><strong>aut</strong></span> <span class='ocrx_word' id='word_1_16' title='bbox 547 385 580 429; x_wconf 92' lang='lat' dir='ltr'><strong>si</strong></span> <span class='ocrx_word' id='word_1_17' title='bbox 600 384 698 438; x_wconf 84' lang='lat' dir='ltr'><strong>fuit,</strong></span> <span class='ocrx_word' id='word_1_18' title='bbox 714 400 792 428; x_wconf 87' lang='lat' dir='ltr'><strong>cur</strong></span> <span class='ocrx_word' id='word_1_19' title='bbox 812 401 903 430; x_wconf 90' lang='lat' dir='ltr'><strong>non</strong></span> <span class='ocrx_word' id='word_1_20' title='bbox 925 385 1071 430; x_wconf 85' lang='lat' dir='ltr'><strong>fateris</strong></span> <span class='ocrx_word' id='word_1_21' title='bbox 1088 402 1182 431; x_wconf 91' lang='lat' dir='ltr'><strong>eam</strong></span> <span class='ocrx_word' id='word_1_22' title='bbox 1205 403 1281 447; x_wconf 87' lang='lat' dir='ltr'><strong>per</strong></span> <span class='ocrx_word' id='word_1_23' title='bbox 1297 390 1695 448; x_wconf 86' lang='lat' dir='ltr'><strong>praevaricationem</strong></span> <span class='ocrx_word' id='word_1_24' title='bbox 1711 392 1836 451; x_wconf 87' lang='lat' dir='ltr'><strong>primi</strong></span> 
     </span>
     <span class='ocr_line' id='line_1_4' title="bbox 452 455 1840 519; baseline 0.007 -20"><span class='ocrx_word' id='word_1_25' title='bbox 452 455 640 499; x_wconf 91' lang='lat' dir='ltr'><strong>hominis</strong></span> <span class='ocrx_word' id='word_1_26' title='bbox 667 455 814 499; x_wconf 85' lang='lat' dir='ltr'><strong>vitiata</strong></span> <span class='ocrx_word' id='word_1_27' title='bbox 837 455 1013 514; x_wconf 86' lang='lat' dir='ltr'><strong>periisse</strong></span> <span class='ocrx_word' id='word_1_28' title='bbox 1040 467 1195 502; x_wconf 90' lang='lat' dir='ltr'><strong>natura</strong></span> <span class='ocrx_word' id='word_1_29' title='bbox 1212 493 1223 512; x_wconf 91' lang='lat'>‚</span> <span class='ocrx_word' id='word_1_30' title='bbox 1251 459 1479 519; x_wconf 82' lang='lat' dir='ltr'><strong>beataeque</strong></span> <span class='ocrx_word' id='word_1_31' title='bbox 1502 462 1598 519; x_wconf 89' lang='lat' dir='ltr'><strong>paci</strong></span> <span class='ocrx_word' id='word_1_32' title='bbox 1620 462 1776 507; x_wconf 83' lang='lat' dir='ltr'><strong>animae</strong></span> <span class='ocrx_word' id='word_1_33' title='bbox 1795 473 1840 511; x_wconf 84' lang='lat' dir='ltr'><strong>et</strong></span> 
     </span>
     <span class='ocr_line' id='line_1_5' title="bbox 449 525 1839 591; baseline 0.008 -24"><span class='ocrx_word' id='word_1_34' title='bbox 449 525 642 584; x_wconf 90' lang='lat' dir='ltr'><strong>corporis</strong></span> <span class='ocrx_word' id='word_1_35' title='bbox 677 526 875 569; x_wconf 86' lang='lat' dir='ltr'>miseram</span> <span class='ocrx_word' id='word_1_36' title='bbox 909 528 1159 572; x_wconf 82' lang='lat' dir='ltr'><strong>successisse</strong></span> <span class='ocrx_word' id='word_1_37' title='bbox 1187 528 1446 573; x_wconf 83' lang='lat' dir='ltr'><strong>discordiam</strong></span> <span class='ocrx_word' id='word_1_38' title='bbox 1470 531 1488 574; x_wconf 80' lang='lat' dir='ltr'><strong>P</strong></span> <span class='ocrx_word' id='word_1_39' title='bbox 1512 533 1567 575; x_wconf 90' lang='lat' dir='ltr'><strong>Et</strong></span> <span class='ocrx_word' id='word_1_40' title='bbox 1603 532 1839 591; x_wconf 86' lang='lat' dir='ltr'><strong>indignaris</strong></span> 
     </span>
     <span class='ocr_line' id='line_1_6' title="bbox 452 595 1837 661; baseline 0.006 -21"><span class='ocrx_word' id='word_1_41' title='bbox 452 596 602 650; x_wconf 89' lang='lat' dir='ltr'><strong>nobis,</strong></span> <span class='ocrx_word' id='word_1_42' title='bbox 627 595 747 655; x_wconf 93' lang='lat' dir='ltr'><strong>quod</strong></span> <span class='ocrx_word' id='word_1_43' title='bbox 769 597 889 640; x_wconf 90' lang='lat' dir='ltr'><strong>velut</strong></span> <span class='ocrx_word' id='word_1_44' title='bbox 917 597 1141 643; x_wconf 86' lang='lat' dir='ltr'><strong>catholicis</strong></span> <span class='ocrx_word' id='word_1_45' title='bbox 1161 600 1458 644; x_wconf 89' lang='lat' dir='ltr'><strong>sacerdotibus</strong></span> <span class='ocrx_word' id='word_1_46' title='bbox 1473 635 1484 656; x_wconf 89' lang='lat'>‚</span> <span class='ocrx_word' id='word_1_47' title='bbox 1508 601 1554 646; x_wconf 92' lang='lat' dir='ltr'><strong>id</strong></span> <span class='ocrx_word' id='word_1_48' title='bbox 1574 611 1664 658; x_wconf 86' lang='lat' dir='ltr'><strong>est,</strong></span> <span class='ocrx_word' id='word_1_49' title='bbox 1688 604 1837 661; x_wconf 83' lang='lat' dir='ltr'><strong>vobis,</strong></span> 
     </span>
     <span class='ocr_line' id='line_1_7' title="bbox 450 666 1840 730; baseline 0.008 -22"><span class='ocrx_word' id='word_1_50' title='bbox 450 666 660 709; x_wconf 84' lang='lat' dir='ltr'><strong>faciamus</strong></span> <span class='ocrx_word' id='word_1_51' title='bbox 698 676 846 710; x_wconf 88' lang='lat' dir='ltr'><strong>nostro</strong></span> <span class='ocrx_word' id='word_1_52' title='bbox 877 682 1076 711; x_wconf 85' lang='lat' dir='ltr'><strong>sermone</strong></span> <span class='ocrx_word' id='word_1_53' title='bbox 1105 670 1379 725; x_wconf 88' lang='lat' dir='ltr'><strong>convicium,</strong></span> <span class='ocrx_word' id='word_1_54' title='bbox 1415 671 1517 730; x_wconf 88' lang='lat' dir='ltr'><strong>quia</strong></span> <span class='ocrx_word' id='word_1_55' title='bbox 1549 670 1734 717; x_wconf 88' lang='lat' dir='ltr'><strong>dicimus</strong></span> <span class='ocrx_word' id='word_1_56' title='bbox 1764 689 1840 720; x_wconf 88' lang='lat' dir='ltr'><strong>vos</strong></span> 
     </span>
     <span class='ocr_line' id='line_1_8' title="bbox 451 737 1840 793; baseline 0.007 -15"><span class='ocrx_word' id='word_1_57' title='bbox 451 750 611 793; x_wconf 88' lang='lat' dir='ltr'><strong>negare</strong></span> <span class='ocrx_word' id='word_1_58' title='bbox 635 737 814 793; x_wconf 80' lang='lat' dir='ltr'><strong>gratiam</strong></span> <span class='ocrx_word' id='word_1_59' title='bbox 836 737 995 781; x_wconf 82' lang='lat' dir='ltr'><strong>Christi</strong></span> <span class='ocrx_word' id='word_1_60' title='bbox 1018 756 1026 782; x_wconf 78' lang='grc' dir='ltr'>ε</span> <span class='ocrx_word' id='word_1_61' title='bbox 1051 753 1151 782; x_wconf 91' lang='lat' dir='ltr'><strong>cum</strong></span> <span class='ocrx_word' id='word_1_62' title='bbox 1181 755 1257 783; x_wconf 88' lang='lat' dir='ltr'><strong>vos</strong></span> <span class='ocrx_word' id='word_1_63' title='bbox 1293 741 1383 784; x_wconf 88' lang='lat' dir='ltr'><strong>istis</strong></span> <span class='ocrx_word' id='word_1_64' title='bbox 1411 738 1510 785; x_wconf 81' lang='lat' dir='ltr'><strong>vere</strong></span> <span class='ocrx_word' id='word_1_65' title='bbox 1527 742 1750 787; x_wconf 86' lang='lat' dir='ltr'><strong>catholicis</strong></span> <span class='ocrx_word' id='word_1_66' title='bbox 1771 758 1840 789; x_wconf 85' lang='lat' dir='ltr'><strong>sa-</strong></span> 
     </span>
     <span class='ocr_line' id='line_1_9' title="bbox 449 805 1841 869; baseline 0.006 -19"><span class='ocrx_word' id='word_1_67' title='bbox 449 806 700 850; x_wconf 87' lang='lat' dir='ltr'><strong>cerdotibus</strong></span> <span class='ocrx_word' id='word_1_68' title='bbox 719 805 1094 865; x_wconf 89' lang='lat' dir='ltr'><strong>impudentissime</strong></span> <span class='ocrx_word' id='word_1_69' title='bbox 1117 825 1166 854; x_wconf 92' lang='lat' dir='ltr'><strong>ac</strong></span> <span class='ocrx_word' id='word_1_70' title='bbox 1200 809 1498 869; x_wconf 85' lang='lat' dir='ltr'><strong>profanissime</strong></span> <span class='ocrx_word' id='word_1_71' title='bbox 1535 813 1841 861; x_wconf 88' lang='lat' dir='ltr'><strong>conviciemini</strong></span> 
     </span>
     <span class='ocr_line' id='line_1_10' title="bbox 449 875 1840 943; baseline 0.008 -25"><span class='ocrx_word' id='word_1_72' title='bbox 449 876 516 919; x_wconf 89' lang='lat' dir='ltr'><strong>his</strong></span> <span class='ocrx_word' id='word_1_73' title='bbox 538 875 695 929; x_wconf 89' lang='lat' dir='ltr'><strong>verbis,</strong></span> <span class='ocrx_word' id='word_1_74' title='bbox 721 891 820 934; x_wconf 85' lang='lat' dir='ltr'><strong>quae</strong></span> <span class='ocrx_word' id='word_1_75' title='bbox 845 876 889 920; x_wconf 90' lang='lat' dir='ltr'><strong>in</strong></span> <span class='ocrx_word' id='word_1_76' title='bbox 912 892 996 932; x_wconf 84' lang='lat' dir='ltr'><strong>me,</strong></span> <span class='ocrx_word' id='word_1_77' title='bbox 1022 880 1099 939; x_wconf 92' lang='lat' dir='ltr'><strong>qui</strong></span> <span class='ocrx_word' id='word_1_78' title='bbox 1120 895 1273 924; x_wconf 90' lang='lat' dir='ltr'><strong>eorum</strong></span> <span class='ocrx_word' id='word_1_79' title='bbox 1294 881 1426 926; x_wconf 87' lang='lat' dir='ltr'><strong>fidem</strong></span> <span class='ocrx_word' id='word_1_80' title='bbox 1449 897 1611 942; x_wconf 87' lang='lat' dir='ltr'><strong>sequor</strong></span> <span class='ocrx_word' id='word_1_81' title='bbox 1631 892 1675 928; x_wconf 89' lang='lat' dir='ltr'><strong>et</strong></span> <span class='ocrx_word' id='word_1_82' title='bbox 1696 892 1840 943; x_wconf 86' lang='lat' dir='ltr'><strong>tueor,</strong></span> 
     </span>
     <span class='ocr_line' id='line_1_11' title="bbox 449 944 1043 1002; baseline 0.003 -13"><span class='ocrx_word' id='word_1_83' title='bbox 449 944 663 1002; x_wconf 88' lang='lat' dir='ltr'><strong>indigesto</strong></span> <span class='ocrx_word' id='word_1_84' title='bbox 685 944 833 990; x_wconf 88' lang='lat' dir='ltr'><strong>furore</strong></span> <span class='ocrx_word' id='word_1_85' title='bbox 849 948 1043 992; x_wconf 86' lang='lat' dir='ltr'><strong>ructatis.</strong></span> 
     </span>
    </p>

    <p class='ocr_par' dir='ltr' id='par_1_3' title="bbox 449 1015 1884 2492">
     <span class='ocr_line' id='line_1_12' title="bbox 510 1015 1842 1081; baseline 0.007 -22"><span class='ocrx_word' id='word_1_86' title='bbox 510 1016 742 1074; x_wconf 83' lang='lat' dir='ltr'><strong>Apostolus</strong></span> <span class='ocrx_word' id='word_1_87' title='bbox 762 1015 866 1061; x_wconf 86' lang='lat' dir='ltr'><strong>dicit</strong></span> <span class='ocrx_word' id='word_1_88' title='bbox 889 1037 897 1061; x_wconf 89' lang='lat'>:</span> <span class='ocrx_word' id='word_1_89' title='bbox 922 1037 942 1059; x_wconf 92' lang='lat'>«</span> <span class='ocrx_word' id='word_1_90' title='bbox 970 1019 1134 1077; x_wconf 86' lang='lat' dir='ltr'><strong>Spiritu</strong></span> <span class='ocrx_word' id='word_1_91' title='bbox 1156 1019 1393 1075; x_wconf 86' lang='lat' dir='ltr'><strong>ambulate,</strong></span> <span class='ocrx_word' id='word_1_92' title='bbox 1411 1030 1453 1065; x_wconf 92' lang='lat' dir='ltr'><strong>et</strong></span> <span class='ocrx_word' id='word_1_93' title='bbox 1469 1023 1842 1081; x_wconf 86' lang='lat' dir='ltr'><strong>concupiscentias</strong></span> 
     </span>
     <span class='ocr_line' id='line_1_13' title="bbox 455 1084 1845 1150; baseline 0.008 -23"><span class='ocrx_word' id='word_1_94' title='bbox 455 1104 476 1127; x_wconf 90' lang='lat'>»</span> <span class='ocrx_word' id='word_1_95' title='bbox 498 1086 638 1129; x_wconf 88' lang='lat' dir='ltr'><strong>carnis</strong></span> <span class='ocrx_word' id='word_1_96' title='bbox 659 1101 714 1129; x_wconf 90' lang='lat' dir='ltr'><strong>ne</strong></span> <span class='ocrx_word' id='word_1_97' title='bbox 734 1084 1000 1145; x_wconf 85' lang='lat' dir='ltr'><strong>perfeceritis</strong></span> <span class='ocrx_word' id='word_1_98' title='bbox 1017 1090 1077 1129; x_wconf 86' lang='lat'><strong>¹.»</strong></span> <span class='ocrx_word' id='word_1_99' title='bbox 1093 1091 1233 1147; x_wconf 80' lang='lat' dir='ltr'><strong>Rogo,</strong></span> <span class='ocrx_word' id='word_1_100' title='bbox 1254 1104 1332 1132; x_wconf 86' lang='lat' dir='ltr'><strong>cur</strong></span> <span class='ocrx_word' id='word_1_101' title='bbox 1345 1105 1416 1133; x_wconf 89' lang='lat' dir='ltr'><strong>eas</strong></span> <span class='ocrx_word' id='word_1_102' title='bbox 1434 1090 1640 1150; x_wconf 76' lang='lat' dir='ltr'><strong>appellat,</strong></span> <span class='ocrx_word' id='word_1_103' title='bbox 1660 1094 1694 1136; x_wconf 91' lang='lat' dir='ltr'><strong>si</strong></span> <span class='ocrx_word' id='word_1_104' title='bbox 1711 1092 1845 1139; x_wconf 84' lang='lat' dir='ltr'><strong>nullae</strong></span> 
     </span>
     <span class='ocr_line' id='line_1_14' title="bbox 449 1156 1839 1223; baseline 0.006 -24"><span class='ocrx_word' id='word_1_105' title='bbox 449 1164 552 1199; x_wconf 90' lang='lat' dir='ltr'><strong>sunt</strong></span> <span class='ocrx_word' id='word_1_106' title='bbox 569 1157 587 1197; x_wconf 83' lang='lat'><strong>‘?</strong></span> <span class='ocrx_word' id='word_1_107' title='bbox 606 1170 684 1199; x_wconf 90' lang='lat' dir='ltr'><strong>cur</strong></span> <span class='ocrx_word' id='word_1_108' title='bbox 704 1171 773 1199; x_wconf 90' lang='lat' dir='ltr'><strong>eas</strong></span> <span class='ocrx_word' id='word_1_109' title='bbox 797 1156 945 1214; x_wconf 82' lang='lat' dir='ltr'><strong>perfici</strong></span> <span class='ocrx_word' id='word_1_110' title='bbox 964 1166 1095 1211; x_wconf 89' lang='lat' dir='ltr'><strong>vetat,</strong></span> <span class='ocrx_word' id='word_1_111' title='bbox 1120 1158 1153 1201; x_wconf 91' lang='lat' dir='ltr'><strong>si</strong></span> <span class='ocrx_word' id='word_1_112' title='bbox 1175 1159 1303 1203; x_wconf 82' lang='lat' dir='ltr'><strong>bonae</strong></span> <span class='ocrx_word' id='word_1_113' title='bbox 1323 1169 1439 1205; x_wconf 90' lang='lat' dir='ltr'><strong>sunt.</strong></span> <span class='ocrx_word' id='word_1_114' title='bbox 1459 1161 1543 1205; x_wconf 87' lang='lat' dir='ltr'><strong>Sed</strong></span> <span class='ocrx_word' id='word_1_115' title='bbox 1559 1161 1705 1207; x_wconf 87' lang='lat' dir='ltr'><strong>adhuc</strong></span> <span class='ocrx_word' id='word_1_116' title='bbox 1726 1179 1839 1223; x_wconf 91' lang='lat' dir='ltr'><strong>qua-</strong></span> 
     </span>
     <span class='ocr_line' id='line_1_15' title="bbox 449 1224 1841 1291; baseline 0.008 -23"><span class='ocrx_word' id='word_1_117' title='bbox 449 1224 509 1269; x_wconf 88' lang='lat' dir='ltr'><strong>les</strong></span> <span class='ocrx_word' id='word_1_118' title='bbox 533 1226 633 1279; x_wconf 88' lang='lat' dir='ltr'><strong>sint,</strong></span> <span class='ocrx_word' id='word_1_119' title='bbox 655 1225 844 1270; x_wconf 91' lang='lat' dir='ltr'><strong>ostendit</strong></span> <span class='ocrx_word' id='word_1_120' title='bbox 859 1236 903 1270; x_wconf 91' lang='lat' dir='ltr'><strong>et</strong></span> <span class='ocrx_word' id='word_1_121' title='bbox 924 1226 1028 1271; x_wconf 89' lang='lat' dir='ltr'><strong>dicit</strong></span> <span class='ocrx_word' id='word_1_122' title='bbox 1047 1247 1055 1271; x_wconf 96' lang='lat'><strong>:</strong></span> <span class='ocrx_word' id='word_1_123' title='bbox 1085 1248 1105 1270; x_wconf 68' lang='grc' dir='ltr'>α</span> <span class='ocrx_word' id='word_1_124' title='bbox 1130 1230 1242 1273; x_wconf 91' lang='lat' dir='ltr'><strong>Caro</strong></span> <span class='ocrx_word' id='word_1_125' title='bbox 1259 1231 1376 1274; x_wconf 90' lang='lat' dir='ltr'><strong>enim</strong></span> <span class='ocrx_word' id='word_1_126' title='bbox 1397 1233 1667 1291; x_wconf 88' lang='lat' dir='ltr'><strong>concupiscit</strong></span> <span class='ocrx_word' id='word_1_127' title='bbox 1683 1233 1841 1278; x_wconf 85' lang='lat' dir='ltr'><strong>adver-</strong></span> 
     </span>
     <span class='ocr_line' id='line_1_16' title="bbox 454 1293 1842 1359; baseline 0.009 -24"><span class='ocrx_word' id='word_1_128' title='bbox 454 1312 474 1336; x_wconf 90' lang='lat'>»</span> <span class='ocrx_word' id='word_1_129' title='bbox 495 1309 566 1338; x_wconf 88' lang='lat' dir='ltr'><strong>sus</strong></span> <span class='ocrx_word' id='word_1_130' title='bbox 589 1295 783 1351; x_wconf 87' lang='lat' dir='ltr'><strong>spiritum</strong></span> <span class='ocrx_word' id='word_1_131' title='bbox 801 1329 812 1349; x_wconf 86' lang='lat'>‚</span> <span class='ocrx_word' id='word_1_132' title='bbox 847 1305 890 1340; x_wconf 93' lang='lat' dir='ltr'><strong>et</strong></span> <span class='ocrx_word' id='word_1_133' title='bbox 920 1293 1094 1355; x_wconf 79' lang='lat' dir='ltr'><strong>spiritus</strong></span> <span class='ocrx_word' id='word_1_134' title='bbox 1121 1298 1325 1344; x_wconf 88' lang='lat' dir='ltr'><strong>adversus</strong></span> <span class='ocrx_word' id='word_1_135' title='bbox 1347 1315 1522 1345; x_wconf 88' lang='lat' dir='ltr'><strong>carnem</strong></span> <span class='ocrx_word' id='word_1_136' title='bbox 1556 1323 1568 1359; x_wconf 83' lang='lat'><em>3</em></span> <span class='ocrx_word' id='word_1_137' title='bbox 1597 1302 1693 1347; x_wconf 87' lang='lat' dir='ltr'><strong>haec</strong></span> <span class='ocrx_word' id='word_1_138' title='bbox 1723 1304 1842 1349; x_wconf 88' lang='lat' dir='ltr'><strong>enim</strong></span> 
     </span>
     <span class='ocr_line' id='line_1_17' title="bbox 454 1364 1839 1429; baseline 0.007 -24"><span class='ocrx_word' id='word_1_139' title='bbox 454 1383 474 1406; x_wconf 93' lang='lat'>»</span> <span class='ocrx_word' id='word_1_140' title='bbox 498 1364 684 1408; x_wconf 89' lang='lat' dir='ltr'><strong>invicem</strong></span> <span class='ocrx_word' id='word_1_141' title='bbox 715 1364 1001 1410; x_wconf 82' lang='lat' dir='ltr'><strong>adversantur</strong></span> <span class='ocrx_word' id='word_1_142' title='bbox 1020 1401 1031 1422; x_wconf 85' lang='lat'>,</span> <span class='ocrx_word' id='word_1_143' title='bbox 1066 1378 1116 1412; x_wconf 93' lang='lat' dir='ltr'><strong>ut</strong></span> <span class='ocrx_word' id='word_1_144' title='bbox 1144 1384 1234 1413; x_wconf 92' lang='lat' dir='ltr'><strong>non</strong></span> <span class='ocrx_word' id='word_1_145' title='bbox 1264 1385 1313 1413; x_wconf 91' lang='lat' dir='ltr'><strong>ea</strong></span> <span class='ocrx_word' id='word_1_146' title='bbox 1341 1387 1440 1429; x_wconf 82' lang='lat' dir='ltr'><strong>quae</strong></span> <span class='ocrx_word' id='word_1_147' title='bbox 1459 1371 1590 1416; x_wconf 85' lang='lat' dir='ltr'><strong>vultis</strong></span> <span class='ocrx_word' id='word_1_148' title='bbox 1613 1371 1790 1417; x_wconf 87' lang='lat' dir='ltr'><strong>faciatis.</strong></span> <span class='ocrx_word' id='word_1_149' title='bbox 1818 1391 1839 1416; x_wconf 90' lang='lat'>»</span> 
     </span>
     <span class='ocr_line' id='line_1_18' title="bbox 451 1434 1844 1503; baseline 0.009 -27"><span class='ocrx_word' id='word_1_150' title='bbox 451 1435 622 1486; x_wconf 86' lang='lat' dir='ltr'><strong>Quibus</strong></span> <span class='ocrx_word' id='word_1_151' title='bbox 637 1434 811 1478; x_wconf 90' lang='lat' dir='ltr'><strong>dicebat</strong></span> <span class='ocrx_word' id='word_1_152' title='bbox 838 1455 846 1480; x_wconf 92' lang='lat'>:</span> <span class='ocrx_word' id='word_1_153' title='bbox 876 1438 932 1480; x_wconf 88' lang='lat' dir='ltr'><strong>Ut</strong></span> <span class='ocrx_word' id='word_1_154' title='bbox 953 1452 1042 1480; x_wconf 91' lang='lat' dir='ltr'><strong>non</strong></span> <span class='ocrx_word' id='word_1_155' title='bbox 1060 1453 1125 1492; x_wconf 90' lang='lat' dir='ltr'><strong>ea,</strong></span> <span class='ocrx_word' id='word_1_156' title='bbox 1150 1454 1249 1498; x_wconf 84' lang='lat' dir='ltr'><strong>quae</strong></span> <span class='ocrx_word' id='word_1_157' title='bbox 1272 1439 1401 1484; x_wconf 89' lang='lat' dir='ltr'><strong>vultis</strong></span> <span class='ocrx_word' id='word_1_158' title='bbox 1418 1441 1610 1485; x_wconf 75' lang='lat' dir='ltr'><strong>faciatis?</strong></span> <span class='ocrx_word' id='word_1_159' title='bbox 1625 1443 1844 1503; x_wconf 89' lang='lat' dir='ltr'><strong>numquid</strong></span> 
     </span>
     <span class='ocr_line' id='line_1_19' title="bbox 450 1504 1840 1573; baseline 0.009 -26"><span class='ocrx_word' id='word_1_160' title='bbox 450 1504 612 1549; x_wconf 87' lang='lat' dir='ltr'><strong>Judaeis</strong></span> <span class='ocrx_word' id='word_1_161' title='bbox 633 1540 643 1559; x_wconf 88' lang='lat'>‚</span> <span class='ocrx_word' id='word_1_162' title='bbox 685 1506 926 1551; x_wconf 89' lang='lat' dir='ltr'><strong>secundum</strong></span> <span class='ocrx_word' id='word_1_163' title='bbox 965 1508 1207 1552; x_wconf 86' lang='lat' dir='ltr'><strong>mirabilem</strong></span> <span class='ocrx_word' id='word_1_164' title='bbox 1247 1520 1431 1555; x_wconf 87' lang='lat' dir='ltr'><strong>vestram</strong></span> <span class='ocrx_word' id='word_1_165' title='bbox 1476 1513 1808 1573; x_wconf 85' lang='lat' dir='ltr'><strong>intelligentiam</strong></span> <span class='ocrx_word' id='word_1_166' title='bbox 1829 1551 1840 1570; x_wconf 95' lang='lat'>,</span> 
     </span>
     <span class='ocr_line' id='line_1_20' title="bbox 450 1574 1843 1644; baseline 0.01 -28"><span class='ocrx_word' id='word_1_167' title='bbox 450 1574 650 1618; x_wconf 83' lang='lat' dir='ltr'><strong>nondum</strong></span> <span class='ocrx_word' id='word_1_168' title='bbox 669 1576 749 1618; x_wconf 88' lang='lat' dir='ltr'><strong>sub</strong></span> <span class='ocrx_word' id='word_1_169' title='bbox 773 1576 933 1620; x_wconf 90' lang='lat' dir='ltr'><strong>Christi</strong></span> <span class='ocrx_word' id='word_1_170' title='bbox 956 1578 1091 1634; x_wconf 86' lang='lat' dir='ltr'><strong>gratia</strong></span> <span class='ocrx_word' id='word_1_171' title='bbox 1117 1580 1363 1625; x_wconf 87' lang='lat' dir='ltr'><strong>constitutis</strong></span> <span class='ocrx_word' id='word_1_172' title='bbox 1387 1603 1398 1635; x_wconf 68' lang='grc' dir='ltr'><strong>ς</strong></span> <span class='ocrx_word' id='word_1_173' title='bbox 1423 1592 1465 1626; x_wconf 88' lang='lat' dir='ltr'><strong>et</strong></span> <span class='ocrx_word' id='word_1_174' title='bbox 1487 1598 1575 1627; x_wconf 91' lang='lat' dir='ltr'><strong>non</strong></span> <span class='ocrx_word' id='word_1_175' title='bbox 1599 1585 1658 1628; x_wconf 92' lang='lat' dir='ltr'><strong>eis</strong></span> <span class='ocrx_word' id='word_1_176' title='bbox 1683 1585 1843 1644; x_wconf 90' lang='lat' dir='ltr'><strong>quibus</strong></span> 
     </span>
     <span class='ocr_line' id='line_1_21' title="bbox 453 1644 1844 1713; baseline 0.01 -26"><span class='ocrx_word' id='word_1_177' title='bbox 453 1644 619 1689; x_wconf 77' lang='lat' dir='ltr'><strong>dixerat</strong></span> <span class='ocrx_word' id='word_1_178' title='bbox 645 1664 654 1689; x_wconf 72' lang='grc' dir='ltr'>ι</span> <span class='ocrx_word' id='word_1_179' title='bbox 693 1664 712 1686; x_wconf 92' lang='lat'>«</span> <span class='ocrx_word' id='word_1_180' title='bbox 740 1649 802 1689; x_wconf 77' lang='lat' dir='ltr'><strong>Ex</strong></span> <span class='ocrx_word' id='word_1_181' title='bbox 832 1649 1036 1705; x_wconf 89' lang='lat' dir='ltr'><strong>operibus</strong></span> <span class='ocrx_word' id='word_1_182' title='bbox 1064 1649 1169 1707; x_wconf 86' lang='lat' dir='ltr'><strong>legis</strong></span> <span class='ocrx_word' id='word_1_183' title='bbox 1199 1652 1399 1709; x_wconf 89' lang='lat' dir='ltr'><strong>spiritum</strong></span> <span class='ocrx_word' id='word_1_184' title='bbox 1427 1654 1647 1713; x_wconf 88' lang='lat' dir='ltr'><strong>accepistis</strong></span> <span class='ocrx_word' id='word_1_185' title='bbox 1668 1690 1679 1710; x_wconf 91' lang='lat'>‚</span> <span class='ocrx_word' id='word_1_186' title='bbox 1714 1671 1771 1699; x_wconf 87' lang='lat' dir='ltr'><strong>an</strong></span> <span class='ocrx_word' id='word_1_187' title='bbox 1793 1671 1844 1701; x_wconf 87' lang='lat' dir='ltr'><strong>ex</strong></span> 
     </span>
     <span class='ocr_line' id='line_1_22' title="bbox 455 1714 1844 1779; baseline 0.011 -24"><span class='ocrx_word' id='word_1_188' title='bbox 455 1733 475 1755; x_wconf 88' lang='lat'>»</span> <span class='ocrx_word' id='word_1_189' title='bbox 502 1714 656 1758; x_wconf 89' lang='lat' dir='ltr'><strong>auditu</strong></span> <span class='ocrx_word' id='word_1_190' title='bbox 679 1715 782 1759; x_wconf 87' lang='lat' dir='ltr'><strong>fidei</strong></span> <span class='ocrx_word' id='word_1_191' title='bbox 804 1718 822 1741; x_wconf 79' lang='lat'>²</span> <span class='ocrx_word' id='word_1_192' title='bbox 840 1719 858 1760; x_wconf 78' lang='grc' dir='ltr'><em>Ρ</em></span> <span class='ocrx_word' id='word_1_193' title='bbox 876 1736 896 1758; x_wconf 76' lang='lat' dir='ltr'><strong>n</strong></span> <span class='ocrx_word' id='word_1_194' title='bbox 917 1717 1086 1762; x_wconf 88' lang='lat' dir='ltr'><strong>Fideles</strong></span> <span class='ocrx_word' id='word_1_195' title='bbox 1109 1720 1255 1779; x_wconf 89' lang='lat' dir='ltr'><strong>itaque</strong></span> <span class='ocrx_word' id='word_1_196' title='bbox 1279 1722 1546 1767; x_wconf 88' lang='lat' dir='ltr'><strong>Christianos</strong></span> <span class='ocrx_word' id='word_1_197' title='bbox 1562 1724 1734 1769; x_wconf 87' lang='lat' dir='ltr'><strong>dicebat</strong></span> <span class='ocrx_word' id='word_1_198' title='bbox 1755 1741 1844 1771; x_wconf 88' lang='lat' dir='ltr'><strong>non</strong></span> 
     </span>
     <span class='ocr_line' id='line_1_23' title="bbox 454 1785 1844 1855; baseline 0.009 -28"><span class='ocrx_word' id='word_1_199' title='bbox 454 1799 504 1828; x_wconf 86' lang='lat' dir='ltr'><strong>ea</strong></span> <span class='ocrx_word' id='word_1_200' title='bbox 536 1801 635 1843; x_wconf 81' lang='lat' dir='ltr'><strong>quae</strong></span> <span class='ocrx_word' id='word_1_201' title='bbox 657 1785 820 1830; x_wconf 86' lang='lat' dir='ltr'><strong>vellent</strong></span> <span class='ocrx_word' id='word_1_202' title='bbox 854 1785 996 1831; x_wconf 86' lang='lat' dir='ltr'><strong>facere</strong></span> <span class='ocrx_word' id='word_1_203' title='bbox 1014 1823 1025 1842; x_wconf 88' lang='lat'>,</span> <span class='ocrx_word' id='word_1_204' title='bbox 1050 1791 1385 1849; x_wconf 86' lang='lat' dir='ltr'><strong>concupiscente</strong></span> <span class='ocrx_word' id='word_1_205' title='bbox 1417 1792 1620 1838; x_wconf 89' lang='lat' dir='ltr'><strong>adversus</strong></span> <span class='ocrx_word' id='word_1_206' title='bbox 1644 1796 1844 1855; x_wconf 89' lang='lat' dir='ltr'><strong>spiritum</strong></span> 
     </span>
     <span class='ocr_line' id='line_1_24' title="bbox 452 1855 1844 1924; baseline 0.01 -28"><span class='ocrx_word' id='word_1_207' title='bbox 452 1869 599 1898; x_wconf 89' lang='lat' dir='ltr'><strong>carne.</strong></span> <span class='ocrx_word' id='word_1_208' title='bbox 622 1855 823 1910; x_wconf 88' lang='lat' dir='ltr'><strong>Quidita‚</strong></span> <span class='ocrx_word' id='word_1_209' title='bbox 839 1857 918 1900; x_wconf 89' lang='lat' dir='ltr'><strong>nisi</strong></span> <span class='ocrx_word' id='word_1_210' title='bbox 937 1859 1037 1918; x_wconf 89' lang='lat' dir='ltr'><strong>quia</strong></span> <span class='ocrx_word' id='word_1_211' title='bbox 1051 1857 1258 1904; x_wconf 88' lang='lat' dir='ltr'><strong>volebant</strong></span> <span class='ocrx_word' id='word_1_212' title='bbox 1275 1862 1523 1907; x_wconf 90' lang='lat' dir='ltr'><strong>inferiorem</strong></span> <span class='ocrx_word' id='word_1_213' title='bbox 1539 1874 1707 1924; x_wconf 87' lang='lat' dir='ltr'><strong>partem</strong></span> <span class='ocrx_word' id='word_1_214' title='bbox 1721 1879 1844 1910; x_wconf 89' lang='lat' dir='ltr'><strong>suam</strong></span> 
     </span>
     <span class='ocr_line' id='line_1_25' title="bbox 452 1926 1845 1992; baseline 0.009 -22"><span class='ocrx_word' id='word_1_215' title='bbox 452 1926 695 1970; x_wconf 90' lang='lat' dir='ltr'><strong>consentire</strong></span> <span class='ocrx_word' id='word_1_216' title='bbox 713 1928 939 1986; x_wconf 82' lang='lat' dir='ltr'><strong>superiori,</strong></span> <span class='ocrx_word' id='word_1_217' title='bbox 965 1928 1010 1972; x_wconf 89' lang='lat' dir='ltr'><strong>id</strong></span> <span class='ocrx_word' id='word_1_218' title='bbox 1032 1939 1110 1984; x_wconf 89' lang='lat' dir='ltr'><strong>est,</strong></span> <span class='ocrx_word' id='word_1_219' title='bbox 1136 1946 1309 1976; x_wconf 89' lang='lat' dir='ltr'><strong>carnem</strong></span> <span class='ocrx_word' id='word_1_220' title='bbox 1333 1935 1517 1992; x_wconf 89' lang='lat' dir='ltr'><strong>spiritui,</strong></span> <span class='ocrx_word' id='word_1_221' title='bbox 1544 1951 1624 1980; x_wconf 91' lang='lat' dir='ltr'><strong>nec</strong></span> <span class='ocrx_word' id='word_1_222' title='bbox 1640 1936 1845 1983; x_wconf 89' lang='lat' dir='ltr'><strong>valebant</strong></span> 
     </span>
     <span class='ocr_line' id='line_1_26' title="bbox 455 1996 1845 2061; baseline 0.01 -23"><span class='ocrx_word' id='word_1_223' title='bbox 455 1996 662 2054; x_wconf 87' lang='lat' dir='ltr'><strong>perficere</strong></span> <span class='ocrx_word' id='word_1_224' title='bbox 695 1998 817 2056; x_wconf 91' lang='lat' dir='ltr'><strong>quod</strong></span> <span class='ocrx_word' id='word_1_225' title='bbox 843 1998 1077 2055; x_wconf 83' lang='lat' dir='ltr'><strong>volebant,</strong></span> <span class='ocrx_word' id='word_1_226' title='bbox 1109 2002 1255 2061; x_wconf 88' lang='lat' dir='ltr'><strong>eisque</strong></span> <span class='ocrx_word' id='word_1_227' title='bbox 1278 2005 1466 2049; x_wconf 88' lang='lat' dir='ltr'><strong>restabat</strong></span> <span class='ocrx_word' id='word_1_228' title='bbox 1492 2021 1580 2050; x_wconf 91' lang='lat' dir='ltr'><strong>non</strong></span> <span class='ocrx_word' id='word_1_229' title='bbox 1601 2008 1845 2052; x_wconf 88' lang='lat' dir='ltr'><strong>consentire</strong></span> 
     </span>
     <span class='ocr_line' id='line_1_27' title="bbox 453 2063 1845 2137; baseline 0.011 -29"><span class='ocrx_word' id='word_1_230' title='bbox 453 2063 518 2108; x_wconf 89' lang='lat' dir='ltr'><strong>illi</strong></span> <span class='ocrx_word' id='word_1_231' title='bbox 545 2066 682 2121; x_wconf 68' lang='lat' dir='ltr'><strong>vitio,</strong></span> <span class='ocrx_word' id='word_1_232' title='bbox 719 2068 793 2111; x_wconf 91' lang='lat' dir='ltr'><strong>sed</strong></span> <span class='ocrx_word' id='word_1_233' title='bbox 826 2070 1054 2113; x_wconf 89' lang='lat' dir='ltr'><strong>adversum</strong></span> <span class='ocrx_word' id='word_1_234' title='bbox 1089 2086 1263 2116; x_wconf 86' lang='lat' dir='ltr'><strong>carnem</strong></span> <span class='ocrx_word' id='word_1_235' title='bbox 1299 2075 1470 2133; x_wconf 90' lang='lat' dir='ltr'><strong>spiritui</strong></span> <span class='ocrx_word' id='word_1_236' title='bbox 1504 2078 1845 2137; x_wconf 81' lang='lat' dir='ltr'><strong>concupiscere?</strong></span> 
     </span>
     <span class='ocr_line' id='line_1_28' title="bbox 456 2137 1845 2209; baseline 0.012 -31"><span class='ocrx_word' id='word_1_237' title='bbox 456 2137 619 2179; x_wconf 90' lang='lat' dir='ltr'><strong>Verum</strong></span> <span class='ocrx_word' id='word_1_238' title='bbox 642 2146 686 2180; x_wconf 89' lang='lat' dir='ltr'><strong>et</strong></span> <span class='ocrx_word' id='word_1_239' title='bbox 706 2139 740 2181; x_wconf 89' lang='lat' dir='ltr'><strong>si</strong></span> <span class='ocrx_word' id='word_1_240' title='bbox 763 2139 845 2183; x_wconf 91' lang='lat' dir='ltr'><strong>hoc</strong></span> <span class='ocrx_word' id='word_1_241' title='bbox 866 2139 910 2183; x_wconf 91' lang='lat' dir='ltr'><strong>in</strong></span> <span class='ocrx_word' id='word_1_242' title='bbox 933 2141 991 2184; x_wconf 91' lang='lat' dir='ltr'><strong>eis</strong></span> <span class='ocrx_word' id='word_1_243' title='bbox 1013 2151 1126 2196; x_wconf 88' lang='lat' dir='ltr'><strong>erat,</strong></span> <span class='ocrx_word' id='word_1_244' title='bbox 1152 2143 1272 2203; x_wconf 91' lang='lat' dir='ltr'><strong>quod</strong></span> <span class='ocrx_word' id='word_1_245' title='bbox 1296 2160 1370 2189; x_wconf 89' lang='lat' dir='ltr'><strong>vos</strong></span> <span class='ocrx_word' id='word_1_246' title='bbox 1393 2148 1573 2204; x_wconf 82' lang='lat' dir='ltr'><strong>putatis,</strong></span> <span class='ocrx_word' id='word_1_247' title='bbox 1598 2157 1648 2192; x_wconf 92' lang='lat' dir='ltr'><strong>ut</strong></span> <span class='ocrx_word' id='word_1_248' title='bbox 1668 2158 1845 2209; x_wconf 87' lang='lat' dir='ltr'><strong>propter</strong></span> 
     </span>
     <span class='ocr_line' id='line_1_29' title="bbox 455 2207 1844 2280; baseline 0.012 -30"><span class='ocrx_word' id='word_1_249' title='bbox 455 2207 812 2252; x_wconf 89' lang='lat' dir='ltr'><strong>consuetudinem</strong></span> <span class='ocrx_word' id='word_1_250' title='bbox 837 2209 993 2254; x_wconf 87' lang='lat' dir='ltr'><strong>malam</strong></span> <span class='ocrx_word' id='word_1_251' title='bbox 1012 2212 1139 2256; x_wconf 88' lang='lat' dir='ltr'><strong>etiam</strong></span> <span class='ocrx_word' id='word_1_252' title='bbox 1156 2213 1352 2259; x_wconf 90' lang='lat' dir='ltr'><strong>nolentes</strong></span> <span class='ocrx_word' id='word_1_253' title='bbox 1374 2217 1486 2260; x_wconf 89' lang='lat' dir='ltr'><strong>male</strong></span> <span class='ocrx_word' id='word_1_254' title='bbox 1502 2218 1719 2277; x_wconf 80' lang='lat' dir='ltr'><strong>viverent3</strong></span> <span class='ocrx_word' id='word_1_255' title='bbox 1736 2221 1844 2280; x_wconf 90' lang='lat' dir='ltr'><strong>quid</strong></span> 
     </span>
     <span class='ocr_line' id='line_1_30' title="bbox 457 2279 1844 2348; baseline 0.013 -29"><span class='ocrx_word' id='word_1_256' title='bbox 457 2286 521 2321; x_wconf 88' lang='lat' dir='ltr'><strong>est</strong></span> <span class='ocrx_word' id='word_1_257' title='bbox 539 2292 639 2335; x_wconf 88' lang='lat' dir='ltr'><strong>ergo</strong></span> <span class='ocrx_word' id='word_1_258' title='bbox 661 2279 780 2337; x_wconf 91' lang='lat' dir='ltr'><strong>quod</strong></span> <span class='ocrx_word' id='word_1_259' title='bbox 805 2279 911 2324; x_wconf 89' lang='lat' dir='ltr'><strong>dicis</strong></span> <span class='ocrx_word' id='word_1_260' title='bbox 931 2316 942 2335; x_wconf 90' lang='lat'>‚</span> <span class='ocrx_word' id='word_1_261' title='bbox 970 2291 1170 2327; x_wconf 87' lang='lat' dir='ltr'><strong>naturam</strong></span> <span class='ocrx_word' id='word_1_262' title='bbox 1193 2286 1285 2328; x_wconf 88' lang='lat' dir='ltr'><strong>sine</strong></span> <span class='ocrx_word' id='word_1_263' title='bbox 1306 2287 1533 2332; x_wconf 87' lang='lat' dir='ltr'><strong>voluntate</strong></span> <span class='ocrx_word' id='word_1_264' title='bbox 1553 2305 1733 2348; x_wconf 88' lang='lat' dir='ltr'><strong>peccare</strong></span> <span class='ocrx_word' id='word_1_265' title='bbox 1754 2307 1844 2337; x_wconf 88' lang='lat' dir='ltr'><strong>non</strong></span> 
     </span>
     <span class='ocr_line' id='line_1_31' title="bbox 459 2350 1843 2414; baseline 0.014 -26"><span class='ocrx_word' id='word_1_266' title='bbox 459 2362 596 2405; x_wconf 88' lang='lat' dir='ltr'><strong>posse,</strong></span> <span class='ocrx_word' id='word_1_267' title='bbox 622 2362 723 2391; x_wconf 89' lang='lat' dir='ltr'><strong>cum</strong></span> <span class='ocrx_word' id='word_1_268' title='bbox 742 2350 845 2393; x_wconf 89' lang='lat' dir='ltr'><strong>istos</strong></span> <span class='ocrx_word' id='word_1_269' title='bbox 862 2366 950 2394; x_wconf 92' lang='lat' dir='ltr'><strong>non</strong></span> <span class='ocrx_word' id='word_1_270' title='bbox 965 2351 1160 2398; x_wconf 85' lang='lat' dir='ltr'><strong>volentes</strong></span> <span class='ocrx_word' id='word_1_271' title='bbox 1174 2370 1353 2414; x_wconf 90' lang='lat' dir='ltr'><strong>peccare</strong></span> <span class='ocrx_word' id='word_1_272' title='bbox 1374 2358 1576 2403; x_wconf 81' lang='lat' dir='ltr'><strong>fatearis?</strong></span> <span class='ocrx_word' id='word_1_273' title='bbox 1597 2363 1686 2405; x_wconf 90' lang='lat' dir='ltr'><strong>Cur</strong></span> <span class='ocrx_word' id='word_1_274' title='bbox 1697 2371 1843 2408; x_wconf 90' lang='lat' dir='ltr'><strong>autem</strong></span> 
     </span>
     <span class='ocr_line' id='line_1_32' title="bbox 459 2415 1884 2492; baseline 0.014 -33"><span class='ocrx_word' id='word_1_275' title='bbox 459 2415 573 2460; x_wconf 87' lang='lat' dir='ltr'><strong>dicta</strong></span> <span class='ocrx_word' id='word_1_276' title='bbox 596 2417 649 2462; x_wconf 89' lang='lat' dir='ltr'><strong>sit</strong></span> <span class='ocrx_word' id='word_1_277' title='bbox 671 2421 1019 2479; x_wconf 87' lang='lat' dir='ltr'><strong>concupiscentia</strong></span> <span class='ocrx_word' id='word_1_278' title='bbox 1054 2425 1192 2468; x_wconf 89' lang='lat' dir='ltr'><strong>carnis</strong></span> <span class='ocrx_word' id='word_1_279' title='bbox 1215 2436 1440 2484; x_wconf 86' lang='lat' dir='ltr'><strong>peccatum</strong></span> <span class='ocrx_word' id='word_1_280' title='bbox 1461 2463 1472 2484; x_wconf 91' lang='lat'>,</span> <span class='ocrx_word' id='word_1_281' title='bbox 1497 2429 1620 2475; x_wconf 82' lang='lat' dir='ltr'><strong>lexve</strong></span> <span class='ocrx_word' id='word_1_282' title='bbox 1647 2434 1812 2492; x_wconf 85' lang='lat' dir='ltr'><strong>peccati</strong></span> <span class='ocrx_word' id='word_1_283' title='bbox 1827 2470 1839 2490; x_wconf 89' lang='lat'>‚</span> <span class='ocrx_word' id='word_1_284' title='bbox 1879 2426 1884 2478; x_wconf 83' lang='grc'>1</span> 
     </span>
    </p>
   </div>
   <div class='ocr_carea' id='block_1_3' title="bbox 457 2487 1884 2612">
    <p class='ocr_par' dir='ltr' id='par_1_4' title="bbox 457 2487 1884 2612">
     <span class='ocr_line' id='line_1_33' title="bbox 457 2487 1884 2548; baseline 0.015 -20"><span class='ocrx_word' id='word_1_285' title='bbox 457 2487 548 2544; x_wconf 86' lang='lat' dir='ltr'><strong>jam</strong></span> <span class='ocrx_word' id='word_1_286' title='bbox 585 2501 712 2546; x_wconf 89' lang='lat' dir='ltr'><strong>supra</strong></span> <span class='ocrx_word' id='word_1_287' title='bbox 737 2487 923 2534; x_wconf 76' lang='lat' dir='ltr'><strong>diximus</strong></span> <span class='ocrx_word' id='word_1_288' title='bbox 950 2511 958 2535; x_wconf 87' lang='lat'>:</span> <span class='ocrx_word' id='word_1_289' title='bbox 984 2492 1053 2536; x_wconf 87' lang='lat' dir='ltr'><strong>cui</strong></span> <span class='ocrx_word' id='word_1_290' title='bbox 1075 2494 1107 2536; x_wconf 90' lang='lat' dir='ltr'><strong>si</strong></span> <span class='ocrx_word' id='word_1_291' title='bbox 1133 2493 1294 2540; x_wconf 90' lang='lat' dir='ltr'><strong>bonum</strong></span> <span class='ocrx_word' id='word_1_292' title='bbox 1321 2506 1384 2541; x_wconf 90' lang='lat' dir='ltr'><strong>est</strong></span> <span class='ocrx_word' id='word_1_293' title='bbox 1405 2513 1494 2543; x_wconf 89' lang='lat' dir='ltr'><strong>non</strong></span> <span class='ocrx_word' id='word_1_294' title='bbox 1523 2503 1766 2548; x_wconf 84' lang='lat' dir='ltr'><strong>consentire</strong></span> <span class='ocrx_word' id='word_1_295' title='bbox 1787 2503 1843 2548; x_wconf 86' lang='lat' dir='ltr'><strong>ad</strong></span> <span class='ocrx_word' id='word_1_296' title='bbox 1880 2494 1884 2521; x_wconf 76' lang='lat'>³</span> 
     </span>
     <span class='ocr_line' id='line_1_34' title="bbox 512 2570 1005 2612; baseline 0.012 -11"><span class='ocrx_word' id='word_1_297' title='bbox 512 2577 518 2592; x_wconf 92' lang='lat'>¹</span> <span class='ocrx_word' id='word_1_298' title='bbox 541 2570 605 2602; x_wconf 85' lang='lat' dir='ltr'><strong>Gal.</strong></span> <span class='ocrx_word' id='word_1_299' title='bbox 629 2583 661 2609; x_wconf 78' lang='lat' dir='ltr'><strong>v,</strong></span> <span class='ocrx_word' id='word_1_300' title='bbox 691 2573 739 2606; x_wconf 80' lang='lat'><strong>16.</strong></span> <span class='ocrx_word' id='word_1_301' title='bbox 758 2591 797 2597; x_wconf 54' lang='lat' dir='ltr'><strong>v·—</strong></span> <span class='ocrx_word' id='word_1_302' title='bbox 814 2581 825 2595; x_wconf 82' lang='lat'>2</span> <span class='ocrx_word' id='word_1_303' title='bbox 843 2575 888 2607; x_wconf 82' lang='lat' dir='ltr'><strong>Id.</strong></span> <span class='ocrx_word' id='word_1_304' title='bbox 910 2587 956 2612; x_wconf 75' lang='grc' dir='ltr'><strong>ιιι,</strong></span> <span class='ocrx_word' id='word_1_305' title='bbox 978 2588 1005 2609; x_wconf 80' lang='lat'><strong>2.</strong></span> 
     </span>
    </p>
   </div>
   <div class='ocr_carea' id='block_1_4' title="bbox 1852 1183 1884 3285">
    <p class='ocr_par' dir='ltr' id='par_1_5' title="bbox 1852 1183 1884 3285">
     <span class='ocr_line' id='line_1_35' title="bbox 1852 1183 1884 3285; baseline 0 0"><span class='ocrx_word' id='word_1_306' title='bbox 1852 1183 1884 3285; x_wconf 95' lang='lat' dir='ltr'><strong>  </strong></span> 
     </span>
    </p>
   </div>
  </div>
 </body>
</html>
