1884 3285
416 278 501 316 320
857 290 890 313 s.
928 283 1160 313 AUGUSTlNI
1194 284 1374 313 EPISCOPI

469 355 760 396 Atoisnms.
792 350 1007 395 Subantes
1041 365 1144 408 ergo
1171 350 1326 394 animae
1349 358 1446 408 post
1476 360 1516 393 te
1538 351 1681 410 potius
1704 366 1804 396 cur·
1846 365 1870 404 :·

409 431 528 477 runt,
565 422 641 482 qui
676 420 903 466 libidinem
940 420 1090 465 laudas
1123 440 1132 465 ι
1163 436 1264 465 nam
1294 429 1422 465 castae
1456 421 1610 465 animae
1631 422 1804 482 vitupe-
1868 442 1873 469 ε

409 491 546 537 raudo
569 502 781 552 arguunt,
803 491 923 553 quod
946 491 1235 552 expugnando
1250 489 1502 535 laudantur.

465 566 539 607 VI.
564 566 791 609 JiL1Amzs.
819 583 837 605 «
862 563 1057 608 Delectat
1082 578 1256 622 prorsus
1275 571 1317 606 et
1334 563 1508 621 penitus
1530 563 1679 617 aflicit,
1695 578 1802 608 cau·
1847 551 1851 607 ἓ

406 634 488 678 sari
530 634 873 679 imbecillitatem
908 642 1076 678 naturae
1102 668 1112 689 ,
1155 633 1299 678 dicere
1346 648 1519 677 carnem
1561 633 1802 693 congenitis
1848 653 1852 680 a

405 705 638 751 obnoxiam
659 721 748 751 esse
770 705 982 766 peccatis,
1010 720 1089 749 nec
1120 705 1164 748 in
1187 704 1413 750 voluntate
1436 704 1624 748 hominis
1646 719 1799 748 emen·
1849 724 1852 749 ι

404 776 590 821 dationis
619 778 826 821 effectum
859 776 1002 821 locare
1023 812 1033 831 ‚
1064 776 1139 821 sed
1172 775 1419 821 studiorum
1449 776 1629 820 crimina
1658 776 1801 820 officia
1849 804 1850 808 =

1865 711 1876 828 ann--.istut
1870 636 1877 698 sm.
1874 583 1879 608 Ἀ,

402 862 558 892 vocare
580 847 874 892 membrorum
894 866 903 892 2
924 846 1182 892 catholicam
1208 847 1319 891 hanc
1341 845 1473 890 fidem
1496 861 1601 901 esse,
1623 855 1672 890 ut
1691 845 1797 889 libe-
1849 867 1853 872 ¹

402 932 499 961 rum
524 918 784 963 confiteatur
815 918 1044 962 arbitrium
1070 953 1080 973 ‚
1108 917 1183 962 sed
1223 933 1298 977 per
1321 918 1442 977 quod
1473 918 1606 962 homo
1636 915 1799 960 malum
1850 957 1853 963 .

401 987 543 1033 facere
562 999 759 1048 cogatur,
779 990 944 1034 bonum
961 989 1072 1034 velle
1095 1004 1183 1034 non
1202 990 1378 1048 possit.»

459 1063 753 1105 Arois-rmus.
794 1059 910 1113 Quid
953 1059 1079 1103 nobis
1127 1059 1347 1113 irasceris,
1374 1058 1450 1117 qui
1482 1057 1799 1101 emendationis
1850 1067 1866 1100 J.

400 1131 604 1175 eflectum
634 1140 758 1175 tanto
780 1131 938 1175 certius
963 1130 1209 1189 appetimus
1226 1164 1236 1184 9
1262 1137 1429 1189 quanto
1455 1127 1626 1172 fidelius
1642 1143 1742 1172 eum
1774 1143 1797 1172 a
1851 1129 1854 1161 ἶ

400 1202 586 1245 Domino
615 1202 802 1259 petimus
825 1203 842 1244 P
862 1204 1038 1244 Frustra
1072 1200 1271 1244 inflatam
1293 1200 1488 1259 linguam
1511 1214 1618 1244 voce
1641 1214 1796 1259 super·
1850 1223 1854 1262 3

400 1271 547 1315 biente
572 1271 746 1316 dilatas:
773 1271 978 1316 nolumus
999 1286 1191 1330 prorsus,
1211 1271 1416 1316 nolumus
1439 1270 1497 1315 eis
1521 1271 1793 1315 annumerari
1852 1313 1854 1318 ,

398 1342 474 1401 qui
499 1342 729 1386 confidunt
753 1343 799 1386 in
822 1343 991 1401 virtute}
1021 1357 1097 1386 sua
1126 1344 1155 1386 ¹.
1190 1342 1348 1386 Anima
1376 1350 1522 1386 nostra
1557 1345 1646 1386 Deo
1677 1341 1790 1396 sitit,
1851 1363 1854 1392 ς

398 1414 469 1457 cui
492 1413 598 1458 dicit
619 1432 626 1458 :
667 1432 687 1456 «
712 1413 896 1472 Diligam
919 1421 958 1457 te
978 1448 989 1467 ,
1015 1413 1198 1457 Domine
1221 1447 1231 1467 ,
1258 1412 1392 1456 virtus
1422 1427 1516 1455 mea
1538 1414 1570 1454 ².
1602 1430 1620 1452 n
1647 1414 1794 1456 Potest
1852 1415 1855 1462 ’ξ

397 1485 511 1528 enim
532 1485 664 1530 homo
688 1486 854 1529 bonum
872 1484 984 1528 velle
1011 1505 1020 1542 3
1041 1483 1116 1529 scd
1140 1493 1408 1544 praeparatur
1424 1483 1626 1528 voluntas
1649 1499 1671 1526 a
1706 1486 1794 1528 Do-
1853 1507 1855 1510 ⁴

397 1555 516 1600 mino
548 1558 562 1580 3
596 1574 603 1600 ε
638 1555 681 1599 in
716 1555 883 1599 malum
925 1570 1027 1600 vero
1054 1555 1194 1599 libens
1231 1555 1370 1613 vergit
1400 1555 1577 1609 vitiata,
1613 1562 1792 1614 propter
1852 1563 1855 1609 ξ

396 1625 517 1684 quod
540 1635 603 1671 est
624 1625 815 1670 sananda
830 1635 1001 1670 natura.

456 1699 551 1740 VII.
589 1699 610 1740 J
621 1717 633 1740 t
648 1713 816 1741 rums.
847 1716 866 1739 «
899 1699 1044 1741 Vanos
1076 1712 1180 1741 vero
1210 1697 1437 1741 hominum
1477 1696 1789 1755 haereticosque

394 1781 626 1820 sermones,
647 1769 723 1828 qui
740 1776 932 1811 asserant
949 1768 1261 1827 Deumjustuni
1279 1766 1335 1811 ad
1356 1766 1523 1812 bonum
1547 1781 1656 1826 opus
1676 1765 1788 1810 libe-
1852 1794 1856 1828 3

394 1852 491 1881 rum
515 1837 736 1882 hominem
761 1837 1006 1882 condidisse
1021 1873 1031 1892 ,
1050 1847 1093 1882 et
1113 1853 1203 1882 esse
1218 1838 1263 1882 in
1286 1838 1629 1898 uniuscujusque
1650 1846 1789 1896 potes·
1852 1829 1855 1844 ’

393 1916 481 1952 tate
504 1909 705 1954 recedere
723 1924 745 1953 a
770 1907 885 1953 malo
900 1944 910 1964 ,
938 1924 987 1953 ac
1004 1907 1157 1953 studiis
1179 1908 1409 1968 splendere
1431 1908 1603 1953 virtutis
1619 1943 1630 1963 ,
1652 1917 1702 1952 ut
1722 1907 1789 1952 his
1853 1928 1856 1942 ·

393 1979 467 2039 qui
492 1979 655 2038 flagitia
689 1980 733 2023 in
762 1979 1061 2024 necessitatem
1085 1980 1224 2024 carnis
1247 1979 1504 2035 refundunt,
1531 1978 1788 2024 sollicitudi-

392 2065 498 2094 num
523 2060 566 2094 et
588 2051 795 2095 timorum
811 2050 985 2096 aculeus
1008 2052 1227 2108 infigatur.
1247 2069 1265 2092 »

450 2124 710 2167 Aoum-nus.
738 2124 836 2167 Non
857 2120 1042 2166 dicimus
1058 2122 1287 2166 hominum
1313 2136 1447 2166 vanos
1474 2121 1786 2180 haereticosque
1852 2116 1858 2165 ἒ

390 2205 634 2246 sermones,
673 2192 746 2252 qui
781 2201 977 2236 asserunt
1018 2195 1155 2236 Deum
1186 2193 1355 2252 justum
1390 2190 1445 2235 ad
1482 2192 1650 2236 bonum
1676 2206 1785 2251 opus

389 2261 578 2307 liberum
614 2264 838 2308 hominem
862 2263 1121 2308 condidisse.
1146 2263 1291 2307 Talem
1326 2263 1489 2323 quippe
1515 2264 1655 2308 Adam
1676 2278 1785 2307 con-

389 2332 500 2378 didit
518 2334 562 2378 in
581 2350 670 2395 quo
697 2333 862 2379 fuimus
884 2349 1034 2379 omnes
1061 2354 1071 2380 2
1095 2335 1169 2378 sed
1194 2334 1414 2394 peccando
1438 2335 1628 2393 perdidit
1646 2349 1706 2389 se,
1741 2343 1785 2377 et

388 2418 537 2448 omncs
571 2405 616 2449 in
645 2421 703 2449 se.
745 2404 870 2450 Unde
905 2420 1023 2449 nunc
1056 2420 1145 2449 non
1179 2414 1242 2448 est
1273 2405 1319 2449 in
1349 2414 1563 2464 potestate
1591 2404 1783 2449 filiorum

384 2474 575 2519 hominis
613 2492 636 2520 a
675 2475 788 2520 malo
811 2475 1018 2531 liberari,
1045 2476 1128 2519 nisi
1153 2476 1290 2534 gratia
1327 2476 1400 2519 Dei
1431 2475 1506 2520 det
1522 2485 1782 2535 potestatem

384 2543 496 2589 filios
530 2546 606 2589 Dei
628 2546 722 2590 fieri
746 2547 778 2590 ⁴.
814 2549 996 2606 Propter
1023 2547 1106 2591 hoc
1122 2581 1133 2598 ‚
1159 2561 1247 2591 non
1270 2547 1334 2590 his
1357 2546 1433 2607 qui
1456 2546 1617 2605 flagitia
1635 2581 1646 2601 ,
1672 2546 1782 2590 sicut

434 2637 440 2652 ¹
469 2630 547 2663 l‘sal.
571 2640 679 2671 xuni,
701 2637 796 2672 7.—²
811 2631 857 2663 ld.
879 2641 955 2673 xvii,
974 2628 1072 2663 2.—3
1092 2632 1186 2664 Prov.
1209 2641 1277 2672 vin,
1292 2631 1388 2673 juxta
1407 2629 1568 2664 Lxx-4
1588 2632 1681 2664 Joan.
1702 2641 1726 2672 1,
1750 2641 1778 2663 1.
