1884 3285
456 288 540 327 446
894 298 927 326 S.
965 298 1194 328 Aucus-rim
1230 301 1408 328 muscopi

453 381 552 425 quae
570 379 645 424 per
662 372 888 424 peccatum
906 364 1033 424 primi
1055 365 1242 410 hominis
1264 366 1441 410 intravit
1461 366 1507 410 in
1529 366 1745 412 mundum
1763 402 1775 422 ,
1795 377 1839 413 et

454 451 476 480 a
500 439 524 480 J
529 435 662 480 udaeis
681 450 851 495 serpere
871 436 1095 495 inciperet,
1115 437 1191 497 qui
1208 438 1554 497 praevaricatores
1569 438 1674 497 legis
1690 438 1839 484 effecti

453 515 556 551 sunt
572 541 583 562 ,
609 515 657 550 ut
677 515 867 551 servaret
888 506 1218 551 similitudinem
1239 508 1603 567 praevaricationis
1624 509 1753 565 Adae,
1778 508 1840 553 di-

453 588 623 623 ceretur
645 577 699 623 de
715 578 805 635 illa,
833 599 853 621 «
873 582 953 623 Per
975 595 1114 623 unum
1135 580 1358 624 hominem
1376 580 1569 635 intravit,
1591 589 1634 624 et
1647 595 1725 640 per
1741 596 1839 626 om-

456 668 476 691 »
502 665 577 694 nes
601 650 798 695 homines
820 650 1113 709 pertransiit1.
1135 668 1156 690 »
1183 651 1265 696 Cui
1288 651 1403 695 enim
1420 686 1431 707 ,
1456 667 1545 696 non
1567 651 1666 696 dico
1686 651 1836 707 stulto,

453 718 528 764 sed
549 719 690 775 fatuo,
711 719 1048 780 persuadebitis,
1066 729 1251 765 mortem
1268 736 1346 780 per
1362 736 1502 765 unum
1524 721 1747 765 hominem
1769 722 1840 765 in-

454 799 606 846 trasse,
631 799 674 835 et
695 806 774 850 per
809 806 958 835 omnes
988 791 1186 835 homines
1216 793 1520 851 pertransisse,
1545 807 1679 853 quam
1700 791 1842 838 dicitis

454 869 518 905 tot
541 870 690 919 gentes
722 871 765 905 et
795 870 860 906 tot
883 861 1041 907 saecula
1063 864 1407 922 praetermisisse,
1435 873 1478 908 et
1507 862 1562 907 ad
1584 879 1655 908 eos
1682 863 1758 923 qui
1776 863 1850 919 le-¹

454 945 550 989 gem
584 941 867 991 acceperant,
897 934 1068 978 intactis
1092 935 1278 989 caeteris,
1304 935 1549 994 pervenisse
1567 970 1577 989 ,
1610 943 1650 978 et
1674 949 1776 978 cum
1802 929 1850 979 et¹

454 1074 818 1131 praevaricationis
853 1073 959 1118 Adae
978 1109 988 1128 ,
1011 1073 1086 1118 sed
1109 1074 1200 1117 sine
1223 1074 1599 1133 praevaricatione,
1631 1075 1733 1134 quia
1754 1075 1846 1119 sine

453 1141 549 1201 lege
584 1146 908 1202 peccaverunt?
935 1148 1113 1188 Prorsus
1135 1160 1223 1189 non
1247 1154 1310 1189 est
1342 1145 1458 1189 unde
1486 1154 1678 1189 vestrum
1708 1145 1845 1189 corri-

454 1215 560 1271 gatis
582 1230 771 1260 errorem
788 1251 798 1270 ,
820 1215 899 1259 nisi
917 1215 1102 1260 redeatis
1124 1215 1178 1260 ad
1201 1217 1458 1261 catholicam
1477 1216 1633 1272 fidem,
1654 1233 1753 1277 quae
1770 1218 1848 1261 ho-

453 1285 562 1329 mini
601 1287 744 1345 primo
784 1287 971 1346 principi
1014 1288 1300 1345 generationis
1342 1289 1564 1333 hominem
1603 1287 1848 1332 secundum
1880 1286 1884 1313 ¹

454 1356 695 1415 principem
723 1344 1063 1416 regenerationis
1084 1359 1282 1418 opponit.

513 1428 839 1472 CLXXXVIII.
877 1431 1104 1472 JcmAm-s.
1145 1448 1164 1470 «
1186 1429 1271 1482 Qui
1288 1428 1425 1473 Adam
1445 1427 1585 1473 forma
1601 1427 1764 1472 dicitur
1779 1427 1850 1472 fu—

456 1497 567 1551 turi,
592 1496 637 1540 id
660 1507 747 1552 est,
771 1498 932 1543 Christi
962 1517 970 1543 :
996 1514 1148 1543 verum
1178 1498 1320 1543 forma
1350 1515 1373 1542 a
1395 1499 1614 1544 contrario
1629 1534 1643 1554 ,
1667 1507 1715 1543 ut
1738 1500 1850 1543 sicut

454 1565 527 1609 ille
548 1568 712 1625 peccati
730 1603 745 1622 ,
770 1568 827 1612 ita
850 1568 920 1612 hic
937 1569 1119 1628 justitiae
1138 1567 1279 1613 forma
1300 1568 1517 1613 credatur.
1547 1569 1631 1614 Sed
1649 1569 1760 1613 sicut
1776 1569 1848 1612 in-
1882 1571 1884 1599 :

454 1638 648 1681 carnatio
669 1637 852 1692 Christi,
873 1639 1054 1698 justitiae
1075 1637 1159 1683 fuit
1181 1638 1320 1683 forma
1337 1675 1347 1693 ,
1369 1654 1457 1683 non
1475 1639 1614 1698 prima
1629 1674 1640 1694 ,
1661 1639 1851 1684 sedma-

454 1706 617 1762 xima²3
642 1707 744 1766 quia
767 1717 810 1751 et
832 1718 932 1752 ante
954 1724 1085 1768 quam
1110 1709 1305 1752 Verbum
1328 1725 1428 1753 caro
1450 1709 1598 1763 fieret,
1618 1724 1669 1753 ex
1690 1724 1740 1753 ea
1762 1708 1850 1753 fide

455 1792 555 1835 quae
577 1777 622 1820 in
647 1781 785 1821 Deum
805 1787 918 1833 erat,
941 1788 984 1822 et
1004 1779 1047 1822 in
1072 1779 1298 1838 Prophetis
1313 1789 1357 1823 et
1378 1780 1424 1824 in
1445 1779 1596 1824 multis
1618 1779 1710 1824 aliis
1724 1795 1849 1824 sanc-

455 1846 507 1890 tis
540 1845 699 1891 fulsere
725 1848 933 1905 virtutes3
964 1849 1166 1893 veniente
1201 1858 1348 1893 autem
1381 1859 1629 1909 temporum
1654 1850 1847 1909 plenitu-

455 1916 558 1961 dine
573 1953 584 1972 ,
610 1928 755 1963 exacta
771 1919 817 1963 in
834 1921 1006 1964 Christo
1018 1920 1196 1980 justitiae
1218 1936 1371 1965 norma
1391 1920 1688 1981 resplenduit,
1709 1931 1753 1966 et
1773 1922 1851 1981 qui

458 1990 692 2046 praedictus
717 1989 857 2035 fuerat
880 2000 1000 2049 pater
1022 1990 1159 2035 futuri
1177 1992 1324 2036 saeculi
1340 1994 1354 2018 3
1374 2014 1385 2050 3
1404 2003 1491 2037 tam
1507 1991 1849 2051 praecedentium

458 2069 735 2116 sanctorum,
767 2076 898 2120 quam
928 2061 1058 2105 etiam
1091 2062 1368 2121 sequentium
1402 2070 1701 2106 remunerator
1738 2062 1850 2106 emi-

459 2138 571 2172 nuit.
601 2147 621 2171 »

518 2202 808 2245 At‘crsrmus.
845 2202 1130 2259 Agnoscimus
1153 2203 1347 2247 haeresim
1386 2211 1573 2247 vestram
1609 2221 1618 2247 2
1653 2202 1858 2251 definivit

459 2270 573 2312 enim
603 2270 825 2328 Pelagius,
864 2273 985 2331 quod
1019 2288 1108 2316 non
1138 2288 1188 2317 ex
1224 2273 1311 2317 fide
1348 2272 1656 2317 incarnationis
1687 2271 1850 2318 Christi

459 2340 628 2398 antiqui
647 2341 831 2384 vixerint
849 2342 979 2400 justi,
1002 2344 1105 2401 quia
1121 2343 1323 2388 videlicet
1344 2345 1544 2388 nondum
1566 2344 1611 2387 in
1632 2358 1761 2387 carne
1778 2357 1850 2387 ve-

458 2420 581 2454 nerat
601 2410 842 2456 Christus4.
869 2413 980 2456 Cum
1012 2412 1210 2471 profecto
1230 2414 1277 2457 id
1298 2413 1500 2458 futurum
1524 2428 1613 2457 non
1637 2427 1860 2477 praenunft

461 2481 656 2538 tiassent,
680 2482 762 2527 nisi
782 2483 945 2542 priores
961 2483 1115 2543 utique
1133 2483 1430 2529 credidissent.
1460 2483 1546 2529 Sed
1568 2484 1615 2528 in
1635 2484 1749 2528 hanc
1768 2483 1848 2527 ab·-

509 2590 517 2605 ¹
537 2585 632 2616 Rom.
654 2595 686 2625 v,
722 2594 770 2617 12.
787 2602 827 2607 —
844 2592 856 2607 ²
880 2584 978 2624 Beda,
997 2585 1122 2618 Praefat.
1141 2585 1172 2618 in
1188 2586 1311 2619 Cantic.
1331 2597 1404 2630 cap.
1431 2587 1461 2619 3.
1482 2603 1523 2610 —-·
1543 2584 1556 2610 3
1574 2586 1647 2619 lsai.
1677 2597 1725 2624 11,
1752 2585 1786 2619 6.
1807 2602 1848 2609 —

460 2637 475 2669 4
496 2639 574 2673 Vide
586 2640 642 2673 lib.
657 2652 668 2674 1
684 2645 797 2675 contra
809 2642 886 2675 duas
900 2642 999 2685 Epist.
1019 2642 1177 2686 Pelagian.
1193 2654 1265 2686 cape
1284 2654 1338 2676 αι.
