1884 3285
1830 142 1834 155 .

1832 187 1835 244 Ι

416 273 500 312 402
850 280 881 305 s.
920 276 1150 304 mucosum
1180 275 1363 317 ,muscosa
1832 246 1837 273 Ι

414 351 472 392 cis
496 346 710 391 adh-thetis
736 344 955 389 inimicam
977 340 1297 395 defensionem,
1321 353 1420 383 cum
1445 336 1630 382 destruit
1650 336 1800 381 inimi·
1834 385 1838 403 5

416 433 514 463 cum
539 426 581 461 et
601 415 889 460 defensolem.
1834 405 1839 459 Ι
1877 399 1883 426 Ι

474 489 654 534 CXXX.
691 489 920 529 Juumns.
961 501 981 525 «
1007 482 1115 526 Inde
1136 481 1314 540 gratiam
1336 477 1526 524 ostendit
1541 491 1631 522 esse
1650 475 1805 522 lauda-
1835 462 1839 528 Ι
1878 470 1884 498 Ι

411 560 559 614 bilem,
579 559 613 602 si
630 559 669 601 ei
682 573 760 617 per
777 555 921 601 omnia
936 553 1187 598 conveniret
1203 550 1324 612 quod
1341 550 1466 606 dixit,
1490 568 1511 592 n
1535 568 1557 593 «
1577 547 1803 593 ,Iudicium
1836 523 1884 641 ΙΙ

414 648 434 671 »
462 646 515 674 ex
532 644 622 673 uno
643 628 689 671 in
712 624 1144 678 condemnationem,
1169 622 1306 682 gratia
1323 630 1468 665 autem
1492 636 1545 664 ex
1561 618 1710 663 multis
1733 617 1806 665 de-

415 719 435 742 »
461 699 613 744 lictis
603 714 648 742 m
679 695 1139 757 justificationem1.»
1180 696 1275 746 Qua
1304 701 1353 735 tu
1379 705 1480 749 ergo
1501 688 1679 735 licentia
1707 702 1805 745 gra·
1838 614 1884 743 ΙμΙ

410 772 515 815 tiam
532 770 692 815 Christi
712 783 761 812 ea
777 765 1031 811 laudatione
1053 763 1298 818 fraudabis,
1323 778 1410 824 qua
1431 760 1554 806 illam
1573 757 1808 820 Apostolus
1838 754 1870 819 Ι
1878 753 1884 787 Ι

409 840 550 886 voluit
570 838 819 899 praedicari·
839 845 889 881 ut
911 835 1085 895 dejicias
1107 833 1286 878 titulum
1303 831 1553 890 dignitatis,
1577 845 1654 889 per
1676 842 1809 890 quem
1839 824 1884 904 Ιιτῖ

410 911 549 956 solum
571 911 785 955 honorem
807 908 900 967 ejus
924 921 999 951 vas
1022 904 1245 950 electionis
1268 904 1406 949 voluit
1428 902 1627 962 agnosci?
1647 919 1667 943 »
1841 889 1844 923 Ι
1880 893 1883 915 Ι

466 979 901 1025 Amusmmus.11aec
935 976 986 1020 ad
1019 975 1221 1034 parvulos
1248 990 1338 1019 non
1365 972 1586 1034 pervenit,
1620 971 1655 1015 si
1685 970 1811 1016 nullo
1840 948 1876 1035 ΙΙ

414 1052 573 1097 delicto
600 1050 842 1096 secundum
877 1062 954 1092 vos
980 1045 1161 1104 obligati
1193 1054 1337 1089 sunt:
1375 1045 1451 1088 sed
1487 1043 1590 1102 quia
1624 1041 1846 1100 obligati
1841 1031 1884 1100 ΙεΙ

413 1131 540 1177 sunt,
565 1121 763 1180 profecto
783 1118 919 1177 gratia
937 1132 988 1159 ex
1005 1115 1152 1159 multis
1170 1113 1339 1158 delictis
1357 1112 1687 1158 multitudinem
1703 1110 1810 1155 fide·
1842 1111 1877 1146 Ι
1866 1129 1877 1180 ,³

412 1194 520 1236 lium
544 1206 722 1235 suorum
740 1189 1010 1249 justificans,
1035 1186 1168 1230 etiam
1189 1184 1245 1229 ad
1268 1200 1405 1229 unum
1425 1184 1636 1229 delictum
1658 1197 1817 1227 sanan-
1843 1149 1848 1240 Ι
1880 1210 1884 1218 -

416 1263 523 1307 dum
554 1261 752 1320 pervenit
784 1272 967 1312 eorum,
999 1266 1049 1300 ut
1075 1271 1126 1301 ex
1148 1271 1221 1300 ore
1248 1254 1486 1300 infantium
1518 1255 1716 1299 destruat
1739 1267 1815 1297 ora
1844 1173 1884 1322 ΙΙΙ

416 1333 667 1378 fallentium
689 1331 969 1375 inimicorum
990 1337 1034 1372 et
1053 1328 1349 1371 defensorum.
1844 1316 1871 1400 Ι

473 1406 676 1449 CXXXI.
703 1405 934 1446 JULIANUS.
960 1418 979 1441 «
999 1398 1077 1443 Ille
1092 1398 1227 1442 dixit:
1249 1416 1269 1440 »
1288 1399 1348 1442 Gt
1351 1397 1435 1441 atia
1451 1411 1502 1440 ex
1517 1394 1666 1440 multis
1683 1393 1815 1438 delle·
1871 1382 1884 1416 ΙΙ

420 1494 441 1518 »
468 1476 521 1520 tis
538 1476 585 1518 in
602 1473 959 1534 justificationem
978 1490 987 1515 :
1012 1488 1034 1511 n
1052 1469 1125 1514 ille
1142 1469 1309 1528 peccati
1325 1468 1570 1513 efficientiae
1586 1465 1815 1510 medicinae
1852 1480 1855 1485 ’

419 1545 588 1604 copiam
622 1543 841 1603 praetulit3
873 1541 949 1600 qui
978 1555 1127 1585 sensus
1149 1538 1465 1584 catholicorum
1488 1536 1682 1595 dogmati
1707 1551 1816 1580 con·
1854 1562 1855 1566 =
1881 1532 1884 1559 ³

420 1617 558 1675 gruit,
582 1614 919 1673 intelligentium
943 1612 987 1654 in
1007 1611 1074 1654 his
1092 1611 1388 1655 remissionem
1406 1617 1686 1669 peccatorum
1704 1605 1816 1661 fieri,
1881 1619 1884 1630 ⁴

420 1686 467 1729 in
490 1686 650 1745 quibus
681 1692 865 1743 possunt
896 1681 1032 1725 multa
1063 1680 1355 1740 deprehendi,
1386 1679 1432 1723 id
1453 1689 1542 1734 est,
1567 1687 1691 1723 motu
1711 1693 1818 1737 pro-·
1854 1707 1856 1709 ·
1883 1681 1884 1692 Ι

421 1757 527 1815 priae
558 1754 799 1799 voluntatis
829 1760 1011 1797 attracta
1048 1770 1057 1795 ε
1092 1751 1138 1795 in
1172 1751 1334 1810 quibus
1365 1759 1512 1794 autem
1542 1764 1632 1793 non
1666 1748 1721 1793 sit
1747 1747 1819 1791 hic

423 1835 568 1870 motus
590 1825 779 1884 propriae
799 1822 1058 1876 voluntatis,
1085 1820 1130 1865 id
1151 1830 1236 1876 est,
1258 1821 1304 1865 in
1324 1819 1538 1880 parvulis,
1561 1834 1654 1864 non
1674 1818 1819 1863 minus
1856 1830 1858 1836 ’

426 1895 550 1941 nulla
571 1911 687 1950 esse,
713 1910 847 1955 quam
867 1892 1071 1937 multa.»
1850 1902 1855 1948 ;

486 1971 779 2013 Accusamus.
814 1964 943 2011 Nulla
967 1979 1070 2022 ergo
1092 1961 1147 2007 ad
1171 1978 1242 2007 eos
1267 1961 1497 2008 Salvatoris
1517 1961 1705 2040 pertinet
1725 1975 1820 2004 me·
1850 1955 1859 2035 Ι

427 2039 596 2094 dicina,
621 2047 664 2083 et
685 2038 882 2083 Christus
904 2050 994 2080 non
1016 2044 1080 2079 est
1097 2034 1156 2078 eis
1180 2036 1331 2078 Jesus:
1355 2042 1398 2078 et
1419 2041 1470 2077 tu
1491 2032 1569 2109 qui
1590 2033 1675 2076 hoc
1695 2031 1856 2086 dicis,
1851 2058 1859 2089 Ι

429 2109 563 2153 audes
584 2108 730 2153 vocari
746 2106 1040 2152 Christianus.
1032 2106 1049 2139 ἶ)
1072 2104 1181 2148 Dein
1203 2105 1237 2147 si
1258 2112 1308 2147 ut
1330 2103 1508 2157 definis,
1532 2103 1579 2146 in
1600 2101 1664 2146 his
1687 2101 1737 2146 fit
1757 2117 1821 2146 re·
1851 2093 1859 2178 Ι

430 2179 576 2223 missio
597 2187 899 2237 peccatorum,
921 2176 968 2220 in
985 2175 1147 2236 quibus
1162 2184 1345 2234 possunt
1367 2174 1506 2218 multa
1528 2172 1820 2233 depreh>endi3
1852 2179 1861 2264 Ι

429 2249 637 2308 quoniam
656 2250 715 2292 sic
731 2247 888 2306 accipis
903 2246 1023 2306 quod
1042 2245 1353 2305 ait‘Apostolus
1371 2280 1381 2300 ,
1407 2264 1427 2287 «
1446 2245 1593 2289 Gratia
1607 2259 1659 2288 ex
1675 2242 1822 2287 multis
1852 2239 1865 2284 li

432 2337 455 2361 »
480 2318 648 2363 delictis
669 2319 716 2362 in
734 2317 1089 2393 justificationem
1105 2319 1122 2343 2
1149 2332 1158 2357 z
1188 2334 1207 2356 »
1241 2331 1328 2360 non
1352 2316 1572 2375 pertinent
1591 2314 1647 2359 ad
1670 2315 1816 2358 remis·
1852 2299 1854 2321 Ι

430 2389 595 2434 sionem
622 2397 923 2448 peccatorum,
957 2386 1055 2446 qui,
1085 2385 1326 2430 secundum
1357 2401 1459 2440 vos,
1496 2400 1588 2430 non
1613 2385 1862 2429 habentes
1860 2377 1863 2391 ⁵

431 2458 640 2518 originale
661 2466 912 2534 peccatum,
935 2456 988 2500 ad
1012 2455 1228 2500 lavacrum
1251 2455 1591 2514 regenerationis
1613 2470 1713 2499 cum
1734 2454 1823 2499 sin-
1860 2455 1861 2459 ’

431 2529 542 2588 gulis
562 2529 742 2573 veniunt
757 2527 957 2588 paucisve
974 2527 1173 2586 peccatis.
1194 2524 1349 2570 Videte
1367 2541 1467 2586 quae
1485 2525 1652 2584 dicitis,
1672 2534 1716 2570 et
1731 2534 1855 2570 non'

480 2617 600 2648 ¹.Rom
620 2625 654 2655 v,
686 2613 737 2646 16.
756 2611 928 2645 —21bid.
