1884 3285
1844 0 1879 162 l

1095 268 1099 271 ὴ
1848 241 1853 281 ἱ

462 301 543 340 444
891 314 924 338 s.
962 310 1193 339 Arcus-nm
1225 312 1407 339 EPISCOPI
1850 283 1853 286 Ι

457 380 521 422 nis
545 377 649 422 Adae
666 386 956 436 peccaverunt
974 397 985 434 3
1005 378 1224 421 neminem
1248 376 1489 421 secundum
1511 392 1586 423 vos
1607 377 1806 424 invenitis
1820 414 1833 437 ,
1869 380 1877 428 i

454 450 555 509 quia
569 463 718 493 omnes
730 449 804 507 qui
817 457 1108 508 peccaverunt
1120 448 1164 491 in
1180 447 1505 492 similitudinem
1520 449 1610 508 ejus
1622 464 1834 509 peccasse,
1869 444 1884 508 ἐ

454 521 497 564 id
515 529 600 574 est,
621 518 867 577 exemplum
888 520 980 579 ejus
994 528 1162 563 secutos
1180 534 1269 563 esse
1291 518 1568 563 contenditis.
1589 522 1733 565 Fovea
1754 520 1837 580 igi·
1881 525 1884 581 J

455 600 525 636 tur
547 590 790 651 vulpeculae
808 605 858 634 ex
879 599 1065 650 utraque
1079 599 1201 649 parte
1216 590 1418 635 conclusa
1442 600 1506 635 est
1535 610 1544 635 ε
1564 606 1654 636 non
1673 600 1737 636 est
1753 607 1839 652 qua
1853 629 1858 641 ,
1874 628 1884 650 n

456 663 612 715 intret,
634 672 683 706 ut
700 662 830 706 lateat
849 682 859 718 ς
879 671 954 706 aut
973 662 1006 705 si
1024 663 1109 722 jam
1129 662 1188 706 ibi
1211 662 1389 717 latebat,
1407 677 1496 706 non
1511 672 1574 708 est
1590 678 1678 722 qua
1699 671 1834 719 exeat,
1852 643 1884 706 l'

453 743 503 779 ut
516 733 685 779 evadat.
1854 716 1860 755 ⁵*
1881 790 1884 795 ι

511 806 747 849 CLXXVI.
786 806 1013 849 Jt‘LIANt‘s.
1054 822 1073 845 «
1100 806 1157 849 Ut
1177 805 1336 865 quibus
1355 804 1420 848 lex
1441 805 1541 848 data
1556 819 1646 849 non
1665 813 1727 848 est
1742 839 1753 859 ,
1776 805 1838 849 in·
1858 822 1865 845 ·,’

451 874 704 933 telligantur
725 890 814 919 non
837 890 927 919 esse
948 885 1164 934 praecepta
1186 875 1456 933 transgressi,
1477 875 1538 918 rei
1562 883 1708 919 autem
1730 889 1839 919 con·-
1858 875 1884 891 ²

451 945 682 990 vincantur
699 980 709 999 ,
742 944 947 1003 quoniam
972 944 1237 1004 negligentes
1260 945 1470 989 rationem
1489 980 1499 996 ‚
1525 960 1656 1004 quam
1677 945 1838 1004 proprii

450 1017 494 1059 in
511 1031 781 1075 unoquoque
796 1024 1091 1074 protestantur
1107 1015 1304 1070 affectus,
1322 1015 1389 1059 vel
1403 1016 1607 1059 humanae
1624 1016 1838 1060 societatis
1863 1018 1873 1055 ε’

450 1087 516 1131 vel
543 1087 720 1146 pudoris
737 1088 833 1145 jura
858 1086 1188 1142 temeraverint,
1213 1095 1343 1145 atque
1365 1086 1463 1130 ideo
1485 1095 1638 1131 mutua
1660 1086 1838 1146 quidem

450 1159 691 1202 imitatione
707 1193 716 1210 ‚
738 1173 828 1201 non
852 1167 1000 1201 tamen
1028 1158 1132 1215 legis
1148 1193 1158 1213 ,
1185 1173 1284 1217 quae
1306 1158 1496 1202 necdum
1518 1157 1605 1203 lata
1626 1167 1739 1213 erat,
1767 1159 1838 1202 di-

448 1237 609 1272 cuntur
626 1228 961 1287 transgressione
978 1243 1190 1288 peccasse.
1213 1231 1358 1289 Usque
1376 1229 1430 1272 ad
1449 1228 1588 1288 legem
1609 1245 1711 1288 ergo
1732 1243 1836 1289 pec·
1858 1241 1862 1253 '

448 1309 591 1345 catum
616 1299 698 1344 fuit
717 1336 726 1354 ‚
747 1316 836 1345 non
854 1301 1152 1359 praevaricatio
1175 1320 1183 1345 z
1204 1310 1302 1360 post
1318 1301 1457 1360 legem
1473 1310 1642 1356 autem,
1664 1317 1753 1347 non
1768 1316 1838 1347 so-

448 1371 538 1415 lum
558 1381 784 1431 peccatum
804 1408 814 1425 ,
840 1373 913 1417 sed
937 1374 1063 1417 etiam
1084 1372 1427 1431 praevaricatio1.
1452 1373 1666 1430 Regnavit
1692 1383 1837 1417 autem
1862 1338 1873 1409 l

448 1458 563 1486 mors
589 1452 750 1486 aeterna
770 1478 779 1496 ,
811 1459 941 1501 quam
973 1444 1105 1495 Adae,
1134 1443 1168 1486 si
1199 1451 1440 1501 peccasset,
1472 1443 1759 1502 ascripturum
1794 1458 1837 1487 se
1862 1414 1875 1529 ξ

446 1516 560 1557 Deus
577 1513 885 1573 spoponderat.
915 1515 1050 1570 Igitur
1079 1512 1151 1557 illa
1180 1529 1294 1557 mors
1321 1522 1499 1571 peccato
1521 1513 1667 1557 debita
1685 1549 1696 1568 ,
1722 1529 1838 1558 mors
1864 1539 1872 1578 Ξ

445 1583 645 1642 poenalis,
666 1583 861 1641 regnavit
875 1593 917 1626 et
932 1592 1030 1626 ante
1044 1583 1199 1640 legem,
1215 1584 1259 1625 in
1278 1598 1350 1626 eos
1365 1583 1440 1642 qui
1456 1593 1762 1641 peccaverunt,
1783 1584 1836 1627 si·
1868 1578 1869 1582 ¹

446 1663 521 1698 cut
532 1654 576 1696 in
589 1653 836 1708 Sodomitis,
855 1654 972 1697 ethis
986 1654 1060 1713 qui
1072 1653 1225 1697 diluvii
1240 1663 1433 1712 tempore
1445 1654 1836 1714 propteriniquita-
1863 1671 1871 1696 r⁴

446 1734 555 1778 tem,
581 1725 868 1767 voluntariam
889 1733 1051 1779 tamen,
1072 1724 1141 1769 vel
1161 1724 1279 1768 varia
1301 1734 1403 1768 sunt
1417 1733 1544 1768 aetate
1567 1726 1831 1784 consumpti,

445 1795 641 1855 regnavit
668 1814 676 1839 :
703 1805 744 1839 et
767 1805 865 1855 post
886 1796 1041 1854 legem,
1064 1796 1109 1839 in
1130 1796 1196 1839 his
1219 1811 1328 1855 quos
1353 1811 1446 1840 reos
1468 1797 1834 1855 praevaricationis

444 1866 624 1910 invenit.
656 1885 674 1907 »

504 1939 792 1980 Ancns'rmus.
827 1936 1046 1989 Quoniam
1081 1945 1266 1980 mortem
1299 1935 1379 1979 nisi
1407 1945 1615 1981 aeternam
1648 1953 1738 1981 non
1771 1938 1834 1982 vis

444 2021 532 2051 esse
559 2005 804 2066 poenalem,
840 2006 873 2049 si
907 2021 1022 2049 mors
1043 2005 1228 2064 poenalis
1250 2022 1339 2051 non
1368 2015 1452 2061 est,
1479 2022 1579 2065 quae
1606 2023 1630 2050 a
1652 2022 1834 2066 corpore

444 2079 632 2122 animam
655 2086 852 2136 separat,
873 2093 950 2121 cur
967 2092 1060 2120 eam
1084 2078 1209 2121 timet
1230 2087 1402 2131 natura,
1424 2093 1557 2137 quam
1581 2079 1640 2121 sic
1663 2078 1830 2135 laudas,
1866 2066 1872 2075 ⁵

443 2157 490 2191 ut
514 2163 642 2206 neges
661 2163 748 2191 esse
769 2147 989 2192 vitiatam?
1007 2147 1121 2200 Quid
1141 2162 1282 2191 causae
1299 2157 1384 2200 est,
1408 2156 1458 2191 ut
1479 2148 1622 2192 infans
1638 2148 1714 2192 ubi
1728 2164 1833 2209 pau-
1870 2199 1872 2202 .

442 2217 582 2261 lulum
602 2218 655 2261 ab
678 2218 860 2261 infantia
885 2217 1086 2277 progredi
1108 2219 1312 2278 eoeperit,
1329 2219 1417 2278 jam
1438 2218 1645 2263 formidet
1668 2220 1833 2264 occidi?

443 2290 532 2332 Cur
550 2303 637 2331 non
655 2288 713 2331 ita
728 2297 777 2331 ut
792 2288 838 2330 in
855 2303 1072 2343 somnum,
1095 2304 1242 2332 sensus
1258 2299 1321 2332 est
1337 2290 1537 2348 proclivis
1554 2291 1599 2333 in
1616 2293 1833 2334 mortem?
1868 2330 1871 2338 .

443 2361 533 2404 Cur
550 2359 693 2417 magni
712 2359 929 2402 habentur
945 2360 1020 2418 qui
1038 2370 1222 2403 mortem
1241 2376 1327 2404 non
1350 2370 1573 2415 metuunt,
1594 2362 1727 2421 hique
1741 2371 1830 2406 tam
1868 2373 1871 2409 ζ

443 2430 527 2473 rari
557 2431 690 2473 sunt?
718 2430 808 2473 Cur
839 2429 967 2473 etiam
1000 2430 1089 2488 ipse
1116 2430 1192 2490 qui
1226 2431 1619 2489 concupiscentiam
1650 2446 1694 2475 se
1721 2432 1831 2476 dixit
1869 2439 1871 2442 ’

444 2500 606 2543 habere
643 2499 838 2552 dissolvi,
872 2508 915 2542 et
944 2515 1033 2544 esse
1062 2515 1161 2543 cum
1196 2500 1416 2555 Christ0‘2‚
1449 2516 1538 2545 non
1561 2501 1657 2546 vult
1685 2510 1831 2546 tamen

445 2569 642 2630 spoliari,
668 2569 741 2613 sed
760 2571 1033 2629 supervestiri
1051 2605 1061 2625 ,
1083 2580 1131 2614 ut
1153 2572 1436 2615 absorbeatur
1450 2571 1632 2617 mortale
1648 2588 1670 2617 a
1687 2573 1831 2617 vita³?

495 2662 504 2677 ¹
528 2657 619 2687 Rom.
642 2666 674 2693 v,
698 2656 748 2687 13.
764 2673 805 2678 —-
823 2662 835 2677 2
856 2655 969 2698 Philip.
992 2655 1144 2696 1,23.”-
1161 2654 1173 2678 ³
1195 2664 1213 2688 ¹).
1232 2656 1302 2688 Cor.
1323 2666 1354 2693 v,
1375 2656 1405 2697 4.
