1821 3264
246 286 391 314 ominis
424 284 602 312 mpssnr.
637 283 799 310 CONTRA
832 274 1000 310 Jt‘JL1AN.
1039 284 1120 309 Lm.
1158 284 1186 308 1.
1327 271 1402 309 181

84 353 204 397 XIV.
219 353 242 395 J
247 369 473 395 nmmos«
496 349 815 408 Scripturarum
829 363 930 392 sane
949 347 1193 392 testimonia
1206 346 1411 407 quaedam

25 423 152 469 latius
165 423 357 482 exposui,
370 419 571 482 quaedam
587 420 760 463 brevius
776 439 784 463 :
802 419 902 478 quia
918 434 986 462 me
1003 418 1132 477 plane
1149 418 1193 462 id
1210 427 1412 462 secuturo

27 508 155 553 opere
172 491 391 537 facturum
407 488 636 551 spopondi.
657 489 773 534 Nihil
788 489 1009 548 itaqueibi
1024 487 1078 531 de
1099 489 1303 532 omnibus
1326 492 1413 534 Au-

27 564 187 624 gustini
216 563 481 622 argumentis
514 570 557 605 et
585 560 955 621 propositionibus
979 575 1065 604 non
1091 559 1316 618 explosum
1342 575 1414 603 re-

26 635 199 690 mansit,
224 634 334 678 nihil
356 650 379 678 a
402 649 470 677 me
491 631 722 692 impletum
745 641 808 676 est
830 631 953 675 aliter
974 646 1106 690 quam
1130 631 1412 690 promissum:

29 705 166 750 multa
187 705 233 748 in
254 704 440 749 inventis
454 704 544 763 ejus
566 701 688 758 falsa,
711 702 847 746 multa
864 700 1035 756 stolida,
1056 702 1262 759 sacrilega
1276 700 1415 745 multa

31 773 213 821 convici.
239 793 258 816 »

89 850 380 892 Anat-surmus.
422 848 515 890 Hoc
554 845 734 905 quidem
772 843 878 889 dicis
898 879 908 899 ‚
953 843 1027 888 sed
1073 854 1120 889 tu
1165 843 1270 889 dicis
1301 863 1309 889 :
1341 843 1416 903 qui

30 928 174 965 autem
195 917 302 977 legit
321 926 364 961 et
386 916 591 975 intelligit
610 951 620 971 ,
646 916 679 960 si
698 931 785 960 non
817 915 1074 974 Pelagianus
1103 924 1190 970 est,
1217 930 1308 960 non
1334 915 1418 959 hoc

30 989 151 1033 dicit.

87 1062 185 1104 XV.
223 1062 451 1104 JnmANt-s.
482 1078 501 1100 «
532 1061 628 1112 Qua
659 1057 927 1117 professione
951 1073 1040 1102 non
1065 1066 1128 1101 est
1152 1057 1277 1101 nobis
1300 1070 1420 1100 arro-

30 1131 189 1189 gantiae
211 1129 325 1174 fama
349 1128 585 1173 metuenda
612 1149 620 1173 :
647 1130 747 1188 quia
779 1145 867 1173 non
888 1129 1064 1188 ingenio
1080 1143 1177 1172 meo
1196 1127 1422 1172 veritatem

29 1199 276 1255 defensam,
301 1199 377 1244 sed
407 1199 750 1244 imbecillitatem
786 1200 921 1244 nostri
954 1200 1117 1258 ingenii
1141 1198 1330 1243 veritatis
1355 1197 1422 1242 vi-

31 1271 151 1315 ribus
171 1271 433 1315 confitemur
453 1273 662 1331 adjutam.
691 1289 710 1311 »

103 1345 395 1386 Amusnms.
445 1341 606 1385 Elisam
645 1339 818 1386 dixisses
839 1376 848 1393 ,
891 1341 923 1384 si
966 1356 1117 1385 verum
1166 1340 1309 1385 dicere
1343 1354 1424 1385 vo-

31 1413 195 1457 luisses.

90 1487 210 1528 XVI.
258 1486 485 1528 JL‘LIANrs.
527 1486 637 1529 Cum
670 1485 764 1528 haec
802 1486 948 1543 itaque
980 1483 1099 1527 haud
1134 1482 1256 1528 aliter
1294 1499 1426 1544 quam

32 1554 121 1599 dixi
138 1558 170 1609 1,
196 1564 361 1599 constet
385 1555 561 1615 impleta
588 1577 598 1613 3
627 1556 771 1599 mirari
797 1557 896 1601 satis
920 1571 1091 1616 nequeo
1128 1556 1317 1600 hominis
1343 1556 1427 1599 im-

32 1626 302 1686 pudentiam,
323 1628 398 1686 qui
425 1628 469 1671 in
496 1628 580 1671 hoc
606 1629 770 1671 recenti
793 1643 923 1687 opere
950 1644 1028 1672 suo
1047 1627 1180 1671 libros
1205 1643 1323 1671 meos
1344 1627 1425 1671 falae

34 1697 168 1742 sitatis
186 1707 373 1751 accusat,
392 1713 500 1756 quos
523 1707 669 1742 tamen
689 1698 877 1742 necdum
901 1699 945 1741 in
967 1714 1120 1741 manus
1146 1714 1242 1741 suas
1261 1698 1428 1741 venisse

33 1776 229 1812 testatur.
272 1771 439 1812 Durum
476 1769 653 1828 quidem
680 1805 690 1823 ,
737 1769 856 1829 quod
901 1768 1173 1813 consuetudo
1216 1768 1428 1828 peccandi

34 1853 224 1883 amorem
247 1837 395 1882 delicti
419 1838 521 1883 facit
541 1858 548 1882 :
569 1838 642 1882 sed
670 1838 778 1882 nihil
801 1838 974 1893 durius,
995 1854 1125 1898 quam
1150 1838 1271 1898 quod
1296 1840 1429 1883 extin-

35 1908 129 1965 guit
149 1908 363 1968 pudorem
397 1930 406 1966 3
437 1908 557 1969 quod
580 1909 678 1954 licet
704 1925 753 1953 ex
785 1910 1075 1968 improbitatis
1094 1924 1175 1953 usu
1195 1924 1284 1953 esse
1307 1925 1429 1954 cons-

37 1987 161 2033 taret,
184 1987 330 2024 tamen
352 1979 536 2039 amplius
554 1980 780 2039 praesentia
796 1979 986 2039 pericula
1009 1979 1273 2035 docuerunt,
1296 1995 1429 2040 quam

34 2050 266 2110 quisquam
310 2060 507 2095 nostrum
558 2060 728 2109 poterat
778 2060 1022 2094 autumare.
1074 2050 1262 2103 Quando
1313 2051 1429 2094 enim

35 2119 258 2163 crederem
288 2136 339 2164 eo
369 2136 506 2180 usque
538 2121 739 2165 Numidae
771 2121 1017 2164 induruisse
1046 2120 1236 2164 frontem
1263 2155 1274 2175 ‚
1314 2130 1363 2164 ut
1386 2121 1431 2164 in

36 2205 128 2234 uno
151 2205 282 2249 opere
301 2200 344 2234 et
363 2206 453 2235 uno
471 2207 597 2235 versu
616 2201 853 2252 utrumque
891 2191 1103 2236 fateretur
1118 2226 1128 2246 ,
1156 2201 1200 2236 et
1231 2206 1301 2235 me
1322 2191 1430 2236 falsa

37 2261 205 2315 dixisse,
230 2271 272 2305 et
288 2276 331 2304 se
353 2277 442 2306 non
465 2263 618 2321 legisse
635 2263 744 2323 quid
763 2263 959 2307 dixerim,
981 2282 1000 2303 »

95 2335 389 2377 Atersnms.
430 2335 472 2378 Si
496 2335 578 2379 hoc
601 2350 688 2379 non
715 2335 869 2390 fecisti,
903 2334 975 2378 ille
1002 2335 1107 2379 fecit
1136 2335 1212 2395 qui
1234 2334 1288 2379 de
1310 2334 1430 2378 libris

38 2402 122 2446 tuis
144 2418 209 2457 ea,
235 2419 335 2463 quae
358 2405 703 2450 ComitiValerio
725 2405 893 2465 putavit
913 2406 1125 2450 mittenda
1150 2421 1255 2460 esse,
1282 2406 1432 2449 decer-

38 2475 139 2534 psit.
161 2476 290 2527 Quod
313 2491 411 2519 eum
437 2493 523 2522 non
549 2478 728 2522 credens
751 2494 832 2537 ego
856 2477 1005 2522 fecisse
1028 2477 1310 2531 mendaciter,
1337 2491 1432 2521 auc·

42 2546 123 2589 tori
153 2546 289 2590 tribui
323 2547 444 2607 quod
478 2547 723 2607 decerptori
759 2547 905 2592 debui.
950 2551 1064 2593 Tuos
1104 2548 1266 2607 quippe
1300 2547 1458 2592 libros·

90 2637 97 2652 ¹
120 2630 198 2662 Vide
215 2630 270 2662 lib.
292 2643 315 2663 n
333 2631 373 2664 ‹lc
390 2633 524 2674 Nuptiis,
546 2643 615 2674 cap.
637 2642 667 2664 2,
