1821 3264
0 0 40 213 i

2 751 10 1018 ἕ

0 1019 6 1232 ξ

0 1279 2 1311 i'

273 245 416 273 OPEltts
449 247 624 273 lMPERF·
660 248 821 276 cotvrstA
855 253 1024 281 suman.
1064 256 1144 281 Lm.
1186 258 1230 283 11.
1366 248 1449 286 399

62 311 223 370 species
236 319 278 355 te
290 326 522 370 corporum
541 314 711 370 doceat,
729 332 917 376 quorum
936 335 1035 364 cum
1051 321 1103 365 sit
1120 321 1266 382 opifex
1283 339 1449 370 summe

62 382 205 426 bonus
227 391 270 426 et
292 381 416 427 nullo
436 383 541 428 vitio
567 384 841 444 depravatus,
867 389 1016 435 vitiosa
1039 400 1182 436 tamen
1203 395 1337 439 multa
1359 411 1449 440 nas-

62 461 222 498 cuntur
247 471 255 498 :
283 462 326 497 et
354 453 509 514 utique
536 455 569 499 si
604 471 733 502 nemo
756 470 995 517 peccasset,
1031 461 1150 506 nulla
1180 463 1224 507 in
1252 466 1449 523 paradiso

61 522 162 568 talia
176 533 472 568 nascerentur.

117 596 314 639 CXXIV.
338 597 564 639 Jummus.
594 614 612 636 «
647 598 703 641 Ut
736 598 983 657 baptismati
1006 602 1229 646 veritatem
1261 606 1445 663 propriae

59 665 319 724 operationis
346 664 565 709 auferres?
590 668 646 710 Ut
669 669 782 722 Deo,
818 670 893 728 qui
922 679 1038 714 totus
1061 673 1240 731 aequitas
1258 684 1341 728 est,
1369 676 1444 734 qui

58 735 148 779 sine
159 736 291 795 justia
313 738 426 780 Deus
444 750 534 780 esse
550 751 641 781 non
660 746 821 796 potest,
848 741 1084 799 perspicuae
1105 742 1344 803 iniquitatis
1362 745 1446 789 cri-

57 821 159 850 men
188 806 448 851 ascriberes?
467 825 488 848 »

116 880 408 923 Amusnms.
432 880 519 923 Vos
539 878 621 922 hoc
641 879 783 937 potius
804 880 971 926 facitis:
992 884 1197 941 quoniam
1221 884 1254 927 si
1278 884 1444 943 parvuli

55 949 148 993 sine
169 948 300 993 ullius
322 950 488 1009 peccati
516 949 671 994 merito
694 962 954 1010 premuntur
977 954 1095 1012 gravi
1112 955 1237 1013 jugo,
1269 956 1443 1016 iniquus

54 1028 118 1064 est
139 1023 253 1064 Deus
275 1039 285 1066 ι
305 1021 380 1065 sed
398 1021 499 1082 quia
518 1020 591 1066 ille
609 1038 698 1067 non
713 1031 776 1067 est
793 1023 991 1083 iniquus,
1020 1033 1065 1068 tu
1091 1040 1133 1069 es
1155 1026 1444 1072 calumniosus

55 1099 100 1134 et
121 1106 276 1135 caecus.

110 1163 288 1207 CXXV.
311 1165 539 1207 humus.
571 1182 590 1205 «
614 1166 742 1218 Tam,
767 1164 971 1223 inquam,
999 1165 1258 1223 perspicuae,
1286 1175 1333 1209 ut
1354 1167 1443 1225 ipse

0 1263 1 1277 i
52 1232 164 1277 hanc
185 1233 408 1292 injustitiae
432 1235 636 1293 speciem,
658 1250 790 1294 quam
813 1236 905 1294 ejus
924 1236 1118 1280 mentiris
1140 1236 1362 1281 adhaerere
1371 1239 1443 1296 ju-

0 1328 1 1337 κ
51 1302 195 1357 diciis,
215 1303 320 1362 legis
341 1320 431 1349 suae
453 1306 710 1352 auctoritate
733 1306 1016 1351 damnaverit.

108 1377 403 1421 Arctswmrs.
429 1379 480 1420 In
512 1378 603 1436 ejus
636 1376 732 1434 lege
756 1377 963 1435 seriptum
999 1386 1084 1431 est,
1115 1378 1302 1421 animam
1343 1393 1442 1437 par·-

50 1443 184 1499 vuli1‚
221 1445 257 1490 si
296 1446 366 1490 dei
393 1455 547 1491 octavo
576 1462 665 1491 non
701 1446 1057 1500 circumcidatur,
1090 1447 1361 1492 interituram
1388 1449 1442 1492 de

50 1514 217 1574 populo
254 1531 333 1561 suo
369 1535 377 1560 ε
420 1531 508 1576 quo
546 1517 729 1569 merito,
771 1516 842 1560 dic
879 1517 912 1559 si
950 1519 1098 1575 potes?
1138 1518 1223 1562 Sed.
1263 1518 1442 1561 omnino

49 1599 140 1628 non
177 1594 323 1645 potes3
360 1594 404 1630 et
439 1594 586 1630 tamen
624 1585 831 1644 originale
865 1595 1089 1645 peccatum
1126 1586 1324 1644 negando
1353 1602 1441 1632 non

49 1664 178 1700 taces.

109 1730 308 1773 CXXVI.
334 1731 562 1773 JULIAix'ts.
593 1731 740 1782 «Quae
763 1744 864 1787 ergo
888 1738 952 1773 tot
971 1729 1335 1792 blasphemiarum
1360 1745 1439 1772 ne-

49 1799 218 1843 cessitas
240 1798 346 1855 suit,
383 1800 417 1844 si
454 1816 534 1844 nec
562 1800 641 1844 ista
673 1816 804 1860 quam
842 1799 1150 1859 amplexabaris
1189 1799 1301 1843 fnit?
1331 1802 1438 1852 Quae

48 1869 228 1930 quidem
249 1871 359 1915 nihil
376 1871 541 1915 habens
570 1871 804 1925 momenti,
836 1880 982 1914 tamen
1003 1871 1123 1915 velut
1150 1870 1350 1930 quaedam
1374 1880 1438 1914 ta-

48 1939 153 1985 bula
168 1939 416 1996 videbatur,
435 1957 567 2001 quam
581 1942 625 1984 in
642 1950 764 1985 tanto
782 1941 1010 1999 naufragio
1029 1940 1287 1994 contineres,
1305 1955 1436 1998 quam

47 2011 175 2056 victis
193 2013 407 2066 remisisti,
427 2028 522 2058 sero
538 2012 655 2066 licet,
677 2012 859 2056 lacertis.
889 2014 943 2056 tsst
963 2011 1077 2055 enim
1095 2027 1158 2054 res
1182 2011 1436 2070 repetitione

45 2081 252 2128 clarescat
278 2103 287 2129 z
307 2083 406 2128 ideo
427 2084 695 2129 Manichacus
723 2083 970 2127 credebaris
996 2083 1050 2127 ab
1072 2083 1229 2141 ineptis
1251 2083 1429 2141 quibus-

46 2170 132 2213 que
149 2155 416 2209 tolerandus,
439 2171 493 2199 ne
510 2156 658 2214 gratiae
677 2155 835 2200 Christi
855 2169 942 2198 non
960 2154 1005 2197 in
1023 2152 1222 2198 omnibus
1241 2168 1325 2196 una
1348 2152 1436 2195 91Ϊί-

45 2225 202 2269 cientia
229 2224 449 2270 videretur
474 2244 482 2269 :
510 2225 669 2269 adhoc
699 2234 746 2269 tu
775 2240 915 2278 nunc,
948 2224 1040 2267 sine
1073 2223 1228 2267 adactu
1258 2232 1432 2276 nostro,

44 2295 323 2355 expositionis
363 2306 449 2340 tuae
484 2295 756 2355 processibus
788 2293 999 2348 intulisti,
1048 2293 1195 2337 dicens
1239 2292 1434 2351 Apostoli

44 2366 300 2410 sententiam
315 2402 324 2420 ,
348 2382 448 2426 quae
467 2366 525 2410 ait
544 2401 553 2421 ,
585 2384 603 2407 «
630 2365 776 2410 Gratia
796 2374 938 2408 autem
961 2380 1010 2407 ex
1032 2363 1179 2407 multis
1202 2362 1368 2406 delictis
1389 2363 1434 2405 in

48 2454 67 2478 »
87 2437 442 2497 justificationem
454 2439 486 2493 2,
515 2456 534 2479 η
560 2439 605 2481 in
628 2437 879 2481 hominibus
907 2434 1083 2495 quidem
1107 2433 1276 2493 majoris
1296 2433 1434 2476 :etatis

43 2523 183 2567 posse,
208 2509 254 2553 in
287 2509 475 2568 parvulis
508 2523 611 2554 vero
634 2524 724 2553 non
746 2522 870 2568 posse
893 2505 1123 2565 compleri,
1157 2503 1231 2548 sed
1266 2519 1356 2548 esse
1386 2503 1431 2547 in
1460 2546 1467 2552 ,

92 2600 100 2617 ¹
122 2595 200 2628 Gen.
222 2605 297 2631 xvn,
314 2593 398 2637 4.-
416 2601 427 2617 ²
450 2596 540 2626 Rom,
561 2604 596 2634 v,
622 2593 672 2625 16.
