1884 3285
454 222 507 261 40
889 240 920 265 s.
956 236 1188 267 Avensa-ml
1220 242 1403 271 EPISCOPI

447 309 697 355 arrogarent
728 316 739 343 :
782 319 802 342 «
838 304 995 347 Potens
1025 314 1088 349 est
1122 306 1236 350 enim
1274 310 1409 364 Deus,
1444 312 1606 372 inquit,
1638 325 1825 365 statuere

444 384 464 406 »
490 381 604 410 eum.
636 386 654 408 »
690 371 784 427 Ipse
812 371 957 432 itaque
979 373 1053 419 dat
1080 380 1462 434 perserverantiam
1480 417 1492 436 ,
1524 384 1600 443 qui
1635 395 1824 435 statuere

440 445 592 493 potens
634 447 696 482 est
729 454 801 484 eos
836 443 912 500 qui
955 453 1095 499 stant,
1140 455 1186 489 ut
1227 453 1643 506 perseverantissime
1683 467 1820 519 stent3

435 504 503 547 vel
537 507 759 553 restituere
797 512 872 571 qui
901 515 1153 560 ceciderunt
1184 536 1193 562 ι
1237 537 1256 560 «
1289 521 1495 566 Dominus
1537 525 1655 570 enim
1696 530 1823 589 erigit

439 591 459 614 n
485 573 651 620 elisos¹.
684 596 702 618 »

490 646 714 691 xxxvil.
757 651 808 693 Ut
843 666 945 710 ergo
972 669 1060 698 non
1090 658 1303 716 acciperet
1331 660 1414 705 hoe
1443 661 1610 708 donum
1637 667 1738 724 Dei,
1775 670 1821 715 id

427 723 513 767 est,
540 715 585 758 in
621 717 735 762 bono
765 724 1123 777 perseverantiam
1150 728 1314 785 primus
1342 730 1495 790 homo,
1518 734 1592 778 sed
1618 752 1817 795 perseve-

428 798 522 826 rare
543 784 611 828 vel
634 802 722 831 non
746 804 1018 846 perseverare
1041 796 1085 838 in
1111 797 1240 842 rebus
1267 800 1586 860 relinqueretur
1608 807 1788 854 arbitrio
1804 846 1815 866 ‚

426 852 529 896 tales
559 855 670 900 vires
702 859 889 905 habebat
920 865 1010 923 ejus
1041 866 1264 924 voluntas,
1301 887 1400 930 quae
1429 873 1521 918 sine
1553 876 1644 921 ullo
1674 877 1818 926 fuerat

428 922 625 969 instituta
651 939 849 985 peccato,
875 942 918 976 et
940 935 1047 979 nihil
1070 935 1131 980 illi
1153 954 1205 982 ex
1227 954 1272 983 se
1294 942 1385 1000 ipso
1407 947 1815 1006 concupiscentiali-

425 1001 490 1036 ter
515 996 760 1051 resistebat,
790 1011 837 1046 ut
860 1003 989 1061 digne
1013 1015 1142 1050 tantae
1174 1009 1358 1055 bonitati
1383 1023 1426 1058 et
1454 1024 1586 1061 tantae
1617 1021 1727 1066 bene
1751 1024 1816 1068 vi-

423 1063 552 1107 vendi
584 1065 779 1112 facilitati
816 1077 1116 1130 perseverandi
1151 1083 1499 1129 committeretur
1534 1089 1763 1136 arbitrium
1802 1113 1810 1138 :

421 1136 510 1178 Deo
533 1137 711 1196 quidem
737 1144 988 1198 praesciente
1010 1149 1116 1205 quid
1140 1161 1248 1195 esset
1271 1152 1464 1199 facturus
1494 1157 1674 1219 injuste3
1698 1178 1814 1221 prae-

422 1204 583 1249 sciente
614 1217 784 1265 tamen,
821 1229 908 1257 non
941 1216 996 1258 ad
1027 1217 1109 1260 hoc
1139 1231 1320 1276 cogente
1353 1242 1361 1267 :
1391 1225 1464 1269 sed
1494 1228 1623 1274 simul
1651 1234 1813 1280 sciente

420 1273 526 1332 quid
560 1275 613 1318 de
646 1279 720 1323 illo
755 1281 845 1340 ipse
873 1283 1033 1330 faceret
1056 1288 1186 1347 juste.
1233 1294 1359 1337 Nunc
1390 1310 1490 1341 vero
1529 1311 1809 1363 posteaquam

418 1352 481 1386 est
504 1343 574 1388 illa
598 1362 752 1407 magna
775 1355 940 1410 peceati
966 1358 1118 1402 merito
1141 1361 1291 1406 amissa
1321 1363 1520 1422 libertas,
1556 1372 1688 1417 etiam
1713 1392 1808 1421 ma-

411 1413 581 1470 joribus
603 1417 726 1461 donis
745 1419 988 1480 adjuvanda
1012 1430 1214 1474 remansit
1233 1432 1474 1481 infirmitas.
1504 1439 1671 1486 Placuit
1689 1446 1807 1491 enim

417 1484 533 1536 Deo,
576 1501 663 1544 quo
701 1490 883 1535 maxime
923 1494 1125 1540 humanae
1169 1504 1417 1559 superbiam
1456 1514 1807 1572 praesumptionis

415 1552 709 1612 extingueret,
737 1579 755 1600 «
777 1571 825 1604 ut
843 1578 929 1606 non
950 1565 1159 1622 glorietur
1179 1573 1318 1616 omnis
1336 1589 1436 1619 earo
1456 1593 1600 1624 coram
1624 1583 1761 1642 ipso²‚
1784 1607 1801 1629 »

413 1622 457 1665 id
480 1634 570 1679 est,
597 1631 736 1673 omnis
766 1632 911 1677 homo.
942 1637 1066 1680 Unde
1089 1650 1232 1685 autem
1257 1659 1343 1688 non
1369 1645 1579 1704 glorietur
1604 1669 1705 1699 earo
1726 1672 1803 1701 co-

414 1707 502 1736 ram
523 1695 635 1754 ipso,
658 1699 737 1743 nisi
755 1701 810 1745 de
829 1704 988 1749 meritis
1004 1708 1122 1752 suis?
1140 1727 1239 1770 quae
1258 1715 1435 1774 quidem
1458 1722 1599 1778 potuit
1622 1724 1799 1784 habere,

412 1763 486 1806 sed
507 1767 694 1822 perdidit
712 1790 722 1825 3
747 1782 789 1815 et
808 1789 884 1831 per
899 1778 1017 1835 quod
1038 1779 1197 1824 habere
1216 1785 1378 1841 potuit,
1400 1803 1476 1847 per
1493 1791 1575 1836 hoc
1593 1796 1798 1855 perdidit,

410 1835 492 1876 hoc
517 1846 578 1878 est
599 1871 609 1890 ,
641 1854 718 1896 per
734 1841 918 1888 liberum
938 1849 1164 1894 arbitrium
1187 1871 1195 1896 :
1222 1865 1399 1914 propter
1419 1863 1538 1918 quod
1557 1879 1646 1908 non
1671 1878 1801 1916 restat

407 1900 641 1950 liberandis
674 1910 753 1952 nisi
786 1915 920 1969 gratia
957 1916 1194 1965 liberantis.
1235 1927 1299 1968 lta
1331 1942 1434 1985 ergo
1469 1946 1556 1975 non
1591 1935 1800 1992 gloriatur

409 1974 548 2016 omnis
572 1991 670 2021 caro
699 1995 843 2025 coram
866 1986 972 2042 ipso.
1001 1991 1097 2033 Non
1121 1993 1233 2036 enim
1259 1994 1503 2053 gloriantur
1524 2003 1696 2064 injusti,
1721 2011 1798 2070 qui

407 2056 496 2085 non
521 2044 683 2090 liabent
720 2051 863 2109 nnde3
890 2058 1111 2115 necjusfi,
1139 2063 1241 2121 quia
1264 2082 1315 2109 ex
1338 2067 1430 2127 ipso
1459 2072 1623 2120 habent
1646 2080 1764 2125 unde
1780 2116 1792 2139 ,

407 2127 486 2156 nec
510 2114 674 2160 habent
697 2119 873 2177 gloriam
898 2140 1016 2171 suam
1041 2130 1119 2174 nisi
1138 2133 1277 2191 ipsum
1297 2171 1307 2190 ‚
1333 2141 1403 2183 cui
1429 2143 1582 2190 dicunt
1603 2166 1611 2191 ε
1634 2164 1660 2190 ·«
1688 2150 1793 2196 Glo-

408 2200 428 2223 »
456 2184 515 2226 ria
540 2200 630 2229 mea
651 2198 693 2231 et
715 2192 903 2237 exaltans
924 2208 1054 2256 eaput
1077 2206 1263 2249 meun13.
1295 2226 1312 2248 »
1340 2214 1402 2254 Ac
1424 2228 1498 2270 per
1517 2216 1598 2261 hoc
1621 2220 1676 2264 ad
1696 2237 1790 2267 om-

405 2267 504 2295 nem
544 2259 730 2312 pertinet
757 2262 876 2320 quod
910 2268 1117 2326 scripturn
1160 2283 1222 2317 est
1257 2295 1265 2319 :
1310 2297 1328 2318 «
1367 2281 1422 2324 Ut
1457 2299 1544 2328 non
1581 2287 1789 2344 glorietur

407 2339 427 2362 »
453 2326 591 2368 omnis
609 2343 709 2372 earo
732 2346 877 2376 eoram
895 2336 1026 2394 ipso⁴.
1057 2359 1075 2381 η
1099 2342 1315 2403 Adjustos
1333 2360 1479 2395 autem
1498 2355 1607 2401 illud
1628 2378 1636 2402 :
1661 2379 1679 2402 «
1701 2365 1786 2415 Qui

407 2409 425 2430 »
453 2390 680 2452 gloriatur,
708 2400 752 2442 in
778 2404 962 2450 Domino
992 2409 1213 2467 glorietur.
1246 2434 1263 2456 υ
1292 2420 1384 2463 Hoc
1412 2424 1527 2467 enirn
1550 2430 1784 2486 Apostolus

402 2465 666 2520 apertissime
695 2473 911 2531 ostendit,
949 2480 1024 2537 qui
1055 2496 1154 2526 cum
1184 2484 1357 2532 dixisset
1395 2510 1401 2535 :
1439 2511 1458 2535 «
1494 2496 1548 2540 Ut
1578 2513 1668 2544 non
1694 2502 1783 2561 glo—

450 2554 458 2568 1
489 2548 568 2581 Peat.
593 2562 692 2595 cvnv,
714 2555 746 2588 8.
763 2573 801 2582 —-
821 2565 832 2581 2
869 2571 879 2590 1
902 2562 975 2595 Cor.
996 2575 1020 2605 r,
1045 2575 1140 2607 29—
1154 2566 1166 2592 3
1182 2570 1262 2603 Psal.
1284 2583 1330 2615 in,
1349 2574 1378 2616 4.
1397 2576 1464 2606 -4
1487 2590 1497 2611 1
1521 2581 1595 2615 Cor.
1615 2594 1638 2624 1,
1657 2592 1710 2627 29.
