1821 3264
320 269 374 295 DE
406 261 805 293 PRAEDESTINATIONE
837 258 1105 288 SANCTORL‘M.
1323 242 1398 278 101

29 354 117 386 esse
138 352 216 382 nos
235 334 465 386 admonet,
488 343 587 374 cum
609 329 693 372 hoc
716 326 926 383 significet
944 320 1175 382 Apostolus
1197 317 1344 362 dicens
1363 316 1407 359 in

31 408 223 470 Epistola
249 406 303 451 ad
325 403 596 451 Colossenses
623 418 632 443 ς
663 417 682 440 «
703 396 900 441 Orationi
920 394 1091 447 instate,
1118 390 1342 450 vigilantes
1364 387 1409 430 in

36 503 54 524 »
78 480 151 525 illa
181 480 226 523 in
249 476 482 536 gratiarum
507 471 697 524 actione,
728 475 898 512 orantes
929 463 1059 509 simul
1087 471 1129 506 et
1156 476 1235 520 pro
1257 459 1407 512 nobis,

35 573 56 596 »
81 561 130 597 ut
158 554 272 595 Deus
294 547 457 607 aperiat
485 542 612 588 nobis
635 541 794 585 ostium
822 537 942 582 verbi
969 535 1033 579 sui
1062 532 1117 578 ad
1141 529 1410 591 loquendum

36 643 55 666 »
82 620 334 680 mysterium
350 615 534 669 Christi,
555 621 732 673 propter
748 608 869 669 quod
891 607 1021 651 etiam
1039 605 1212 649 vinctus
1229 616 1322 646 sum
1338 635 1348 655 ,
1366 608 1416 643 ut

37 713 56 736 »
83 690 354 737 manifestem
376 685 487 732 illud
508 686 565 728 ita
587 692 637 727 ut
659 689 830 741 oportet
851 693 920 722 me
941 676 1064 735 loqui
1082 677 1110 718 ¹.
1141 692 1160 714 u
1186 669 1418 726 Quomodo

37 763 224 823 aperitur
243 759 402 804 ostium
425 755 570 808 verbi,
595 753 676 797 nisi
699 765 800 796 cum
823 764 968 793 sensus
992 746 1182 805 aperitur
1206 741 1420 787 audientis

36 843 86 880 ut
112 831 260 878 credat
277 866 288 885 ,
311 838 355 873 et
381 826 505 872 initio
538 823 638 868 fidei
664 821 780 866 facto
798 856 808 875 ‚
845 835 894 863 ea
917 833 1016 878 quae
1039 815 1093 860 ad
1119 811 1421 858 aedificandam

37 905 253 951 salubrem
268 899 510 945 doctrinam
526 893 819 955 praedicantur
836 898 879 934 et
896 889 1175 947 disputantur
1194 883 1395 928 admittat
1410 902 1421 939 3

38 991 114 1038 per
139 971 440 1019 infidelitatem
462 968 592 1013 corde
625 964 772 1009 clauso
790 998 800 1018 ,
825 977 874 1006 ea
897 975 997 1020 quae
1020 957 1228 1002 dicuntur
1257 955 1425 1012 impro-

40 1048 115 1092 bet
137 1061 185 1090 ac
203 1041 416 1103 repellat?
439 1038 565 1084 Unde
583 1046 626 1082 et
648 1035 702 1080 ad
719 1032 970 1080 Corinthios
994 1030 1052 1073 ait
1075 1048 1083 1073 ε
1113 1047 1133 1069 «
1154 1023 1427 1070 Permanebo

42 1137 63 1159 »
89 1125 234 1162 autem
261 1112 421 1173 Ephesi
443 1124 582 1169 usque
605 1108 659 1152 ad
678 1110 987 1159 Pentecosten3
1007 1099 1164 1145 ostium
1182 1097 1297 1140 enim
1321 1093 1428 1137 mihi

43 1207 63 1230 n
91 1195 290 1246 apertum
307 1192 372 1228 est
387 1194 595 1240 magnum
615 1187 658 1223 et
675 1176 870 1230 evidens,
897 1182 940 1218 et
961 1168 1191 1217 adversarii
1208 1165 1380 1210 multi2.
1406 1184 1424 1204 »

42 1258 156 1312 Quid
178 1258 249 1301 hic
272 1253 388 1299 aliud
407 1261 549 1313 potest
570 1248 775 1306 intelligi,
798 1247 879 1290 nisi
900 1242 1135 1304 praedicato
1151 1239 1212 1283 ibi
1234 1252 1311 1297 per
1329 1250 1429 1280 eum

42 1328 241 1389 primitus
263 1323 500 1383 Evangelio
523 1319 754 1366 credidisse
776 1315 937 1360 multos
955 1350 966 1369 ‚
991 1322 1034 1358 et
1055 1310 1215 1355 multos
1233 1305 1428 1367 ejusdem

44 1399 144 1444 fidei
191 1394 456 1441 adversarios
495 1390 680 1435 extitisse
701 1424 711 1443 ‚
753 1386 995 1431 secundum
1032 1380 1145 1425 illud
1182 1377 1353 1423 Domini
1367 1377 1382 1401 3
1418 1394 1427 1419 2

48 1489 68 1512 «
91 1471 229 1515 Nemo
242 1466 296 1510 ad
313 1480 382 1509 me
398 1463 534 1515 venit,
556 1460 637 1504 nisi
655 1458 726 1502 cui
744 1457 894 1501 datum
911 1453 1043 1497 fuerit
1055 1468 1077 1494 a
1094 1454 1220 1494 Patre
1234 1447 1358 1491 ῐῐιεο4
1376 1464 1384 1489 :
1407 1463 1427 1485 »

46 1550 88 1585 et
110 1560 118 1585 :
148 1559 168 1581 «
188 1538 322 1583 Vobis
345 1536 496 1580 datum
521 1541 584 1576 est
606 1544 730 1575 nosse
755 1526 1011 1585 mysterium
1039 1521 1159 1580 regni
1186 1518 1399 1563 coelorum
1419 1551 1429 1569 ‚

49 1630 69 1653 »
95 1610 178 1655 illis
200 1618 345 1654 autem
366 1621 455 1651 non
477 1613 540 1648 est
562 1602 768 1647 datumss?
790 1617 808 1640 »
833 1597 1004 1642 Ostium
1023 1609 1125 1652 ergo
1149 1598 1349 1650 apertum
1372 1596 1436 1631 est

47 1683 89 1726 in
120 1682 178 1725 eis
211 1679 372 1740 quibus
397 1676 549 1720 datum
579 1682 642 1716 est
671 1692 679 1715 ι
709 1667 939 1715 adversarii
967 1674 1110 1710 autem
1139 1660 1267 1705 multi
1297 1675 1348 1703 ex
1377 1658 1436 1701 eis

49 1751 208 1812 quibus
231 1765 320 1794 non
343 1757 405 1791 est
423 1745 590 1789 datum.

109 1825 225 1866 XLI.
264 1824 463 1878 Itemque
499 1814 552 1859 ad
584 1812 757 1858 eosdem
792 1811 837 1853 in
876 1805 1064 1851 secunda
1096 1800 1289 1862 Epistola
1322 1798 1439 1843 idem

53 1892 286 1954 Apostolus
322 1911 329 1936 2
377 1910 395 1931 (ι
431 1891 542 1933 Cum
574 1884 784 1929 venissem
801 1916 812 1936 ,
849 1879 1020 1939 inquit,
1052 1876 1099 1918 in
1138 1871 1350 1916 Troadem
1395 1871 1441 1912 in

57 1983 77 2006 »
104 1961 389 2021 Evangelium
415 1957 596 2010 Christi,
630 1963 672 1998 et
704 1952 861 1997 ostium
896 1948 1004 1992 mihi
1033 1953 1233 2005 apertum
1260 1950 1368 1984 esset
1396 1940 1442 1983 in

58 2054 77 2077 »
103 2033 313 2086 Domino,
335 2045 425 2074 non
440 2026 576 2072 habui
594 2023 787 2084 requiem
807 2018 976 2080 spiritui
994 2031 1091 2060 meo
1108 2049 1118 2069 ,
1143 2029 1194 2057 eo
1216 2011 1336 2071 quod
1354 2025 1442 2053 non

59 2126 79 2148 »
106 2104 252 2149 inveni
276 2103 419 2145 Titum
445 2098 621 2142 fratrem
644 2109 791 2138 meum
819 2111 827 2136 z
853 2089 928 2134 sed
949 2087 1046 2132 vale
1073 2085 1156 2129 illis
1180 2083 1339 2127 faciens
1364 2080 1445 2124 exii

61 2196 81 2217 »
107 2177 153 2219 in
173 2172 515 2219 Macedoniamfi.
542 2166 710 2221 Quibus
732 2163 827 2208 vale
850 2161 974 2214 fecit,
1005 2157 1085 2202 nisi
1108 2159 1168 2199 eis
1199 2154 1274 2214 qui
1302 2150 1447 2196 credi-

61 2246 236 2297 derant,
256 2244 302 2286 in
320 2255 508 2302 quorum
523 2237 685 2282 scilicet
700 2233 905 2279 cordibus
920 2226 1231 2286 evangelizanti
1249 2231 1446 2282 apertum

63 2325 126 2361 est
148 2314 331 2359 ostium?
345 2311 461 2365 Quid
483 2317 626 2354 autem
647 2306 856 2365 adjungat
874 2299 1083 2346 attendite
1104 2317 1111 2342 :
1139 2316 1158 2338 «
1176 2299 1267 2340 Deo
1284 2302 1446 2345 autem,

68 2407 87 2430 »
113 2387 283 2446 inquit,
318 2384 473 2442 gratias
490 2416 500 2436 ,
539 2379 615 2440 qui
650 2390 819 2435 semper
855 2372 1124 2431 triumphare
1161 2383 1239 2411 nos
1273 2364 1389 2408 facit
1406 2364 1452 2406 in

69 2477 89 2499 »
118 2457 312 2510 Christo,
342 2463 385 2497 et.
407 2452 585 2497 odorem
615 2447 779 2493 notitiae
810 2459 898 2489 suae
932 2458 1008 2501 per
1030 2455 1108 2484 nos
1140 2434 1386 2481 manifestat
1408 2433 1451 2475 in

118 2566 128 2580 ¹
154 2559 270 2590 Coloss.
294 2568 339 2598 iv,
356 2567 374 2587 2
394 2560 510 2595 etseq.
531 2569 569 2574 --
588 2558 599 2573 ²
622 2563 631 2582 ι
652 2552 725 2582 Cor.
747 2559 812 2583 xvi,
834 2543 927 2578 8—-3
946 2546 1038 2575 Joan.
1063 2540 1236 2581 v1‚G9.—
1251 2537 1264 2563 4
1285 2539 1361 2567 Luc.
1382 2545 1465 2582 viu,-

76 2616 207 2647 10.—⁵
234 2613 348 2646 Matth.
378 2623 445 2651 xiii,
472 2622 520 2641 ιι,
536 2606 604 2630 ηδ
630 2616 648 2637 2
663 2607 734 2636 Coit
753 2615 788 2640 υ,
812 2613 846 2633 12
863 2601 965 2633 ct13.
