1884 3285
444 280 528 319 310
882 288 914 315 s.
951 286 1181 314 aucus-nm
1213 287 1392 314 nuscum

497 355 627 398 CXL.
654 353 680 395 J
683 366 881 396 omnus.
909 369 930 393 «
950 353 1006 394 Et
1025 366 1049 394 a
1066 351 1283 410 Propheta
1305 365 1408 408 ergo
1421 384 1432 405 ,
1452 358 1496 394 et
1515 350 1571 394 ab
1591 352 1815 410 Apostolo‚
1882 357 1884 361 '

437 427 482 469 in
502 422 746 481 exemplum
768 421 984 466 adductus
1000 430 1063 466 est
1078 421 1239 480 figulus
1250 457 1260 477 ,
1278 420 1389 465 nihil
1404 420 1522 465 aliud
1537 422 1815 480 praebiturus,

436 509 567 556 quam
599 493 933 553 comparationis
969 493 1189 550 officium,
1225 508 1313 536 non
1346 501 1492 536 tamen
1521 502 1570 536 ut
1597 500 1686 536 tam
1715 493 1818 538 viles

438 564 555 624 apud
578 567 717 608 Deum
739 578 827 607 esse
849 564 1045 607 homines
1065 562 1335 617 indicentur,
1366 577 1500 621 quam
1518 562 1668 621 argilla
1689 572 1752 607 est
1772 563 1817 607 in

437 636 612 681 fornace
629 644 672 679 et
690 635 795 679 orbe
813 634 1063 692 figulorum.
1083 634 1292 678 Absoluta
1309 634 1390 678 hac
1407 633 1671 692 expositione
1685 649 1817 694 quam

436 707 719 767 praemisimus
736 741 747 760 ,
775 706 1060 750 admonemus
1078 705 1316 749 secundum
1341 705 1738 763 interpretationem
1756 720 1817 748 re-

434 787 605 822 centem
635 778 676 820 in
707 776 859 820 eodem
883 776 980 821 loco
1002 776 1120 820 aliud
1145 776 1350 820 relucere.
1386 795 1405 818 «
1430 779 1620 830 Rorate,
1649 776 1814 836 inquit,

439 867 458 891 »
485 847 585 891 coeli
608 846 792 906 desuper
810 881 820 902 ,
842 856 884 891 et
907 848 1047 891 nubes
1062 847 1216 907 pluant
1234 850 1428 908 justum,
1449 847 1664 905 aperiatur
1685 857 1813 899 terra,

435 936 456 960 »
482 927 525 961 et
555 918 767 976 germinet
790 917 1077 974 Salvatorem3
1109 927 1152 961 et
1175 918 1341 977 justitia
1364 918 1527 961 oriatur
1547 916 1677 960 simul
1701 935 1711 962 ε
1736 932 1817 976 ego

436 1008 457 1031 »
482 990 693 1034 Dominus
715 990 856 1033 creavi
877 1003 992 1032 eum.
1028 991 1104 1033 Vae
1137 989 1213 1047 qui
1243 989 1498 1033 contradicit
1525 987 1679 1033 factori
1706 1003 1785 1033 suo
1801 1023 1814 1043 ‚

435 1078 455 1102 n
483 1068 591 1103 testa
610 1059 665 1103 de
684 1059 826 1103 samiis
843 1068 995 1103 terrae:
1021 1058 1239 1119 numquid
1260 1058 1365 1103 dicit
1386 1059 1530 1102 lutum
1550 1058 1686 1118 figulo
1703 1074 1783 1103 suo
1804 1078 1812 1103 :

434 1149 455 1171 »
481 1131 596 1183 Quid
610 1128 744 1173 facis?
758 1139 800 1173 et
817 1145 926 1187 opus
940 1138 1064 1172 tuum
1085 1130 1248 1188 absque
1265 1129 1465 1173 manibus
1480 1138 1544 1173 est
1559 1130 1592 1170 1?
1609 1147 1628 1170 »
1649 1129 1815 1183 Quibus

429 1201 572 1246 verbis
590 1201 668 1244 etsi
682 1200 922 1243 secundum
942 1199 1164 1243 historiam
1181 1201 1322 1257 Cyrus
1339 1215 1413 1243 rex
1429 1234 1440 1254 ,
1461 1199 1702 1244 secundum
1720 1216 1814 1260 pro-

430 1271 623 1331 phetiam
646 1279 792 1313 tamen
811 1270 1051 1314 incarnatio
1071 1269 1300 1314 Salvatoris
1319 1270 1572 1330 exprimitur
1588 1291 1600 1328 3
1617 1271 1693 1331 qui
1710 1287 1815 1332 quo-

427 1341 545 1385 niam
568 1349 659 1384 erat
681 1341 736 1383 de
766 1340 934 1398 virgine
966 1341 1232 1395 nascituru8‚
1267 1341 1524 1385 Judaeorum
1546 1350 1590 1385 et
1617 1341 1814 1386 omnium

427 1409 672 1455 infidelium
700 1411 936 1455 obstinatio
958 1412 1217 1455 convenitur
1235 1445 1246 1466 ,
1278 1426 1333 1454 ne
1354 1411 1440 1455 sint
1460 1411 1590 1470 signis
1612 1410 1816 1456 fidelibus

424 1481 684 1542 perduelles.
708 1483 820 1526 Cum
843 1481 958 1525 enirn
982 1482 1282 1540 praemisisset,
1314 1501 1331 1523 t<
1354 1482 1585 1541 Aperiatur
1607 1491 1745 1538 terra,
1770 1491 1814 1526 et

427 1569 449 1593 »
476 1552 688 1611 germinet
714 1551 1000 1607 Salvatorem,
1027 1562 1069 1596 et
1084 1552 1253 1612 justitia
1271 1552 1436 1596 oriatur
1451 1552 1608 1598 simul:
1633 1568 1714 1612 ego
1730 1555 1814 1598 Do-

428 1641 449 1664 »
475 1624 619 1667 minus
636 1658 646 1678 ,
673 1624 836 1683 inquit,
862 1624 1003 1667 creavi
1026 1638 1142 1667 eum.
1170 1641 1190 1664 »

484 1697 775 1739 Anousvrnvus.
796 1695 873 1739 Dic
890 1695 996 1738 mihi
1014 1694 1172 1754 quibus
1187 1695 1388 1754 operibus
1401 1695 1486 1740 hoc
1502 1696 1662 1740 meruit
1677 1695 1812 1741 homo

422 1766 618 1810 Christus
648 1768 795 1824 Jesus3
827 1775 870 1810 et
897 1782 984 1826 qua
1015 1766 1182 1826 justitia
1215 1767 1288 1810 Dei
1319 1767 1434 1811 solus
1461 1767 1546 1811 hoc
1577 1767 1808 1822 meruerit,

423 1836 536 1880 aude
552 1837 737 1894 garrire,
761 1845 837 1880 aut
860 1836 894 1880 si
915 1852 1006 1881 non
1027 1837 1161 1881 audes
1178 1872 1189 1892 ,
1215 1837 1392 1881 tandem
1410 1837 1589 1895 gratiam
1613 1838 1705 1882 sine
1724 1853 1812 1882 me-

420 1907 513 1951 ritis
535 1907 765 1962 confitere,
799 1922 888 1952 non
917 1906 1058 1951 solum
1089 1907 1384 1952 remittentem
1413 1916 1590 1967 peccata
1617 1908 1807 1964 homini,

419 1993 574 2023 verum
592 1978 719 2022 etiam
740 1978 786 2022 in
801 1986 956 2022 natura
970 1979 1162 2022 humana
1176 1978 1388 2039 justitiam
1405 1988 1555 2024 sancto
1571 1979 1734 2038 Spiritu
1749 1978 1810 2024 fa-

419 2049 623 2093 cientem.
651 2051 748 2094 Non
772 2049 888 2092 enim
918 2058 961 2093 et
981 2049 1149 2094 homini
1175 2050 1348 2094 Christo
1377 2051 1511 2108 gratia
1533 2059 1710 2109 peccata
1739 2049 1808 2094 di-

420 2119 557 2174 misit,
584 2128 659 2162 aut
681 2117 771 2163 non
793 2133 895 2162 eum
922 2119 1054 2177 gratia
1083 2120 1212 2163 talem
1237 2118 1364 2174 fecit,
1389 2129 1439 2164 ut
1461 2120 1516 2164 ab
1537 2120 1662 2165 initio
1692 2135 1808 2165 sem·

418 2205 496 2249 per
513 2199 622 2234 esset
638 2190 779 2234 bonus
793 2225 804 2244 ,
825 2191 935 2234 sicut
952 2191 1008 2234 ab
1023 2191 1145 2235 initio
1162 2205 1331 2250 semper
1346 2191 1423 2235 Dei
1440 2191 1591 2235 Filius.
1611 2195 1805 2248 Prorsus,

419 2261 531 2304 sicut
548 2260 761 2304 admoniti
776 2269 878 2304 sunt
891 2295 902 2315 ,
928 2261 1005 2321 qui
1021 2262 1067 2304 in
1084 2276 1229 2306 eremo
1245 2270 1496 2322 serpentum
1518 2263 1730 2308 morsibus
1751 2263 1808 2307 le-

417 2329 594 2374 thaliter
607 2331 920 2386 vexabantur2‚
936 2330 1122 2375 utillum
1136 2333 1211 2391 qui
1224 2332 1269 2375 in
1285 2333 1408 2392 signo
1422 2333 1633 2378 exaltatus
1645 2333 1804 2390 fuerat,

418 2401 709 2457 attenderent,
731 2417 784 2445 ne
804 2404 994 2461 perirent
1021 2421 1028 2446 :
1053 2403 1108 2446 ita
1131 2412 1233 2446 sunt
1255 2403 1544 2459 admonendi,
1565 2406 1642 2465 qui
1657 2406 1807 2450 vestris

416 2471 783 2531 disputationibus
804 2481 1097 2527 venenantur,
1119 2482 1168 2516 ut
1186 2473 1409 2518 Christum
1431 2474 1680 2530 attendant,
1700 2485 1744 2520 et
1759 2476 1803 2520 in

413 2540 529 2584 illius
556 2542 742 2586 hominis
766 2540 1011 2587 mediatoris
1027 2543 1193 2603 justitia
1219 2544 1399 2604 gratiam
1427 2546 1520 2590 sine
1543 2546 1706 2591 meritis
1735 2547 1802 2591 vi-

467 2634 472 2648 ¹
500 2627 559 2658 lsai
593 2638 619 2666 1,
647 2627 684 2658 «6
698 2632 833 2670 ‹at-seqq,
850 2645 891 2651 —
907 2634 920 2650 ²
945 2629 1037 2661 Num.
1054 2638 1130 2665 nv,
1149 2628 1246 2661 8-15.
