1884 3285
427 231 480 270 44
854 245 886 269 s.
924 241 1155 268 Auous'mm
1188 241 1368 268 EPISCOPI

425 306 610 350 tissimus
623 305 880 360 servabitur,
900 304 1148 350 adhaerente
1165 305 1245 349 sibi
1264 305 1553 351 misericordia
1573 307 1803 354 Salvatoris

423 377 513 430 sui,
544 377 631 420 sive
659 391 760 420 cum
789 387 1126 433 convertuntur,
1158 378 1244 422 sive
1273 393 1373 423 eum
1402 378 1682 439 praeliantur,
1717 380 1805 427 sive

423 462 520 492 cum
540 457 818 492 coronantur.

480 518 595 561 XLI.
623 519 729 563 Nam
750 528 792 563 et
809 528 915 563 tunc
935 534 1024 563 esse
1046 518 1127 562 illis
1148 519 1223 563 Dei
1247 519 1583 564 misericordiam
1606 535 1804 566 necessa-

422 587 527 631 riam
547 598 691 633 sancta
713 590 932 649 Scriptura
951 599 1148 643 testatur,
1165 590 1240 634 ubi
1258 601 1429 636 sanctus
1446 589 1500 634 de
1519 591 1702 636 Domino
1716 596 1806 639 Deo
1848 575 1852 646 l

422 673 500 703 suo
526 658 631 703 dicit
653 661 807 704 animae
827 676 915 704 suae
942 679 952 705 ε
980 678 998 701 «
1026 661 1110 713 Qui
1133 671 1311 705 coronat
1334 670 1376 705 te
1398 661 1442 704 in
1466 660 1738 707 miseratione
1763 673 1807 708 et

426 747 445 769 »
471 729 760 773 misericordia
782 732 811 773 ¹.
839 749 857 770 »
880 730 988 774 Dicit
1011 732 1137 774 etiam
1159 731 1348 775 Jacobus
1371 731 1590 790 apostolus
1611 751 1618 776 :
1649 751 1667 773 «
1686 731 1808 778 Judi-
1850 736 1855 785 ἔ

424 817 444 840 »
470 801 584 843 cium
622 801 713 844 sine
756 801 1046 846 misericordia
1087 800 1147 845 illi
1186 802 1261 861 qui
1298 818 1384 846 non
1424 802 1523 847 fecit
1563 803 1808 848 misericor·
1851 817 1856 842 ἵ

423 889 443 911 »
469 869 583 915 diam
602 874 619 897 ‘²
641 891 648 915 :
675 890 693 913 »
715 872 789 916 ubi
812 872 1001 917 ostendit
1023 874 1150 917 etiam
1175 873 1217 916 in
1241 873 1316 917 illo
1333 876 1348 931 j
1359 872 1517 926 udicio,
1539 873 1583 917 in
1600 876 1810 935 quojusti
1854 921 1857 939 Ι,

420 951 701 996 coronantur,
732 942 968 1003 injustique
993 943 1272 998 damnantur,
1303 943 1408 987 alios
1436 959 1536 988 cum
1564 944 1810 989 misericor·
1856 943 1857 946 ’

421 1012 507 1064 dia,
522 1012 626 1056 alios
642 1013 733 1058 sine
751 1014 1038 1059 misericordia
1054 1014 1327 1074 judicandos.
1349 1018 1529 1074 Propter
1541 1015 1659 1075 quod
1678 1017 1809 1061 etiam
1856 1058 1858 1067 ὲ

420 1093 558 1127 mater
578 1085 929 1129 Machabaeorum
954 1086 1042 1130 filio
1065 1101 1144 1130 suo
1166 1085 1270 1129 dicit
1298 1105 1306 1130 :
1337 1105 1357 1127 «
1382 1088 1437 1130 Ut
1460 1086 1503 1129 in
1529 1084 1600 1129 illa
1631 1087 1808 1131 misera·

424 1173 442 1194 »
464 1154 579 1197 tione
597 1170 695 1197 cum
715 1155 919 1199 fratribus
937 1165 977 1199 te
991 1157 1231 1213 recipiamss.
1258 1157 1403 1199 »Cum
1427 1156 1540 1199 enim
1563 1157 1805 1215 rexjustus,
1858 1151 1861 1162 Δ

418 1226 527 1269 sieut
544 1227 751 1285 scriptum
777 1237 854 1281 est,
884 1247 902 1268 «
931 1227 1097 1272 Sederit
1119 1228 1160 1269 in
1185 1227 1366 1278 throno,
1394 1241 1480 1269 non
1505 1226 1808 1273 adversabitur

425 1316 440 1335 »
463 1305 563 1339 ante
584 1312 681 1340 eum
709 1313 838 1340 omne
861 1297 1039 1341 malum.
1068 1297 1171 1349 Quis
1195 1296 1451 1354 gloriabitur
1473 1306 1636 1341 castum
1663 1313 1707 1341 se
1730 1300 1807 1344 ha-

423 1385 442 1408 »
460 1366 560 1409 bere
571 1383 660 1418 eor,
678 1369 856 1427 autquis
870 1368 1126 1425 gloriabitur
1137 1368 1271 1411 mund
1281 1383 1350 1411 um
1363 1384 1407 1411 se
1417 1383 1535 1412 essea
1548 1378 1726 1427 peccato
1737 1371 1777 1412 4?
1787 1389 1806 1412 »

421 1439 482 1481 Ac
500 1452 575 1496 per
588 1438 670 1481 hoc
685 1438 811 1482 etiam
829 1439 887 1482 ibi
906 1439 979 1482 Dei
997 1438 1284 1482 misericordia
1300 1439 1532 1482 necessaria
1551 1449 1628 1490 est,
1653 1456 1738 1499 qna
1758 1441 1808 1485 fit

422 1507 588 1561 beatus,
615 1510 681 1552 cui
702 1525 787 1553 non
809 1510 1039 1569 imputavit
1063 1511 1270 1553 Dominus
1294 1520 1521 1570 peccatum
1541 1513 1571 1553 ⁵.
1601 1509 1684 1555 Sed
1705 1521 1809 1557 tunc

421 1593 498 1636 pro
522 1578 735 1623 bonorum
759 1595 938 1638 operum
965 1580 1125 1624 meritis
1142 1581 1259 1639 justo
1278 1581 1442 1639 judicio
1464 1581 1592 1624 etiam
1617 1581 1707 1639 ipsa
1729 1582 1809 1626 mi,-

419 1648 648 1692 sericordia
672 1650 901 1694 tribuetur.
930 1652 1039 1695 Cum
1065 1651 1180 1693 enim
1204 1651 1363 1694 dicitur
1386 1670 1394 1694 z
1425 1670 1444 1692 «
1470 1650 1692 1695 ,Iudicium
1718 1652 1810 1696 sine

423 1737 442 1760 »
470 1719 756 1763 misericordia
775 1720 835 1764 illi
855 1722 1035 1780 quinon
1055 1720 1154 1765 fecit
1173 1720 1504 1764 misericordiam
1527 1741 1537 1777 3
1560 1739 1579 1762 »
1602 1720 1809 1766 manifes-

421 1799 536 1832 tatur
553 1790 595 1833 in
614 1791 733 1834 bisin
748 1792 908 1850 quilius
924 1793 1205 1834 inveniuntur
1226 1792 1335 1835 bona
1356 1807 1485 1850 opera
1504 1792 1809 1837 misericordiae

413 1859 626 1918 judicium
654 1876 754 1904 cum
779 1862 1067 1906 misericordia
1093 1863 1207 1917 fieri,
1238 1877 1286 1906 ac
1309 1877 1386 1921 per
1410 1862 1492 1905 hoc
1521 1862 1648 1905 etiam
1671 1863 1809 1921 ipsam

421 1930 754 1975 misericordiam
782 1933 942 1976 meritis
962 1934 1174 1975 bonorum
1195 1948 1374 1990 operum
1394 1932 1530 1976 reddi.
1554 1935 1651 1977 Non
1670 1934 1728 1977 sic
1747 1944 1810 1978 est

420 2014 554 2054 nunc,
587 2002 763 2060 quando
792 2018 877 2045 non
908 2002 1046 2045 solum
1078 2001 1208 2045 nullis
1237 2003 1372 2055 bonis,
1406 2002 1480 2045 sed
1507 2003 1635 2045 etiam
1662 2004 1809 2048 multis

421 2068 542 2113 malis
564 2071 766 2129 operibus
790 2072 1152 2129 praecedentibus,
1173 2072 1465 2116 misericordia
1486 2073 1576 2132 ejus
1598 2075 1809 2132 praevenit
1870 2077 1875 2092 ²

421 2141 659 2195 hominem,
685 2152 732 2184 ut
756 2141 965 2186 liberetur
987 2159 1009 2186 a
1033 2142 1170 2196 malis,
1197 2152 1238 2186 et
1262 2159 1359 2202 quae
1383 2142 1506 2197 fecit,
1532 2152 1575 2186 et
1597 2160 1696 2203 quae
1721 2143 1809 2189 fac-

422 2220 544 2255 turus
559 2211 700 2255 fuerat
720 2213 798 2256 nisi
818 2214 890 2256 Dei
911 2214 1043 2271 gratia
1062 2223 1298 2271 regeretur,
1319 2221 1361 2256 et
1379 2229 1478 2272 quae
1497 2229 1696 2271 passurus
1713 2214 1808 2259 sue·
1855 2219 1865 2226 ”

423 2290 489 2324 rat
510 2281 552 2323 in
577 2291 786 2325 aeternum
814 2283 892 2325 nisi
918 2296 1141 2326 erueretur
1164 2300 1184 2326 a
1210 2293 1421 2340 potestate
1444 2284 1740 2338 tenebrarum,
1766 2295 1809 2330 et

424 2351 730 2396 transferretur
752 2354 795 2396 in
818 2369 999 2411 regnum
1021 2352 1114 2396 Filii
1131 2354 1349 2397 charitatis
1367 2354 1436 2397 Dei
1457 2354 1808 2401 ⁶.Vertimtamen

424 2423 522 2481 quia
544 2433 586 2466 et
607 2423 697 2482 ipsa
721 2424 804 2467 vita
829 2433 1006 2479 aeterna,
1035 2440 1163 2483 quam
1189 2434 1353 2468 certum
1380 2434 1442 2467 est
1461 2424 1582 2469 bonis
1605 2427 1808 2484 operibus

475 2532 481 2547 ¹
504 2526 583 2558 Psal.
601 2538 655 2563 cu,
676 2526 760 2565 lg.—
774 2533 787 2549 ²
804 2527 917 2559 Jacob.
940 2538 974 2563 ιι,
999 2527 1047 2558 13.
1062 2545 1102 2550 —
1121 2526 1132 2549 3
1149 2538 1167 2558 2
1185 2528 1287 2560 Maeli.
1305 2538 1362 2569 vu,
1381 2536 1434 2570 29.
1450 2527 1521 2558 -4
1542 2530 1633 2560 Prov.
1652 2530 1808 2571 xx,juxta

426 2583 523 2615 Lxx.
540 2599 581 2606 -—·
595 2581 610 2606 ⁵
625 2583 704 2615 Psal.
727 2594 814 2622 xxxi,
837 2592 867 2615 2.
883 2601 923 2608 --
938 2581 954 2606 6
972 2583 1091 2616 Coloss.
1110 2594 1132 2625 1,
1155 2584 1206 2616 13.
1876 2588 1884 2711 ῐ
