1821 3264
431 265 485 293 DE
516 262 630 291 nouo
661 256 1026 288 PEnsEvERANTm,
1340 242 1420 282 155

47 345 108 382 est
127 370 138 389 ,
158 335 206 378 in
226 331 492 391 expositione
513 326 703 386 ejusdem
726 323 971 381 Evangelii,
997 336 1096 366 cum
1121 322 1173 365 ad
1204 319 1329 364 illum
1346 333 1423 364 ve·-

46 407 175 452 nisset
196 404 359 456 locum,
387 400 462 443 uhi
485 396 718 442 Dominum
741 393 795 437 ad
819 392 1054 436 Jerusalem
1078 401 1328 449 pergentem
1355 392 1424 433 Sa·

47 474 245 522 maritani
275 472 466 530 recipere
504 467 739 512 noluerunt
764 466 774 488 ¹
810 482 818 507 :
855 482 874 505 «
908 462 1047 507 Simul
1075 461 1190 505 disce
1211 495 1221 515 3
1252 461 1420 520 inquit,

45 547 146 608 quia
177 543 306 602 recipi
324 540 465 586 noluit
490 555 512 582 a
530 553 618 584 non
642 534 824 593 simplici
845 542 989 577 mente
1007 532 1237 576 conversis.
1259 534 1366 576 Nam
1391 531 1425 575 si

45 614 276 667 voluisset,
304 628 355 655 ex
385 608 598 654 indevotis
624 607 803 650 devotos
833 603 1016 647 fecisset.
1046 604 1135 646 Cur
1163 610 1305 645 autem
1336 616 1424 644 non

45 684 286 744 receperint
317 697 416 725 eum
432 715 442 733 ,
469 676 741 736 Evangelista
759 676 848 733 ipse
871 671 1226 717 commemoravit
1248 671 1422 714 dicens:

46 756 156 810 Quia
178 754 308 798 facies
330 753 421 811 ejus
437 758 527 793 erat
548 747 687 792 euntis
709 747 754 789 in
771 743 1023 789 Jerusalem.
1052 740 1257 799 Discipuli
1281 749 1423 784 autem

0 823 2 829 ’
46 826 176 886 recipi
199 825 311 868 intra
327 820 562 866 Samariam
584 816 838 876 gestiebant.
868 813 950 858 Sed
975 816 1087 855 Deus
1103 826 1212 871 quos
1223 811 1428 868 dignatur

0 936 1 953 ;
45 905 194 949 vocat,
219 903 265 937 et
282 907 411 952 quem
435 890 530 934 vult
555 887 805 946 religiosum
823 884 927 928 facit
946 886 977 926 ².
1000 902 1019 924 »
1041 882 1153 934 Quid
1167 880 1424 932 evidentius,

49 967 155 1027 quid
181 964 389 1008 illustrius
421 977 443 1005 a
465 959 587 1003 verbi
610 958 686 1001 Dei
718 953 1024 999 tractatoribus
1049 952 1307 1012 quaerimus,
1330 950 1365 992 si
1387 958 1430 992 et

49 1038 102 1083 ab
132 1037 232 1095 ipsis
251 1034 372 1094 quod
399 1033 444 1076 in
464 1029 693 1089 Scripturis
717 1027 884 1072 clarum
911 1034 999 1078 est,
1037 1022 1184 1067 audire
1209 1021 1429 1065 delectat?

51 1108 134 1153 Sed
155 1106 222 1149 his
239 1105 429 1156 duobus,
453 1101 529 1162 qui
550 1099 746 1144 sufficere
768 1097 1030 1148 debuerunt,
1056 1102 1253 1137 sanetum
1272 1092 1429 1148 Grego-

0 1171 1 1178 ’
49 1177 161 1221 rium
189 1173 398 1218 addamus
426 1180 469 1215 et
501 1170 678 1213 tertium
695 1203 706 1223 ,
731 1167 807 1227 qui
840 1175 883 1209 et
913 1163 1090 1209 credere
1118 1163 1162 1205 in
1186 1164 1323 1205 Deum
1348 1195 1358 1214 ,
1388 1169 1431 1203 et

0 1275 1 1285 κ
51 1247 168 1307 quod
182 1245 397 1289 credimus
411 1240 625 1294 confiteri,
642 1239 719 1283 Dei
736 1238 902 1282 donum
925 1250 1015 1279 esse
1040 1243 1235 1287 testatur,
1256 1231 1428 1275 dicens:

53 1337 72 1360 ι(
99 1317 234 1361 Unius
257 1314 426 1358 deitatis
448 1347 458 1367 ,
483 1327 630 1371 quaeso
656 1325 757 1363 vos,
786 1306 1051 1352 confitemini
1076 1305 1325 1348 Trinitatem
1353 1321 1361 1346 ι
1397 1302 1430 1345 si

0 1415 1 1420 =
48 1403 150 1434 vero
166 1386 288 1430 aliter
309 1383 455 1437 vultis,
472 1382 601 1426 dicite
620 1381 749 1424 unius
765 1394 854 1422 esse
876 1387 1043 1421 naturae
1061 1396 1070 1431 3
1091 1385 1133 1418 et
1147 1378 1258 1417 Deus
1280 1387 1429 1417 vocem

0 1457 1 1472 ¹
50 1458 143 1502 dari
165 1456 285 1501 vobis
300 1471 323 1498 a
343 1462 492 1499 sancto
517 1452 678 1511 Spiritu
699 1448 1003 1508 deprecabitur
1023 1447 1036 1472 ³
1054 1462 1062 1486 :
1089 1464 1108 1485 n
1134 1444 1177 1487 id
1198 1454 1277 1499 est,
1303 1458 1430 1500 roga-

0 1574 1 1583 ,
53 1528 172 1572 bitur
204 1530 340 1580 Deus,
368 1533 418 1568 ut
450 1523 672 1582 permittat
707 1519 829 1563 vobis
861 1518 953 1561 dari
988 1530 1164 1570 vocem,
1197 1530 1282 1573 qua
1315 1512 1434 1572 quod

0 1592 2 1620 ³
49 1597 238 1653 creditis,
259 1595 456 1641 confiteri
472 1592 655 1654 possitis.
686 1610 704 1633 «
732 1589 861 1634 Dabit
882 1587 1016 1641 enim,
1036 1595 1178 1630 certus
1201 1599 1295 1628 sum
1325 1604 1335 1639 3
1359 1583 1434 1642 qui

49 1667 170 1714 dedit
193 1666 314 1727 quod
332 1666 518 1725 primum
548 1671 636 1716 est,
662 1660 786 1705 dabit
807 1669 850 1704 et
875 1658 997 1718 quod
1018 1654 1259 1701 secundum
1288 1663 1351 1697 est
1372 1673 1383 1708 3
1411 1670 1430 1692 »

0 1733 1 1769 }
51 1739 124 1799 qui
143 1737 264 1781 dedit
285 1735 476 1787 credere,
501 1733 622 1777 dabit
645 1741 687 1775 et
700 1729 912 1775 confiteri.

107 1813 157 1853 L.
176 1808 250 1852 Isti
266 1808 371 1852 tales
385 1805 581 1865 tantique
599 1804 798 1847 doctores
814 1800 1005 1843 dicentes
1027 1813 1116 1841 non
1138 1811 1228 1839 esse
1251 1794 1431 1853 aliquid,

0 1925 1 1932 ,
50 1879 103 1924 de
120 1895 209 1939 quo
226 1888 434 1937 tanquam
455 1876 508 1921 de
527 1884 688 1928 nostro,
714 1870 833 1931 quod
858 1870 982 1913 nobis
1005 1872 1116 1911 Deus
1136 1882 1225 1910 non
1247 1864 1431 1917 dederit,

0 1958 1 2003 ᾗ
51 1950 284 2010 gloriemur
307 1969 318 2006 3
343 1963 423 1991 nec
442 1946 584 2005 ipsum
604 1959 678 1988 cor
695 1951 889 1986 nostrum
905 1949 948 1983 et
965 1939 1246 1996 cogitationes
1270 1943 1435 1979 nostras

49 2022 92 2065 in
117 2028 327 2080 potestate
350 2027 494 2062 nostra
524 2032 611 2060 esse
637 2036 648 2072 3
672 2024 714 2057 et
737 2022 879 2057 totum
908 2011 1061 2056 dantes
1090 2012 1197 2062 Deo,
1223 2017 1352 2065 atque
1380 2006 1435 2048 ab

49 2092 142 2151 ipso
161 2106 239 2135 nos
263 2091 455 2149 accipere
478 2087 750 2139 confitentes,
772 2093 820 2127 ut
838 2080 1109 2141 permansuri
1130 2086 1436 2122 convertamur

50 2160 104 2206 ad
127 2176 226 2204 eum
252 2181 263 2217 ε,
302 2168 350 2202 ut
380 2158 424 2202 id
456 2157 577 2216 quod
593 2155 758 2199 bonum
781 2162 860 2206 est,
882 2152 1008 2195 nobis
1035 2163 1212 2209 quoque
1237 2146 1436 2190 videatur

51 2231 234 2284 bonum,
261 2238 303 2272 et
318 2228 500 2273 velimus
514 2224 640 2279 illud,
662 2233 710 2268 ut
729 2225 992 2267 honoremus
1017 2224 1172 2265 Deum,
1193 2228 1235 2261 et
1255 2216 1435 2275 recipia-

52 2316 149 2344 mus
161 2299 400 2353 Christum,
418 2307 465 2340 ut
479 2312 529 2339 ex
542 2294 756 2339 indevotis
767 2293 1006 2336 efficiamur
1019 2290 1165 2334 devoti
1177 2299 1217 2332 et
1236 2287 1435 2344 religiosi,

52 2379 102 2415 ut
132 2371 177 2414 in
205 2371 338 2429 ipsam
365 2367 616 2412 Trinitatem
652 2364 908 2416 credamus,
933 2371 975 2404 et
1006 2361 1289 2405 confiteamur
1310 2358 1437 2400 etiam

53 2456 159 2486 voce
171 2439 290 2500 quod
306 2439 522 2483 credimus
541 2437 658 2480 :haec
676 2435 829 2493 utique
843 2434 990 2491 gratiae
1009 2431 1085 2475 Dei
1107 2430 1310 2473 tribuunt
1323 2463 1333 2481 ,
1360 2428 1433 2470 Dei

101 2549 107 2564 ¹
140 2544 216 2573 Luc.
236 2548 280 2578 ix,
300 2539 354 2571 53.
372 2555 412 2561 —
426 2545 438 2561 ²
468 2537 613 2570 Ambros.
632 2539 664 2569 in
681 2538 755 2569 Luc.
775 2535 832 2566 lib.
853 2545 895 2565 vn
909 2556 918 2571 3
942 2544 973 2564 n.
994 2541 1047 2572 27.
1062 2529 1129 2554 ——3
1153 2532 1272 2571 Gregor
1290 2529 1435 2561 Nazianz.

55 2599 130 2631 Orat
149 2597 205 2640 44,
217 2597 248 2629 in
265 2598 487 2629 Pentecosten.
1475 2571 1483 2577 ³
