1884 3285
433 277 516 315 430
869 283 902 311 s.
940 282 1169 312 Incusum
1202 285 1381 312 emacem

489 351 707 396 CLXVII.
743 351 970 393 Jerm-s.
1011 367 1031 391 «
1067 349 1230 393 Deinde
1251 363 1350 392 cum
1387 349 1431 392 in
1460 352 1724 395 testamentis
1751 353 1820 411 agi

432 437 497 475 ea,
517 436 617 480 quae
638 428 738 464 sunt
760 420 983 479 promissa,
1001 419 1290 478 conspicimus
1318 439 1329 476 ς
1352 421 1574 478 praesentis
1591 421 1691 465 vitae
1707 422 1821 466 inter
1865 446 1872 460 ι

430 490 600 535 ludicra
628 490 808 534 omnino
837 489 981 534 omnia
1007 489 1344 548 bona‘malaque
1368 504 1663 545 numeramus,
1688 491 1821 537 fidem
1868 523 1869 526 =

431 560 750 621 pollicitationis
780 560 857 604 Dei
879 560 934 603 de
957 559 1253 617 magnitudine
1281 559 1325 602 in
1357 574 1436 604 nos
1465 560 1686 605 charitatis
1707 560 1822 606 illius
1865 586 1872 617 ς

432 632 708 677 aestimantes.
741 633 892 691 Neque
915 631 1028 674 enim
1053 630 1300 675 confutabit
1322 645 1440 689 spem
1476 640 1665 676 nostram
1699 641 1823 676 aeter·

433 719 591 748 norum
624 701 847 747 frustratio
877 701 1209 746 commodorum
1241 723 1252 760 3
1287 701 1646 762 quandoquidem
1667 703 1825 748 vadem
1870 703 1875 722 ³

433 774 713 819 beatitudinis
741 772 904 817 suturae
936 773 1012 817 Dei
1034 773 1286 817 charitatem
1315 781 1513 818 tenemus
1531 807 1542 828 ,
1566 789 1666 833 qnae
1686 774 1824 819 effusa
1866 792 1869 796 ·

433 846 562 889 estin
585 844 789 889 cordibus
818 844 974 888 nostris
1008 859 1084 902 per
1109 844 1317 903 Spiritum
1346 852 1544 888 sanctum
1563 878 1574 899 ,
1599 845 1675 904 qui
1697 845 1826 889 datus
1870 853 1875 905 J

434 926 498 961 est
519 916 694 960 nobis¹:
716 915 761 959 id
782 925 860 970 est,
886 930 964 975 per
983 915 1098 960 dona
1115 916 1249 959 sancti
1266 916 1464 975 Spiritus,
1485 930 1676 961 amorem
1697 930 1824 961 suum

435 990 548 1031 Deus
570 987 682 1030 circa
704 1001 840 1044 genus
864 985 1062 1045 probavit
1085 986 1344 1030 humanum.
1375 1004 1395 1027 »

494 1061 786 1103 Auacsrmcs.
821 1058 918 1101 Non
941 1057 1003 1101 vis
1024 1071 1113 1100 esse
1142 1057 1255 1100 inter
1289 1057 1383 1100 haec
1410 1055 1541 1110 dona,
1576 1057 1708 1100 etiam
1738 1072 1827 1101 non
1872 1050 1877 1114 'j

437 1143 613 1188 peccare
640 1147 649 1172 :
681 1127 753 1171 sed
774 1127 997 1171 confidens
1030 1127 1074 1170 in
1091 1126 1251 1171 virtute
1275 1136 1363 1181 tua,
1386 1127 1469 1171 hoc
1491 1127 1571 1171 tibi
1595 1135 1644 1171 tu
1663 1128 1754 1187 ipse
1765 1128 1829 1173 vis
1872 1130 1878 1191 J

426 1198 553 1242 dare.
582 1197 680 1242 Noli
701 1197 854 1251 irasci,
880 1197 1057 1241 obsecro
1083 1216 1092 1242 ς
1120 1216 1139 1238 «
1162 1196 1420 1242 Maledictus
1441 1197 1581 1244 omnis
1608 1198 1685 1258 qui
1706 1213 1828 1258 spem
1874 1199 1879 1254 ξ

440 1286 459 1309 n
486 1267 620 1311 habet
640 1267 686 1310 in
709 1267 888 1311 homine
911 1270 943 1310 2.
976 1286 995 1308 »
1039 1304 1041 1306 .

496 1339 738 1383 CLXVIII.
767 1340 993 1383 Jummcs,
1025 1357 1044 1380 «
1073 1340 1290 1383 Restituet
1319 1353 1420 1397 ergo
1442 1347 1585 1383 totum
1606 1338 1793 1384 fideliter
1815 1374 1828 1396 ,
1878 1361 1879 1368 ι

442 1408 563 1468 quod
589 1407 790 1452 fidelibus
817 1408 1074 1468 repromisit.
1104 1427 1122 1449 »
1876 1400 1880 1450 ’,

502 1482 794 1523 Αῑςυετιῃῑε.
825 1478 1042 1522 Restituet
1060 1478 1189 1537 plane
1210 1479 1340 1523 etiam
1361 1479 1446 1523 hoc
1464 1479 1607 1537 ipsum
1622 1513 1633 1534 ,
1660 1487 1709 1523 ut
1729 1479 1834 1524 fide·
1880 1515 1881 1527 2

441 1548 503 1593 les
525 1548 749 1608 sint3quia
764 1546 895 1591 fidem
917 1548 1113 1606 gentium
1135 1549 1333 1607 promisit
1345 1549 1534 1593 Abrahae
1560 1568 1569 1595 :
1590 1559 1633 1594 et
1652 1549 1833 1609 quidam
1879 1594 1882 1607 ,

441 1634 625 1677 magnus
646 1616 787 1661 fidelis
804 1616 910 1661 dicit
933 1633 941 1658 :
967 1636 986 1660 «
1011 1618 1350 1663 Misericordiam
1365 1629 1624 1665 consecutus
1645 1636 1758 1676 sum,
1782 1628 1832 1664 ut
1879 1675 1882 1678 ἢ

445 1708 465 1730 ι)
490 1688 629 1733 fidelis
647 1703 782 1732 eSSem
806 1689 837 1730 3.
866 1706 886 1728 )›

499 1759 696 1803 CLXIX.
721 1759 947 1802 JL‘LIANUS.
970 1775 989 1799 «
1024 1757 1109 1810 Qui
1133 1759 1249 1801 euim
1266 1759 1378 1804 Filio
1401 1774 1480 1804 suo
1503 1775 1592 1805 non
1609 1761 1826 1820 pepercit,

440 1828 517 1874 sed
538 1845 617 1889 pro
633 1829 760 1872 nobis
783 1827 984 1872 omnibus
1004 1828 1182 1873 tradidit
1198 1845 1315 1885 eum,
1336 1845 1411 1889 per
1432 1847 1565 1891 quem
1582 1847 1661 1876 nos
1680 1847 1831 1891 opera·

440 1901 557 1945 tione
586 1899 723 1944 sancti
748 1898 931 1957 Spiritus
951 1900 1218 1944 consecravit
1236 1902 1268 1956 4,
1289 1901 1445 1961 procul
1464 1902 1600 1947 dubio
1630 1917 1732 1947 cum
1753 1901 1830 1947 illo

440 1972 586 2016 omnia
623 1970 749 2014 nobis
783 1969 976 2014 donavit.
1023 1989 1043 2012 «
1081 1972 1138 2015 Ut
1166 1971 1273 2031 quid
1302 1973 1418 2016 enirn
1454 1973 1650 2019 Christus
1673 2008 1684 2029 ,
1726 1988 1829 2018 cum

442 2061 463 2084 ι)
489 2042 632 2087 adhuc
663 2042 825 2085 infirmi
846 2056 1063 2098 essemus,
1095 2041 1339 2088 secundum
1375 2053 1546 2104 tempus
1575 2061 1655 2105 pro
1686 2045 1829 2104 impiis

444 2132 464 2155 »
490 2123 689 2158 mortuus
709 2121 772 2157 est
795 2113 811 2137 4
833 2113 851 2154 ?
881 2130 900 2153 »

500 2187 791 2228 Anat-snus.
826 2183 1086 2227 Testimonia
1117 2183 1262 2229 divina
1299 2200 1630 2241 commemoras,
1667 2186 1828 2245 quibus
1882 2233 1884 2241 J

440 2263 580 2299 vester
608 2269 726 2298 error
756 2256 978 2298 evertitur.
1014 2257 1110 2299 Non
1149 2256 1264 2300 enim
1297 2257 1463 2301 dictum
1496 2267 1560 2302 est
1584 2292 1595 2311 ,
1631 2256 1828 2302 Christus
1882 2263 1884 2311 ff

440 2326 569 2370 etiam
592 2340 670 2384 pro
691 2324 832 2383 impiis
858 2345 869 2381 ·,
888 2324 980 2379 sed,
998 2339 1074 2382 pro
1091 2325 1245 2384 impiis,
1267 2327 1427 2386 inquit,
1451 2337 1650 2372 mortuus
1671 2335 1749 2371 est.
1771 2328 1828 2371 Ut
1883 2357 1884 2363 ι

441 2405 585 2440 autem
610 2404 652 2439 et
673 2396 763 2455 ipse
784 2394 887 2439 alibi
908 2393 1128 2439 confessus
1141 2398 1203 2439 es⁵
1224 2431 1235 2450 ‚
1261 2397 1389 2442 etiam
1412 2413 1488 2457 pro
1502 2396 1692 2457 parvulis
1709 2412 1827 2441 mor-

490 2520 498 2536 ι
514 2513 608 2544 Rom.
629 2524 660 2553 v,
680 2513 710 2545 5.
729 2530 768 2536 -
784 2520 796 2535 ²
814 2515 933 2545 Jerem.
954 2523 1034 2551 xvii,
1051 2512 1083 2544 5.
1099 2531 1139 2536 —
1156 2511 1170 2535 3
1197 2525 1208 2544 ι
1229 2515 1299 2546 Cor,
1321 2526 1379 2554 vn,
1399 2514 1451 2548 25.
1473 2514 1538 2544 -4
1557 2517 1653 2548 Rom.
1676 2525 1744 2553 vm,
1766 2514 1824 2546 32.

440 2582 483 2588 —
500 2564 516 2588 5
534 2568 581 2599 Id.
602 2579 635 2605 v,
653 2568 686 2600 6.
699 2585 738 2590 —
751 2566 767 2590 6
796 2570 831 2600 In
855 2568 912 2601 lib.
933 2579 944 2600 1
960 2567 1073 2612 Operis
1091 2570 1131 2602 ad
1147 2565 1365 2601 'rm-bantium.
1380 2587 1422 2593 —-
1439 2569 1451 2593 3
1470 2571 1552 2603 Vide
1580 2571 1636 2603 lib.
1661 2581 1693 2603 ιιι
1711 2572 1825 2602 contra

439 2621 556 2654 Julian.
580 2632 653 2664 cap.
675 2623 730 2662 25,
752 2627 785 2655 et
806 2622 861 2655 lib.
884 2632 929 2662 vr,
949 2633 1023 2666 cap.
1043 2624 1076 2663 4.
