1884 3285
441 235 524 272 226
873 241 904 267 s.
941 241 966 268 a
974 243 1026 268 tc
1034 245 1049 267 i
1059 241 1171 269 snm
1204 241 1386 269 ammom

432 307 648 352 manitatis
677 305 940 364 possessione
971 313 1184 350 certantes
1206 306 1271 350 his
1295 306 1448 364 signis,
1479 314 1522 350 et
1548 306 1638 351 duo
1660 320 1812 352 eorum
1858 315 1863 361 «f

434 392 566 434 regna
588 376 815 434 separasti,
842 383 891 419 ut
912 375 1076 419 diceres
1091 409 1102 430 ,
1122 375 1284 420 diaboli
1306 390 1397 419 esse
1417 374 1635 435 quidquid
1654 377 1818 435 nuptiae
1860 361 1867 418 ἶ

435 445 732 504 protulissent,
761 446 837 490 Dei
864 460 968 490 vero
987 445 1126 490 solum
1148 446 1268 506 quod
1286 447 1406 504 virgo
1425 447 1683 505 peperisset?
1702 446 1820 499 Quid
1861 471 1863 473 ·

438 525 501 560 est
523 515 663 570 aliud,
688 517 866 575 virginis
882 515 1234 562 foecundatorem
1257 526 1300 561 et
1325 517 1650 575 egentissimum
1672 525 1820 561 osten*-

437 584 541 630 dere
563 586 710 645 inopia
735 587 946 645 portionis
968 603 1081 642 suae,
1112 597 1155 632 et
1175 588 1379 631 eumdem
1400 602 1558 645 negare
1573 599 1723 631 eorum
1745 585 1823 646 qui
1859 578 1866 632 ‘'ss

436 655 657 713 prodeunt
675 657 730 700 de
747 658 909 716 nuptiis
938 658 1165 701 hominum
1194 656 1496 701 conditorem?
1515 659 1676 700 Teneat
1691 656 1822 714 igitur
1862 651 1870 703 f'

435 726 558 769 verbi
576 727 639 768 tui
652 726 790 770 lector
805 725 989 785 diligens
1005 727 1359 786 chirographum,
1387 727 1580 786 sciatque
1598 735 1640 770 te
1656 760 1667 780 ,
1687 725 1822 769 disci·-
1860 741 1866 790 j

433 795 587 853 pulum
602 795 778 840 fidelem
793 798 1135 842 Manichaeorum
1155 808 1198 842 et
1222 798 1504 842 Traducianae
1526 796 1712 841 nationis
1728 796 1817 854 pri·
1860 791 1861 794 “

433 874 594 909 matem
611 901 622 921 ,
648 866 758 910 nihil
786 867 904 911 aliud
932 883 1063 927 quam
1097 868 1450 913 commixtionem
1477 866 1659 925 legitimi
1691 865 1814 910 dam·

433 950 554 979 nasse
575 937 784 995 conjugii.
827 954 848 977 n

493 1007 784 1051 Atctsrmts.
811 1009 907 1052 Non
931 1008 1063 1051 habes
1085 1008 1336 1052 exercitatos
1363 1021 1512 1051 sensus
1537 1005 1592 1050 ad
1614 1019 1818 1065 separan-
1861 1049 1864 1058 ,

435 1075 540 1118 dum
572 1075 739 1120 bonum
772 1094 796 1121 a
819 1078 948 1122 malo.
974 1081 1031 1122 Et
1054 1078 1282 1122 hominum
1304 1087 1346 1121 et
1367 1076 1634 1135 Angelorum
1665 1085 1821 1120 natura
1865 1120 1872 1132 μ

435 1153 566 1204 atque
593 1146 835 1190 substantia
862 1148 932 1191 vel
955 1147 1171 1191 bonorum
1195 1145 1264 1191 vel
1285 1146 1501 1190 malorum
1524 1150 1614 1191 Deo
1629 1154 1823 1191 creatore
1865 1134 1870 1182 Ϊ

433 1214 623 1258 subsistit
649 1234 656 1258 :
683 1216 759 1258 sed
782 1217 884 1259 vitia
909 1226 1162 1259 naturarum
1187 1225 1319 1275 atque
1342 1216 1698 1267 substantiarum,
1724 1228 1823 1275 quae

434 1284 663 1327 Manichaei
678 1294 854 1328 naturas
868 1285 1021 1330 dicunt
1034 1301 1124 1330 esse
1137 1296 1268 1346 atque
1282 1286 1559 1340 substantias,
1579 1286 1735 1330 veritas
1748 1301 1824 1329 au·-

435 1360 523 1395 tem
540 1363 684 1411 negat,
702 1357 815 1399 Deus
828 1357 971 1415 justus
984 1366 1114 1416 atque
1129 1357 1404 1415 omnipotens
1421 1355 1693 1400 ordinatione
1709 1355 1822 1416 judi-

435 1422 565 1466 ciaria
579 1439 668 1468 esse
684 1427 897 1483 permittit
911 1448 922 1483 3
941 1436 985 1470 et
999 1428 1088 1486 ipsa
1102 1437 1202 1471 sunt
1213 1426 1341 1480 mala,
1363 1441 1462 1486 quae
1478 1427 1622 1470 nisiex
1639 1426 1765 1470 bonis
1782 1434 1824 1470 et
1866 1435 1870 1459 ³

431 1492 480 1535 in
500 1492 624 1538 bonis
647 1498 813 1540 naturis
834 1498 971 1541 inesse
989 1513 1077 1542 non
1099 1507 1293 1557 possunt.
1321 1498 1388 1542 Sic
1410 1506 1513 1542 sunt
1525 1506 1671 1541 autem
1688 1497 1732 1540 in
1753 1496 1824 1540 di·
1866 1530 1873 1551 ς

435 1563 553 1607 aboli
574 1575 787 1623 potestate
814 1583 1104 1628 quaecumque
1131 1568 1195 1611 illi
1211 1603 1221 1622 ,
1248 1571 1335 1612 Deo
1351 1568 1600 1627 judicante,
1621 1565 1823 1611 subdun—

436 1640 525 1688 tur,
543 1642 595 1677 ut
611 1651 634 1679 a
653 1637 728 1679 Dei
750 1647 978 1696 potestate,
1003 1638 1083 1682 sub
1106 1654 1193 1697 qua
1210 1647 1254 1682 et
1274 1638 1365 1696 ipse
1386 1638 1585 1683 diabolus
1608 1637 1823 1682 constitu·
1866 1639 1873 1671 ἵ

436 1711 506 1747 tus
519 1713 598 1759 est,
619 1706 755 1750 aliena
770 1723 860 1751 esse
876 1724 965 1752 non
976 1709 1152 1767 possint.
1171 1711 1284 1753 Cum
1299 1709 1430 1767 igitur
1443 1723 1592 1753 omnes
1609 1707 1765 1767 Angeli
1781 1716 1824 1752 et

436 1787 585 1818 omnes
598 1775 793 1820 hominas
815 1779 895 1821 sub
915 1779 990 1821 Dei
1001 1779 1086 1822 sint
1104 1788 1332 1837 potestate,
1350 1778 1490 1822 inanis
1507 1787 1571 1822 est
1586 1778 1824 1839 loquacitas
1868 1779 1875 1830 ’ἦ

436 1851 533 1898 tua,
558 1861 646 1904 qua
667 1847 772 1891 dicis
795 1851 934 1891 Deum
961 1857 1005 1892 et
1037 1847 1261 1892 diabolum
1292 1849 1484 1893 divisisse
1505 1850 1618 1893 inter
1639 1863 1700 1903 se,
1725 1847 1822 1908 quis
1867 1849 1874 1897 ἴ

436 1928 586 1958 eorum
621 1932 730 1975 quos
752 1918 910 1962 habeat
938 1919 1019 1962 sub
1044 1919 1217 1978 propria
1236 1928 1463 1978 potestate.
1491 1922 1544 1963 In
1565 1933 1698 1979 quem
1718 1930 1823 1964 vero
1870 1935 1876 1967 ζ

435 1984 573 2029 crudo
591 1997 764 2044 pectore
779 2003 952 2033 evomas
968 1990 1084 2045 istas,
1103 1990 1263 2050 quibus
1276 1990 1482 2049 pasceris,
1508 1990 1795 2035 contumelias
1808 2025 1820 2046 ,
1873 2012 1876 2022 2

436 2053 653 2114 paulisper
665 2058 856 2102 attende.
874 2062 942 2102 En
956 2058 1075 2103 adest
1091 2059 1164 2103 ille
1179 2060 1455 2117 Ambrosiu53
1473 2059 1529 2103 de
1542 2060 1626 2104 hoc
1643 2060 1690 2104 in
1703 2058 1824 2119 quod
1867 2062 1871 2097 ἲ

437 2123 794 2188 inveheris,quid
811 2127 1048 2173 dicatvide¹
1073 2149 1080 2174 :
1103 2130 1335 2183 Quomodo
1356 2129 1487 2185 solus,
1503 2130 1663 2190 inquit,
1681 2130 1824 2190 potuit
1870 2150 1872 2166 ὲ

433 2195 575 2253 justus
597 2212 701 2252 esse,
738 2214 837 2242 cum
861 2201 1080 2258 generatio
1102 2201 1242 2244 omnis
1272 2209 1456 2255 erraret,
1494 2201 1575 2245 nisi
1612 2210 1739 2246 natus
1771 2212 1823 2245 ex
1868 2219 1870 2221 ·

438 2265 605 2324 virgine
619 2270 907 2326 generationis
928 2271 1130 2315 obnoxiae
1145 2271 1369 2330 privilegio
1384 2270 1561 2314 minime
1578 2273 1823 2316 teneretur?

441 2338 558 2380 Audi
580 2338 744 2393 adhuc,
772 2340 873 2384 audi
891 2376 900 2394 ,
929 2350 972 2385 ct
998 2351 1243 2400 protervam
1266 2341 1461 2400 linguam
1480 2339 1634 2386 frontis
1647 2342 1823 2387 elisione
1871 2370 1877 2377 -

441 2421 665 2466 compesce
679 2414 696 2436 '²
714 2430 722 2454 :
743 2413 839 2456 Non
865 2412 979 2455 enim
1009 2413 1140 2456 virilis
1169 2416 1310 2457 coi‘tus
1338 2412 1481 2456 vulvae
1508 2413 1728 2472 virginalis
1755 2430 1823 2459 se-

440 2487 556 2522 creta
584 2482 808 2536 reseravit,
825 2483 900 2526 sed
922 2482 1249 2527 immaculatum
1271 2497 1417 2526 semen
1437 2482 1676 2529 inviolabili
1697 2493 1821 2529 utero

492 2569 501 2584 ¹
527 2564 672 2597 ambros.
696 2565 750 2598 lib.
769 2567 809 2600 de
828 2569 920 2600 Arca.
936 2584 977 2592 --
992 2574 1004 2590 ²
1020 2568 1068 2601 td.
1083 2568 1138 2600 lib.
1158 2579 1180 2601 n
1193 2568 1222 2600 in
1240 2569 1316 2601 Luc·
1331 2578 1404 2610 cap.
1420 2579 1454 2609 11,
1470 2579 1502 2600 v.
1522 2569 1576 2601 23.
