1821 3264
275 245 417 272 oratus
450 244 624 271 lMPERf.
659 241 822 272 CONTRA
855 243 1022 273 JULIAN.
1060 247 1141 273 Lus.
1181 247 1229 273 11.
1363 234 1441 273 381

67 308 165 353 nale
188 319 412 368 peccatum
430 344 441 364 ,
466 309 585 369 quod
605 308 650 352 in
673 323 821 353 omnes
843 310 1038 354 homines
1057 310 1318 369 pertransiit.
1346 313 1450 355 Gra-

65 380 123 424 tia
146 394 246 424 vero
266 380 362 424 ideo
381 396 432 424 ex
448 380 595 424 multis
612 379 777 424 delictis
796 382 837 424 in
852 382 1222 441 justificationem,
1244 382 1344 441 quia
1361 397 1449 425 non

64 450 204 494 solum
235 466 373 494 unum
395 450 503 494 illud
526 447 680 503 solvit,
707 450 826 509 quod
848 451 1112 508 originaliter
1142 452 1349 507 trahitur,
1375 450 1449 496 sed

65 521 194 565 etiam
219 531 373 566 caetera
392 556 402 574 ‚
429 537 527 581 quae
554 520 600 564 in
624 536 893 582 unoquoquo
919 523 1093 566 homine
1122 532 1242 566 motu
1267 523 1451 581 propriae

63 590 298 635 voluntatis
317 590 554 635 adduntur.
581 589 620 634 Si
640 590 754 633 enim
771 591 828 634 ob
846 592 974 636 unius
993 591 1199 636 delictum
1218 607 1332 636 mors
1352 606 1449 651 reg-

64 662 182 706 navit
204 677 279 721 per
308 677 444 706 unum
463 664 498 715 ¹,
530 659 669 705 multo
691 662 825 719 magis
853 663 929 722 qui
956 663 1267 707 abundantiam
1303 664 1450 720 gratiae

65 741 108 776 et
124 732 305 792 justitiae
327 732 574 791 accipiunt,
594 731 640 774 in
664 732 753 775 vita
774 734 1020 791 regnabunt
1042 749 1118 792 per
1140 748 1277 777 unum
1301 735 1449 777 Jesum

65 803 303 848 Christum.
336 807 489 863 Itaque
510 803 622 847 sicut
651 818 727 860 per
745 804 873 847 unius
897 804 1104 848 delictum
1129 805 1174 847 in
1198 819 1346 848 omnes
1367 805 1450 849 ho-

64 873 202 917 mines
230 873 285 917 ad
311 872 720 917 condemnationem
737 907 747 926 ,
773 873 832 916 ita
857 883 900 917 et
926 889 1002 932 per
1024 874 1151 918 unius
1170 874 1379 933 justitiam
1406 874 1451 917 in

64 958 213 988 omnes
231 944 430 987 homines
448 943 501 987 atl
517 942 872 1003 justificationem
893 944 1009 987 vitae.
1037 962 1056 984 «
1078 947 1178 987 Post
1199 961 1297 1004 quae
1320 948 1450 1001 Apos-

63 1014 142 1060 toli
163 1015 316 1070 verba,
342 1014 464 1075 quasi
495 1013 660 1073 aliquid
689 1013 947 1069 confeceris,
972 1013 1223 1058 insultando
1254 1015 1308 1058 de
1328 1015 1451 1058 nobis

62 1084 252 1143 loqueris
279 1104 286 1129 :
316 1104 336 1126 »
362 1084 520 1129 Adhuc
548 1094 831 1143 permaneant
853 1085 898 1128 in
927 1085 1120 1129 vanitate
1147 1085 1302 1128 mentis
1335 1100 1448 1139 suae,

66 1165 108 1201 et
125 1156 272 1201 dicant
294 1171 429 1200 unum
454 1156 673 1200 hominem
695 1172 783 1200 non
805 1157 1087 1215 propaginem
1111 1156 1322 1216 trajecisse
1343 1191 1353 1210 ‚
1377 1156 1452 1199 sed

63 1227 308 1286 exemplum
330 1226 566 1286 praebuisse
594 1227 758 1284 peccati
773 1230 804 1271 ².
838 1226 1068 1279 Quomodo
1091 1241 1192 1284 ergo
1222 1242 1297 1286 per
1323 1227 1451 1270 unius

63 1297 272 1343 delictum
296 1298 341 1341 in
367 1312 516 1342 omnes
538 1297 736 1341 homines
759 1296 810 1341 ad
835 1298 1267 1351 condemnationem,
1300 1307 1342 1341 et
1363 1311 1451 1341 non

62 1370 206 1428 potius
228 1384 305 1428 per
324 1367 462 1412 multa
483 1383 557 1412 sua
577 1369 789 1427 cujusque
817 1368 974 1412 delicta
992 1370 1009 1409 ?
1029 1369 1108 1412 nisi
1140 1369 1241 1427 quia
1266 1368 1396 1411 etiam
1418 1367 1452 1410 si

62 1439 172 1484 illud
203 1455 340 1483 unum
369 1439 422 1483 sit
454 1447 651 1492 tantum,
687 1439 894 1482 idoneum
919 1449 982 1483 est
1003 1439 1241 1498 perducere
1269 1438 1321 1482 ad
1345 1453 1453 1482 con·-

63 1509 386 1555 demnationem
403 1544 414 1564 ‚
437 1510 565 1553 etiarn
586 1508 718 1553 nullis
736 1508 894 1553 additis
911 1512 1099 1567 caeteris,
1121 1509 1232 1553 sicut
1252 1509 1455 1567 perducit

61 1581 265 1640 parvulos
286 1580 532 1634 morientes,
558 1579 700 1639 quiex
717 1578 858 1623 Adam
881 1589 1135 1634 nascuntur,
1161 1580 1194 1623 si
1215 1579 1258 1622 in
1282 1578 1454 1623 Christo

62 1667 153 1696 non
170 1652 474 1696 renascantur?
493 1650 610 1703 Quid
626 1664 730 1708 ergo
750 1665 773 1693 a
791 1650 917 1694 nobis
935 1650 1092 1709 quaerit
1107 1649 1207 1701 iste,
1229 1648 1349 1708 quod
1364 1663 1454 1692 non

64 1722 159 1769 vult
182 1723 238 1767 ab
267 1720 478 1782 Apostolo
504 1721 654 1765 audire
671 1755 681 1775 ,
718 1736 796 1780 per
822 1719 929 1780 quid
951 1729 1177 1780 peccatum
1208 1719 1455 1764 inveniatur

66 1794 111 1837 in
133 1792 339 1853 parvulo,
371 1800 521 1836 utrum
543 1806 619 1850 per
645 1790 945 1845 voluntatem,
976 1807 1030 1835 an
1056 1806 1133 1850 per
1162 1791 1362 1849 nuptias,
1401 1804 1456 1833 an

65 1879 142 1923 per
168 1864 396 1923 parentes?
429 1864 563 1917 Ecce,
601 1861 749 1905 audiat
773 1876 849 1920 per
871 1861 1002 1921 quid,
1039 1861 1186 1904 audiat
1216 1869 1259 1903 et
1287 1868 1452 1914 taceat,

65 1950 143 1995 per
174 1933 280 1994 quid
313 1941 540 1993 peccatum
578 1931 825 1975 inveniatur
855 1932 901 1974 in
937 1931 1118 1990 parvulo
1149 1949 1157 1974 ι
1190 1929 1422 1989 Apostolus
1441 1964 1454 1983 ‚

67 2008 148 2050 Per
170 2005 298 2049 unius
322 2004 530 2048 delictum
547 2037 558 2056 ,
585 2002 730 2062 inquit
751 2037 761 2058 ,
786 2002 833 2045 in
863 2017 1012 2046 omnes
1041 2002 1237 2046 homines
1263 2001 1317 2044 ad
1347 2016 1455 2045 con-

16 2112 18 2114 .
65 2076 403 2121 demnationem.
443 2093 463 2116 «
484 2072 602 2119 Nihil
624 2081 665 2116 te
696 2072 873 2133 quidem
896 2073 1031 2131 magis
1053 2073 1205 2115 timere
1229 2086 1360 2131 quam
1384 2071 1456 2114 in-

65 2147 402 2206 terrogationem
426 2144 795 2202 perscrutatricem
821 2143 954 2187 animi
979 2143 1040 2187 tui
1069 2152 1111 2186 et
1138 2142 1348 2200 dogmatis
1376 2157 1457 2186 no-

66 2218 206 2263 vimus
226 2237 236 2263 2
254 2218 355 2261 inde
373 2225 434 2260 est
449 2216 612 2275 quippe
624 2249 634 2269 ,
653 2213 773 2274 quod
789 2213 991 2258 omnibus
1004 2212 1160 2272 opibus
1179 2213 1454 2270 negationem

68 2289 275 2334 examinis
315 2304 338 2332 a
374 2286 530 2331 mundi
572 2285 857 2345 potestatibus
892 2284 1173 2343 comparati53
1218 2282 1456 2341 intelligitis

68 2360 185 2404 enim
221 2357 437 2418 agendum
474 2356 596 2401 vobis
629 2356 672 2399 vi
706 2370 824 2410 esse,
866 2370 966 2399 cum
1000 2353 1245 2398 deserimini
1280 2353 1457 2396 rationis

70 2430 243 2474 auxilio.
273 2448 292 2470 »

119 2538 128 2554 ¹
150 2535 240 2565 Rom.
261 2536 294 2572 ν’,
318 2534 357 2564 ι8
380 2534 411 2564 et
434 2542 483 2572 19-
502 2546 543 2553 --
560 2534 572 2551 ²
594 2526 673 2560 Vide
690 2527 745 2560 lib.
765 2540 791 2562 11
808 2529 847 2562 de
862 2528 996 2570 Nuptiis,
1016 2537 1088 2569 cap.
1108 2535 1161 2568 27.
1182 2525 1265 2558 Beda
1281 2529 1313 2557 et
1335 2524 1471 2565 Florus,-

72 2589 111 2621 ad
129 2591 218 2622 Rom.
241 2599 271 2620 v.
