1821 3264
398 238 451 264 DE
481 235 771 265 CORREPTmNE
805 237 857 264 ET
888 234 1062 265 onum.
1373 227 1423 267 41

47 323 68 347 »
93 304 227 348 rietur
248 303 387 347 omnis
404 317 504 346 caro
520 316 665 345 coram
685 300 775 359 ipso
789 303 817 344 ¹.
842 319 861 342 »
887 317 942 346 ne
964 311 1169 361 putarent
1184 304 1321 349 sancti
1339 305 1431 349 sine

44 375 176 434 gloria
198 390 242 419 se
260 373 506 417 remansisse
523 408 533 426 ‚
562 387 659 416 mox
682 370 850 415 addidit
871 391 879 416 :
923 391 942 414 «
966 376 1028 417 Ex
1059 375 1152 433 ipso
1187 385 1333 419 autem
1356 392 1431 421 vos

47 466 68 489 »
100 447 197 492 estis
226 446 271 489 in
305 447 407 489 Jesu
436 443 632 498 Christo,
661 443 737 502 qui
765 442 904 487 faetus
930 453 994 488 est
1017 446 1142 490 nobis
1169 446 1379 506 sapientia
1407 463 1431 492 a

48 537 68 560 »
94 535 118 562 a
141 520 277 572 De02,
310 525 353 560 et
378 515 570 576 justitia,
602 524 642 559 et
670 515 979 568 sanctificatio,
1012 524 1055 558 et
1083 516 1349 576 redemptio,
1383 527 1431 563 ut

47 606 67 631 »
93 586 464 648 quemadmodum
482 586 690 645 scriptum
715 594 800 639 est,
822 585 905 638 Qui
926 584 1156 643 gloriatur,
1181 587 1225 631 in
1248 589 1429 633 Domino

46 677 66 701 η
91 657 338 716 glorieturss.
374 676 393 698 »
434 656 545 701 Hinc
569 655 776 716 estquod
810 655 854 698 in
884 656 966 700 hoc
1002 655 1100 700 loco
1131 658 1426 713 miseriarum,

41 729 117 774 ubi
140 729 320 773 tentatio
353 737 416 772 est
444 728 531 772 vita
561 728 749 771 humana
777 741 907 785 super
937 728 1138 782 terrain⁴‚
1177 747 1197 770 «
1223 728 1357 773 virtus
1386 730 1431 772 in

44 818 65 842 »
89 800 341 844 infirmitate
363 800 627 858 perficiturfi.
660 817 677 840 ι)
703 814 802 858 quae
824 798 982 853 virtus,
1008 798 1087 842 nisi
1113 817 1133 840 «
1161 808 1210 843 ut
1238 799 1314 859 qui
1338 799 1430 857 glo-

44 889 65 912 »
91 871 246 924 riatur,
272 870 316 913 in
341 870 526 914 Domino
548 869 771 927 glorietur.
805 890 819 910 »

98 944 347 986 XXXVIII.
383 944 445 986 Ac
470 956 545 1000 per
569 942 650 985 hoc
680 955 759 984 nec
788 939 844 984 de
867 940 957 999 ipsa
982 940 1296 998 perseverantia
1324 941 1429 985 boui

40 1012 179 1058 voluit
200 1016 314 1057 Deus
346 1021 515 1056 sanctos
539 1028 638 1056 suos
660 1012 706 1056 in
730 1011 895 1056 viribus
918 1011 1026 1066 suis,
1060 1010 1134 1056 sed
1158 1012 1203 1055 in
1226 1012 1317 1071 ipso
1335 1011 1429 1071 glo-

39 1083 137 1127 riari
159 1102 168 1127 :
193 1083 266 1142 qui
290 1083 348 1127 eis
369 1099 456 1127 non
478 1082 619 1127 solum
642 1082 716 1126 dat
740 1082 1007 1143 adjutorium
1034 1081 1163 1143 quale
1185 1083 1326 1141 primo
1348 1083 1430 1127 ho-

39 1153 145 1196 mini
162 1152 283 1196 dedit
300 1188 310 1208 ,
332 1153 422 1197 sine
437 1169 525 1213 quo
546 1169 633 1196 non
656 1154 821 1212 possint
839 1168 1111 1212 perseverare
1126 1154 1159 1196 si
1177 1152 1335 1211 velint3
1355 1154 1427 1198 sed

37 1225 81 1268 in
103 1224 162 1267 eis
180 1225 310 1267 etiam
325 1260 339 1279 ‚
364 1234 567 1284 operatur
591 1233 634 1268 et
658 1224 769 1268 velle
789 1244 796 1267 ε
820 1234 870 1268 ut
895 1225 1102 1283 quoniam
1122 1240 1210 1269 non
1230 1240 1429 1283 perseve-

38 1294 221 1347 rabunt,
241 1294 320 1337 nisi
342 1303 384 1338 et
408 1295 570 1352 possint
590 1304 632 1338 et
655 1294 813 1348 velint,
841 1295 1142 1353 perseverandi
1168 1296 1227 1339 eis
1260 1305 1302 1339 et
1334 1311 1429 1354 pos-

36 1363 214 1408 sibilitas
237 1373 279 1407 et
303 1363 504 1408 voluntas
522 1364 680 1409 divinae
699 1366 846 1422 gratiae
868 1364 1066 1422 largitate
1089 1365 1292 1409 donetur.
1316 1369 1429 1410 Tan-

40 1444 129 1479 tum
150 1436 313 1495 quippe
335 1435 494 1494 Spiritu
513 1444 662 1479 sancto
683 1436 939 1479 accenditur
959 1434 1160 1479 voluntas
1178 1451 1327 1480 eorum
1347 1471 1358 1489 ,
1380 1445 1429 1481 ut

34 1506 132 1550 ideo
165 1508 352 1565 possint,
379 1507 481 1566 quia
505 1508 563 1551 sic
591 1505 769 1563 volunt3
792 1507 892 1550 ideo
919 1507 980 1550 sic
1003 1505 1160 1561 velint,
1188 1507 1290 1566 quia
1317 1511 1429 1551 Deus

34 1586 237 1635 operatur
263 1587 310 1620 ut
331 1576 480 1620 velint.
506 1579 613 1621 Nam
640 1577 673 1621 si
696 1578 740 1620 in
762 1585 882 1620 >tanta
900 1577 1153 1620 infirmitate
1176 1577 1274 1619 vitae
1297 1577 1428 1637 hujus

33 1648 101 1705 (in
117 1663 200 1707 qua
222 1658 364 1692 tamen
380 1648 632 1692 infirmitate
656 1659 834 1708 propter
851 1648 1082 1692 elationem
1104 1648 1427 1707 reprimendam

33 1718 181 1777 perfici
214 1719 419 1762 virtutem
445 1719 704 1777 oportebat)
737 1719 837 1777 ipsis
867 1717 1188 1777 relinqueretur
1226 1718 1428 1764 voluntas

33 1804 130 1842 sua,
153 1797 200 1831 ut
218 1788 262 1832 in
278 1789 498 1848 adjutorio
522 1790 595 1833 Dei
612 1791 703 1832 sine
724 1806 812 1848 quo
829 1805 1107 1848 perseverare
1125 1805 1213 1833 non
1234 1800 1423 1849 possent,

34 1868 260 1903 manerent
295 1859 327 1902 si
356 1859 519 1902 vellent
537 1894 547 1913 ‚
575 1875 653 1903 nec
684 1862 793 1903 Deus
827 1860 871 1902 in
895 1859 953 1902 eis
981 1869 1233 1917 operaretur
1260 1870 1308 1903 ut
1335 1860 1427 1904 vel-

33 1930 150 1983 lent,
188 1931 300 1972 inter
329 1939 394 1973 tot
422 1940 465 1973 et
496 1939 634 1973 tantas
671 1931 933 1973 tentationes
961 1930 1211 1973 infirmitate
1239 1946 1314 1974 sna
1346 1946 1425 1975 vo-

33 2000 179 2044 luntas
196 2000 286 2058 ipsa
305 1999 636 2054 succumberet,
662 2010 704 2042 ct
722 2001 820 2043 ideo
840 2015 1110 2059 perseverare
1127 2015 1213 2044 non
1234 2011 1423 2059 po>scnt‚

35 2070 137 2129 quia
162 2069 412 2114 deficientes
440 2070 691 2113 infirmitate
718 2086 795 2113 nec
825 2069 1006 2124 vellent,
1037 2080 1111 2114 aut
1135 2086 1223 2114 non
1245 2071 1303 2114 ita
1335 2072 1427 2115 vel-

34 2140 129 2184 lent
146 2140 398 2184 infirmitate
415 2140 650 2184 voluntatis
675 2150 722 2184 nt
749 2150 935 2199 possent.
967 2141 1239 2186 Subventum
1263 2152 1325 2186 est
1352 2144 1426 2201 igi-

39 2219 108 2254 tur
136 2210 373 2253 infirmitati
406 2211 641 2254 voluntatis
673 2212 904 2266 humanae,
938 2222 987 2254 ut
1017 2212 1162 2255 divina
1188 2213 1321 2270 gratia
1358 2213 1425 2257 in-

35 2279 352 2324 declinabiliter
366 2291 407 2324 et
427 2280 777 2339 insuperabiliter
792 2291 1013 2339 ageretur3
1031 2291 1072 2325 et
1088 2283 1207 2338 ideo,
1227 2284 1424 2343 quamvis

34 2351 234 2405 infirma,
266 2366 354 2394 non
382 2361 528 2395 tamen
555 2352 786 2407 deficeret,
823 2368 965 2412 neque
999 2353 1254 2398 adversitate
1279 2353 1423 2413 aliqua

35 2422 296 2466 vinceretur.
330 2423 392 2464 Ita
420 2420 584 2465 factum
614 2431 698 2477 est,
724 2432 773 2466 ut
796 2422 997 2467 voluntas
1021 2424 1206 2467 hominis
1234 2423 1421 2468 invalida

83 2531 93 2545 1
117 2535 129 2555 1
155 2525 226 2556 Cor.
255 2535 276 2561 1,
307 2524 362 2564 31,
390 2529 459 2557 et2
478 2526 550 2556 Cor.
576 2535 607 2566 x,
632 2532 764 2566 17.—-²
785 2527 856 2557 Cor.
886 2538 910 2567 ι,
938 2527 991 2559 30.
1008 2524 1074 2550 -3
1093 2529 1212 2560 Jerem.
1237 2539 1281 2570 ix,
1311 2528 1363 2560 23.
1382 2544 1420 2550 -

37 2579 53 2609 4
67 2579 142 2623 Job,
162 2591 218 2623 vn,
239 2591 325 2615 1-—
342 2580 355 2604 5
373 2590 393 2614 2
416 2582 486 2614 Cor.
509 2592 567 2622 xii,
590 2593 622 2623 9.
