1821 3264
445 251 498 277 DE
530 251 644 278 nono
675 250 1043 281 rznsnvmzmnffi.
1358 246 1438 283 109

58 333 79 356 »
106 328 268 359 morem
293 330 438 359 meum
461 313 576 359 dabo
602 316 647 358 in
666 331 741 360 cor
762 332 930 372 eorum,
958 327 1007 363 ut
1044 335 1066 362 a
1099 334 1166 362 me
1198 334 1287 364 non
1316 335 1436 364 reee-

58 403 79 428 »
105 384 252 429 dant¹.
283 404 300 426 >›
329 386 458 439 Quod
479 385 587 445 quid
607 395 671 430 est
695 385 828 442 aliud,
856 404 987 447 quam
1007 389 1101 433 talis
1121 405 1169 433 ac
1192 398 1337 435 tantus
1358 392 1439 434 erit

56 457 181 501 timor
202 471 338 511 meus,
354 472 486 516 quem
501 456 614 501 dabo
631 456 677 500 in
696 473 769 501 cor
783 473 951 512 eorum,
973 468 1020 502 ut
1038 459 1144 502 mihi
1159 475 1438 518 perseveran-

56 534 120 571 ter
139 525 418 571 adhaereant?

114 599 195 641 ΙΙΙ.
218 598 307 642 Cur
326 606 472 641 autem
495 598 904 657 perseverantiaista
927 599 1153 657 poscitura
1172 602 1277 654 Deo,
1300 601 1333 644 si
1350 616 1438 645 non

55 666 183 712 datur
204 683 228 711 a
250 670 368 712 Deo?
389 672 458 712 An
479 677 523 712 et
538 668 617 713 ista
638 669 825 714 irrisoria
846 670 998 728 petitio
1022 679 1106 724 est,
1133 686 1232 714 cum
1253 669 1297 714 id
1319 671 1374 715 ab
1388 686 1439 715 eo

54 738 214 799 petitur
245 738 366 797 quod
394 739 527 783 scitur
558 755 648 784 non
669 741 811 798 ipsum
834 740 952 795 dare,
978 741 1054 785 sed
1081 741 1173 800 ipso
1196 757 1286 787 non
1307 742 1439 786 dante

55 823 141 853 esse
162 809 206 852 in
223 809 410 854 hominis
436 819 672 869 potestate3
698 810 808 855 sicut
830 811 1016 855 irrisoria
1036 821 1099 856 est
1123 812 1251 856 etiam
1273 811 1345 856 illa
1369 827 1439 856 ac-

55 879 114 923 tio
131 879 362 938 gratiarum
380 915 390 934 ‚
422 881 455 923 si
478 896 529 924 ex
550 881 633 925 hoc
661 881 808 940 gratiae
842 892 1030 939 aguntur
1057 885 1148 926 Deo
1165 917 1175 937 ‚
1209 881 1329 941 quod
1351 897 1440 926 non

53 948 229 995 donavit
251 950 356 1010 ipse,
382 966 462 996 nec
482 950 615 996 fecit?
631 951 713 997 Sed
732 952 852 1012 quod
868 952 929 995 ibi
945 951 1047 1007 dixi,
1069 953 1152 997 hoc
1175 962 1216 996 et
1233 953 1303 997 hie
1321 952 1435 997 dico.

56 1021 235 1067 «Nolite
258 1037 421 1078 errare,
449 1023 594 1083 inquit
611 1023 867 1082 Apostolus,
891 1026 1004 1067 Deus
1035 1039 1123 1068 non
1156 1023 1401 1067 irridetur2.
1417 1041 1437 1063 »

52 1094 89 1135 Ο
106 1093 264 1151 homo,
289 1109 378 1138 non
396 1093 627 1138 verborum
646 1102 825 1139 tuorum
844 1103 1032 1148 tantum,
1053 1109 1203 1138 verum
1218 1094 1345 1138 etiam
1364 1108 1440 1138 co—

53 1163 310 1221 gitationum
333 1164 452 1208 testis
471 1173 535 1208 est
557 1167 671 1208 Deus
697 1184 705 1208 :
730 1165 764 1208 si
782 1163 947 1224 aliquid
969 1180 992 1208 a
1013 1173 1134 1209 tanto
1157 1165 1292 1209 divite
1316 1180 1438 1209 vera-

51 1233 157 1276 citer
174 1249 222 1277 ac
245 1233 432 1278 fideliter
453 1235 617 1293 poscis3
641 1235 694 1278 ab
720 1234 795 1279 illo
810 1269 820 1289 ‚
847 1251 870 1279 a
891 1250 979 1294 quo
1003 1235 1159 1294 poscis,
1182 1245 1225 1279 te
1245 1236 1442 1294 accipere

52 1302 178 1348 crede
212 1303 332 1363 quod
363 1304 516 1362 poscis.
542 1304 638 1350 Noli
670 1320 771 1349 eum
801 1304 926 1348 labiis
960 1306 1203 1361 honorare,
1231 1316 1273 1350 et
1313 1321 1442 1365 super

52 1389 150 1418 eum
173 1373 304 1419 corde
327 1385 368 1418 te
385 1373 608 1431 extollere,
635 1375 814 1420 credens
837 1391 860 1419 a
889 1385 931 1419 te
953 1377 1046 1435 ipso
1069 1378 1148 1420 tibi
1179 1393 1269 1422 esse
1284 1412 1294 1432 ,
1321 1377 1455 1436 quod>

51 1444 199 1490 abillo
224 1454 266 1489 te
293 1445 419 1504 fingis
441 1461 578 1490 orare.
607 1449 675 1490 An
706 1447 761 1490 ab
784 1446 859 1490 illo
884 1448 1204 1505 perseverantia
1226 1448 1306 1491 ista
1328 1448 1442 1492 forte

52 1532 139 1561 non
163 1517 355 1576 poscitur
367 1519 384 1558 ⁶?
406 1519 503 1561 Jam
528 1518 610 1561 hoc
633 1517 709 1577 qui
731 1516 835 1561 dicit
851 1551 863 1571 ,
887 1532 977 1561 non
1004 1518 1109 1562 meis
1137 1517 1441 1578 disputationi-

51 1587 131 1632 bus
174 1586 460 1642 refellendus‚
498 1587 571 1632 sed
603 1597 852 1632 sanctorum
889 1589 1159 1633 orationibus
1191 1590 1440 1634 onerandus

51 1667 127 1702 est.
162 1661 229 1702 Au
251 1674 353 1703 vero
375 1659 607 1718 quisquam
631 1674 782 1703 eorum
811 1668 899 1713 est,
934 1660 1010 1718 qui
1033 1675 1121 1703 non
1144 1659 1226 1703 sibi
1248 1669 1397 1719 poscat
1419 1675 1443 1704 a

49 1733 140 1775 Deo
157 1739 206 1773 ut
228 1739 472 1789 perseveret
493 1730 539 1774 in
566 1746 644 1785 eo„
678 1746 778 1774 cum
809 1731 899 1789 ipsa
930 1731 1125 1775 oratione
1155 1747 1254 1791 quae
1290 1733 1441 1776 Domi-

51 1801 149 1845 nica
186 1809 489 1860 nuncupatur,
521 1802 623 1861 quia
652 1817 747 1846 eam
789 1802 1000 1850 Dominus
1044 1801 1218 1855 docuit,
1263 1802 1440 1861 quando

51 1880 199 1916 oratur
215 1887 238 1916 a
255 1873 428 1927 sanctis,
448 1867 558 1915 nihil
576 1886 687 1930 pene
704 1870 822 1915 aliud
837 1886 969 1931 quam
989 1872 1303 1931 perseverantia
1322 1873 1441 1931 posci

51 1941 352 2002 intelligatur?

111 2015 186 2057 IV.
228 2014 378 2072 Legite
408 2012 632 2073 aliquanto
670 2012 879 2056 intentius
916 2013 1007 2072 ejus
1049 2013 1359 2072 expositionem
1396 2014 1441 2072 in

52 2085 167 2129 beati
189 2084 396 2144 Cypriani
418 2084 621 2142 martyris
647 2083 781 2136 libro,
816 2098 946 2142 quem
971 2083 1025 2127 de
1047 2083 1128 2127 hac
1152 2099 1196 2127 re
1219 2083 1439 2139 condidit,

52 2157 174 2215 cujus
201 2164 265 2199 est
295 2155 469 2209 titulus,
503 2158 565 2199 De
599 2154 823 2198 Dominiea
845 2154 1077 2199 Oratione:
1105 2164 1148 2198 et
1175 2153 1319 2199 videte
1343 2163 1443 2198 ante

52 2234 162 2286 quot
191 2240 348 2280 annos,
387 2234 539 2269 contra
567 2240 615 2269 ea
649 2240 748 2284 quae
778 2223 927 2268 futura
953 2233 1077 2267 erant
1110 2224 1441 2282 Pelagianorum

51 2311 234 2350 venena,
259 2295 387 2356 quale
408 2295 462 2339 sit
485 2295 732 2339 antidotum
757 2302 1063 2354 praeparatum.
1085 2296 1192 2339 Nam
1217 2295 1298 2338 tria
1321 2303 1439 2348 sunt,

51 2377 102 2412 ut
134 2368 271 2422 scitis,
305 2382 405 2427 quae
436 2366 621 2410 maxime
649 2365 851 2410 adversus
889 2380 960 2409 eos
997 2363 1209 2408 catholiea
1244 2363 1443 2407 defendit

53 2438 271 2483 Ecclesia:
295 2452 485 2498 quorum
508 2446 573 2480 est
596 2451 756 2492 unum,
778 2436 959 2495 gratiam
983 2435 1060 2479 Dei
1087 2450 1176 2479 non
1198 2434 1441 2478 secundum

53 2509 206 2555 merita
222 2519 368 2555 nostra
385 2508 476 2554 dari
494 2529 505 2561 ς
529 2507 737 2568 quoniam
764 2507 841 2552 Dei
864 2507 980 2551 dona
1002 2515 1120 2560 sunt,
1145 2514 1189 2550 et
1211 2505 1287 2550 Dei
1308 2505 1453 2564 gratia

101 2603 110 2620 ¹
130 2598 250 2630 Jerem.
271 2603 373 2638 xxm,
397 2595 451 2637 4ο.
468 2613 510 2620 -
525 2600 538 2617 2
553 2594 621 2628 Gal.
640 2605 686 2631 vi,
706 2605 735 2637 7.
