1884 3285
430 247 512 285 158
865 257 898 281 s.
935 255 1164 283 Avensa-uu
1196 254 1376 282 Emscom

428 321 586 364 eisdem
619 319 748 361 etiam
779 317 902 367 libris
931 316 1052 378 quod
1075 319 1129 362 de
1154 333 1248 362 mea
1281 317 1560 362 conversione
1582 316 1750 361 narravi
1770 316 1803 368 ¹-,

430 394 516 433 Deo
547 402 612 431 me
634 397 913 432 convertente
935 388 987 433 ad
1019 404 1112 433 eam
1144 389 1276 432 fidem
1293 423 1307 443 ,
1333 402 1464 447 quam
1494 385 1732 430 miserrima
1761 394 1806 437 et

428 457 703 501 furiosissima
737 457 1001 517 loquacitate
1035 458 1280 511 vastabam,
1313 470 1457 500 nonne
1486 455 1545 499 ita
1577 463 1797 505 narratum

427 542 515 570 esse
536 527 805 582 meministis,
821 537 870 572 ut
884 526 1154 572 ostenderem
1172 543 1240 571 me
1262 524 1464 570 fidelibus
1482 534 1525 569 et
1542 523 1804 584 quotidianis

429 597 573 641 matris
600 612 706 641 meae
728 597 929 655 lacrymis
957 613 1011 641 ne
1039 598 1221 657 perirem
1250 597 1379 642 fnisse
1406 610 1656 640 concessum
1679 596 1697 636 ⁶?
1719 593 1804 646 Ubi

426 667 576 726 utique
603 667 863 726 praedicavi,
895 683 983 711 non
1011 667 1152 712 solum
1187 683 1352 712 aversas
1384 683 1407 710 a
1436 675 1549 710 recta
1575 665 1663 709 fide
1683 699 1694 719 ,
1727 662 1804 708 sed

426 735 622 780 adversas
645 737 773 781 etiam
794 745 921 781 rectae
939 735 1065 792 fidei,
1092 741 1231 782 Deum
1253 753 1327 782 sua
1354 737 1486 795 gratia
1515 735 1569 779 ad
1587 750 1680 779 eam
1703 749 1805 779 con·

424 815 589 849 vertere
613 807 840 851 hominum
867 807 1123 852 voluntates.
1151 811 1210 852 De
1233 808 1484 867 proficiente
1510 821 1640 866 porro
1661 820 1805 865 perse-

422 875 613 920 verantia
641 876 1013 936 quemadmodum
1045 882 1182 922 Deum
1207 878 1447 938 rogaverim
1469 911 1479 932 ,
1514 886 1558 920 et
1583 876 1697 921 scitis
1718 909 1730 929 ‚
1761 882 1805 918 et

423 947 600 1004 potestis
612 962 832 991 recensere
844 963 943 992 cum
957 948 1102 993 vultis.
1119 949 1276 993 Omnia
1297 949 1442 1007 itaque
1466 947 1541 991 Dei
1562 946 1676 991 dona
1701 960 1800 1006 quae

421 1015 464 1059 in
483 1016 635 1060 eodem
659 1032 788 1076 opere
818 1018 906 1064 sive
927 1019 1089 1077 optavi,
1111 1019 1198 1062 sive
1216 1017 1529 1077 laudavi‚quis,
1551 1032 1641 1061 non
1657 1016 1798 1065 dicam
1843 1081 1846 1084 Α

420 1100 578 1143 negare
601 1121 612 1140 ,
651 1087 725 1130 sed
763 1087 962 1132 dubitare
995 1088 1146 1132 saltem
1176 1087 1334 1132 audeat
1361 1090 1495 1131 Deum
1529 1086 1736 1138 daturum
1758 1100 1804 1131 se,

420 1172 509 1201 esse
530 1160 815 1217 praescisse‚et
837 1161 996 1219 quibus
1008 1160 1189 1204 daturus
1210 1161 1358 1213 fuerit,
1372 1174 1599 1218 nunquam
1615 1158 1806 1218 potuisse

419 1229 580 1271 nescire
602 1230 618 1269 ’ἓ
638 1231 739 1273 Haec
757 1239 820 1274 est
839 1231 1158 1288 praedestinatio
1177 1230 1405 1274 manifesta
1428 1239 1470 1274 et
1492 1239 1608 1275 certa
1629 1239 1804 1277 sancto-

419 1311 515 1339 rum
553 1316 561 1340 ;
598 1313 727 1356 quam
757 1308 903 1357 postea
935 1298 1185 1357 diligentius
1214 1309 1256 1344 et
1285 1300 1507 1359 operosius
1533 1335 1544 1355 ‚
1585 1314 1684 1344 cum
1711 1300 1804 1358 jam

416 1375 565 1409 contra
612 1367 860 1424 Pelagianos
907 1367 1223 1427 disputaremus
1249 1405 1259 1424 ,
1300 1370 1535 1414 defendere
1573 1370 1804 1414 necessitas

418 1436 644 1494 compulit.
674 1437 909 1482 Didicimus
935 1439 1052 1482 enim
1080 1439 1268 1498 singulas
1300 1455 1494 1499 quasque
1522 1440 1707 1483 haereses
1734 1439 1814 1484 in-v

418 1505 564 1549 tulisse
592 1506 794 1550 Ecclesiae
820 1509 1011 1567 proprias
1035 1509 1293 1569 quaestiones
1313 1519 1462 1554 contra
1485 1525 1591 1570 quas
1614 1508 1803 1567 diligen-,-

418 1575 503 1619 tius
540 1576 844 1621 defenderetur
880 1579 1100 1637 Scriptura
1129 1580 1275 1624 divina
1298 1615 1308 1633 ‚
1335 1595 1466 1640 quam
1499 1581 1531 1623 si
1559 1579 1678 1624 nulla
1708 1578 1804 1623 talis

391 1659 396 1665 ·
420 1647 646 1690 necessitas
670 1658 856 1706 cogeret.
889 1648 1004 1702 Quid
1027 1660 1170 1693 autem
1186 1651 1324 1709 coegit
1345 1650 1434 1694 loca
1458 1650 1796 1709 seripturarum,

418 1716 578 1774 quibus
608 1717 926 1775 praedestinatio
954 1720 1255 1764 commendata
1274 1729 1358 1775 est,
1386 1720 1600 1779 copiosius
1621 1724 1664 1763 et
1682 1735 1811 1766 enu-,

417 1784 596 1828 cleatius
623 1787 703 1830 isto
728 1797 873 1831 nostro
906 1788 1054 1832 labore
1083 1788 1287 1843 defendi,
1319 1790 1397 1839 nisi
1428 1789 1548 1849 quod
1584 1789 1802 1849 Pelagiani

417 1853 570 1897 dicunt
592 1857 770 1912 gratiam
805 1857 876 1900 Dei
905 1858 1147 1902 secundum
1173 1860 1322 1904 merita
1351 1869 1496 1904 nostra
1525 1859 1618 1911 dari
1648 1879 1657 1904 ι
1681 1858 1803 1921 quod

418 1923 526 1982 quid
547 1934 611 1968 est
628 1924 747 1969 aliud
765 1942 895 1985 quam
919 1929 1066 1987 gratiae
1084 1929 1264 1972 omnino
1289 1930 1478 1988 negatio.

476 1996 587 2037 LIV.
621 1998 724 2039 Haec
756 2011 858 2054 ergo
898 2007 946 2041 ut
980 1999 1147 2056 ingrata
1180 2002 1267 2043 Deo
1295 2000 1508 2048 sententia
1530 2000 1797 2055 destruatur,

416 2063 611 2120 gratuitis
638 2065 714 2107 Dei
742 2065 959 2110 beneficiis
989 2069 1147 2126 quibus
1178 2067 1416 2113 liberamur
1438 2070 1630 2123 inimica,
1651 2079 1695 2114 et
1718 2070 1804 2125 ini-

417 2132 527 2176 tium
546 2132 662 2188 fidei,
687 2144 729 2178 et
747 2136 790 2179 in
816 2152 865 2179 ea
885 2152 1021 2197 usque
1042 2138 1087 2181 in
1107 2139 1237 2182 finem
1258 2141 1621 2197 perseverantiam
1642 2156 1799 2185 secun-

401 2200 523 2245 dum
545 2204 810 2262 Scripturas,
832 2206 949 2250 unde
966 2208 1056 2266 jam
1091 2208 1225 2252 multa
1246 2208 1458 2264 diximus,
1485 2209 1601 2254 dona
1616 2211 1692 2256 Dei
1711 2225 1802 2254 esse

404 2270 706 2317 defendimus.
721 2276 937 2327 Quoniam
954 2277 985 2319 si
1001 2294 1022 2320 a
1040 2277 1160 2322 nobis
1179 2294 1267 2322 esse
1291 2278 1475 2323 dicimus
1490 2279 1662 2324 initium
1678 2278 1797 2335 fidei,

418 2351 468 2386 ut
490 2357 542 2387 eo
572 2353 726 2389 caetera
755 2346 832 2389 Dei
860 2346 973 2391 dona
1007 2363 1246 2392 mereamur
1282 2350 1505 2409 accipere3
1529 2351 1802 2396 concludunt

418 2410 666 2471 Pehgiani,
708 2416 886 2474 gratiam
923 2418 996 2460 Dei
1031 2417 1271 2462 secundum
1318 2420 1469 2464 merita
1508 2429 1654 2473 nostra
1689 2420 1798 2465 dari.
1843 2473 1851 2476 ,

417 2480 544 2534 Quod
571 2482 630 2527 ita
658 2486 874 2530 exhorruit
909 2487 1119 2532 catholica
1147 2487 1252 2533 fides
1270 2523 1280 2542 ‚
1308 2498 1355 2533 ut
1387 2489 1582 2538 damnari
1615 2492 1792 2548 timens,
1848 2491 1851 2494 ’

466 2570 474 2587 ¹
497 2563 555 2597 Lib
573 2576 620 2606 ιιι,
636 2576 706 2609 cap.
730 2578 763 2600 ιι
783 2574 815 2601 et
838 2578 888 2609 η,
908 2574 940 2603 et
960 2570 1014 2603 lib.
1035 2581 1078 2605 ix,
1097 2581 1178 2614 cap.
1200 2572 1232 2606 8.
