1884 3285
416 299 496 334 078
850 307 878 328 5.
917 303 1146 330 AtGL'STuvl
1180 303 1358 329 Evlscom

417 327 437 334 ,ι

413 371 650 426 abstinere3
668 367 840 415 nullum
858 377 1084 427 peccatum
1106 367 1152 410 in
1172 367 1302 411 rebus
1319 367 1488 424 penitus
1509 367 1744 413 invenitur.
1772 386 1792 412 ι

472 446 526 486 Αι
542 461 587 485 ω
604 459 763 484 sums.
803 442 888 483 Ista
911 438 1108 483 definitio
1133 439 1298 498 peccati
1323 440 1414 499 ejus
1436 449 1528 495 est,
1553 441 1674 501 quod
1693 454 1797 500 pec-

410 521 557 557 catum
591 508 899 554 tantummodo
923 519 1010 564 est,
1036 525 1124 553 non
1148 510 1266 568 quod
1296 510 1426 553 etiam
1451 525 1582 569 poena
1604 511 1792 570 peccati,

410 599 495 644 qua
518 582 645 641 periit
662 581 838 626 libertas
860 596 949 625 non
972 579 1179 640 peccandi
1202 599 1211 624 :
1232 596 1255 624 a
1272 595 1360 640 quo
1377 579 1492 625 malo
1510 596 1600 626 non
1619 579 1792 638 liberat,

408 655 490 699 nisi
509 653 603 707 ille,
627 654 696 698 cui
719 669 808 698 non
826 661 997 697 tantum
1016 652 1198 696 dicimus
1220 672 1227 696 :
1259 672 1278 693 α
1302 652 1478 696 Dimitte
1497 653 1624 698 nobis
1647 651 1795 698 debita

412 745 431 768 »
465 735 633 781 nosti-213
670 743 690 764 »
730 739 880 767 verum
915 725 1069 778 etiam,
1113 742 1132 765 «
1165 726 1228 769 Ne
1264 739 1342 768 nos
1375 722 1534 768 inferas
1569 724 1614 769 in
1649 732 1795 770 tenta-

411 818 429 839 »
467 798 648 851 tionem,
674 795 749 839 sed
766 796 903 839 libera
920 811 998 840 nos
1021 811 1043 839 a
1066 794 1181 840 malo
1198 798 1226 838 ¹.
1257 814 1272 836 υ

466 870 556 913 CV.
594 869 820 912 JELIANt's.
851 885 870 908 a
887 868 994 911 Nam
1010 867 1042 910 si
1061 882 1148 910 non
1163 867 1349 925 imputat
1369 866 1551 926 justitia,
1573 866 1655 911 nisi
1677 866 1797 911 unde

407 940 591 984 liberum
608 948 671 983 est
689 939 905 982 abstinere
921 959 932 995 ·,
952 947 994 982 et
1007 947 1108 982 ante
1129 939 1340 997 baptisma
1355 939 1583 982 necessitas
1595 938 1698 982 mali
1713 947 1793 994 est,

406 1011 613 1070 quoniam
650 1009 874 1063 voluntas⁷
909 1010 1022 1053 sicut
1056 1009 1224 1064 dixisti,
1261 1009 1315 1053 ad
1346 1009 1599 1053 faciendum
1628 1009 1795 1054 bonum

407 1097 495 1126 non
524 1091 586 1125 est
616 1081 773 1135 libera,
809 1096 974 1140 perque
1001 1081 1085 1124 hoc
1119 1079 1235 1122 aliud
1269 1094 1395 1138 agere
1429 1094 1518 1123 non
1545 1087 1688 1139 potest
1715 1079 1798 1124 nisi

408 1153 567 1196 malum
603 1173 609 1196 :
649 1154 703 1196 ab
734 1151 912 1195 infamia
941 1151 1039 1195 mali
1074 1152 1163 1209 ipsa
1193 1165 1324 1210 quam
1353 1151 1516 1209 patitur
1544 1151 1797 1196 necessitate

404 1222 657 1267 detenditur
679 1242 686 1266 :
709 1223 914 1282 queniam
941 1222 1057 1280 apud
1076 1236 1168 1264 eam
1185 1221 1394 1280 justitiam
1413 1222 1579 1280 gravari
1593 1222 1798 1282 operibus

405 1294 491 1337 suis
513 1309 600 1338 non
623 1303 789 1352 potest,
817 1309 915 1352 quae
939 1308 1028 1336 non
1052 1293 1238 1351 imputat
1267 1291 1428 1335 malum
1448 1327 1458 1346 ‚
1484 1292 1565 1336 nisi
1586 1308 1607 1336 a
1631 1308 1721 1352 quo
1741 1292 1798 1336 li·

404 1366 557 1409 berum
593 1375 654 1409 est
686 1364 916 1408 abstinere.
947 1367 1046 1407 Post
1070 1364 1282 1423 baptisma
1317 1373 1461 1407 autem
1479 1399 1489 1418 ,
1515 1364 1548 1408 si
1569 1365 1798 1409 necessitas

405 1437 511 1480 boni
534 1445 597 1479 est
613 1471 623 1490 ‚
645 1436 815 1478 nullum
834 1435 987 1494 utique
1002 1443 1145 1493 potest
1167 1449 1255 1478 esse
1272 1444 1515 1494 peccatum.
1536 1435 1648 1480 Vide
1664 1435 1799 1494 igitur

406 1521 536 1566 quam
556 1505 666 1549 illud
690 1505 809 1564 quod
825 1520 914 1548 esse
935 1517 1158 1563 peccatum
1180 1505 1288 1550 ratio
1304 1505 1594 1561 demonstrat,
1614 1505 1799 1550 inveniri

404 1586 595 1638 nequeat
611 1577 656 1620 in
674 1576 911 1620 seminibus
924 1612 934 1631 ,
953 1576 1131 1636 quando
1148 1576 1389 1620 secundum
1413 1575 1688 1622 definitiones
1702 1586 1798 1622 tuas

399 1650 487 1708 jam
512 1664 592 1692 nec
615 1648 661 1691 in
683 1648 876 1692 moribus
899 1647 1135 1690 invenitur.
1165 1665 1184 1687 n

464 1723 757 1764 AmtsTuw-s.
789 1718 980 1763 Multum
1004 1734 1119 1762 erras
1142 1754 1152 1773 ,
1179 1719 1254 1777 qui
1275 1717 1347 1762 vel
1369 1718 1670 1763 necessitatem
1696 1717 1799 1764 nul-

403 1790 490 1834 lam
524 1799 650 1849 putas
685 1805 774 1833 esse
811 1789 1049 1848 peccandi,
1087 1788 1156 1833 vel
1190 1805 1283 1834 eam
1318 1805 1406 1834 non
1441 1789 1647 1849 intelligis
1681 1789 1799 1835 illius

404 1862 570 1921 peccati
594 1877 683 1905 esse
712 1876 887 1921 poenam
903 1897 913 1916 ‚
950 1860 1068 1921 quod
1094 1860 1213 1904 nulla
1242 1861 1496 1905 necessitate
1517 1862 1798 1907 commissum

404 1942 482 1976 est.
507 1933 548 1977 Si
564 1932 678 1976 enim
698 1931 926 1976 necessitas
949 1930 1070 1976 nulla
1089 1931 1298 1991 peccandi
1317 1941 1395 1988 est,
1413 1936 1482 1991 (ut
1496 1933 1693 1978 omittam
1710 1932 1798 1977 vim

404 2001 505 2046 mali
524 2004 614 2062 ejus
629 2004 746 2062 quod
766 2002 1034 2061 originaliter
1054 2003 1263 2060 trahitur3
1279 2003 1363 2046 hoc
1381 2003 1497 2047 enim
1517 2002 1690 2047 nullum
1707 2017 1799 2048 esse

405 2089 480 2118 vos
501 2074 632 2118 vultis
654 2076 694 2131 z)
714 2072 821 2133 quid
844 2074 1114 2133 patiebatur,
1141 2089 1311 2134 quaeso,
1338 2075 1414 2135 qui
1437 2076 1681 2120 secundum
1699 2089 1800 2119 ves-

405 2153 522 2188 trum
557 2159 752 2199 sensum,
786 2153 903 2188 tanta
927 2144 1041 2188 mole
1069 2144 1195 2188 malae
1219 2145 1547 2190 consuetudinis
1568 2145 1799 2205 premeba-

405 2224 477 2258 tur
492 2250 503 2269 ‚
529 2224 579 2258 ut
597 2215 761 2260 diceret
779 2234 788 2259 ε
818 2234 838 2257 «
858 2218 955 2260 Non
973 2215 1095 2276 quod
1116 2214 1216 2260 volo
1232 2215 1347 2260 facio
1364 2216 1533 2261 bonum
1548 2252 1560 2272 ,
1584 2216 1666 2262 seda
1677 2216 1799 2278 quod

409 2305 428 2328 »
458 2286 559 2331 nolo
586 2287 748 2331 malum
770 2288 855 2331 hoe
878 2289 1019 2345 ago²P
1046 2306 1064 2328 n
1097 2287 1263 2331 Deinde
1289 2287 1482 2347 cogitare
1502 2297 1547 2332 te
1567 2288 1766 2334 existimo
1783 2323 1794 2344 ‚

405 2357 513 2417 quid
548 2357 870 2418 appetendum,
910 2358 1018 2417 quid
1049 2357 1275 2401 vitandum
1313 2359 1367 2402 sit
1399 2359 1446 2402 in
1482 2359 1649 2418 agenda
1684 2359 1794 2416 vita,

406 2438 573 2490 quanto
606 2429 756 2473 labore
794 2429 998 2473 discatur.
1036 2430 1121 2481 Qui
1156 2438 1301 2473 autem
1334 2430 1419 2474 hoc
1453 2431 1676 2486 nesciunt,
1705 2431 1798 2491 ipsa

406 2501 509 2546 boni
534 2499 768 2561 appetendi
790 2499 981 2560 malique
1002 2500 1170 2544 vitandi
1188 2500 1432 2560 ignorantia
1454 2502 1685 2561 patiuntur
1701 2517 1798 2563 pec-

407 2572 532 2617 candi
570 2573 883 2618 necessitatem.
929 2574 1111 2618 Necesse
1147 2580 1210 2616 est
1244 2572 1362 2616 enim
1398 2581 1448 2617 ut
1488 2582 1641 2632 peccet
1662 2608 1674 2631 ,
1719 2574 1796 2634 qui

457 2658 656 2699 ¹Matth.v1,
678 2667 715 2689 12
735 2658 892 2689 et13.—-
907 2664 919 2680 ²
938 2659 1029 2689 Rom.
1050 2668 1106 2698 vn,
1131 2669 1180 2698 ¹9·
