1821 3264
0 0 11 256 l

0 295 6 359 ᾗ
249 311 394 338 omnus
427 310 603 339 liuntur.
638 311 800 341 CONTRA
830 313 1001 342 πιιΑΝ.
1037 316 1119 343 Lm.
1156 318 1203 345 11.
1340 305 1424 346 459

1 362 5 376 ι
44 376 203 423 Christi
220 375 480 436 pervenisse,
511 391 642 435 quam
679 379 923 424 societatem
955 381 1316 440 praevaricationis
1345 399 1422 430 an-

43 447 191 507 tiquae.
217 463 237 487 »

47 537 49 539 ·
101 520 393 562 Αυαυετωυε.
439 518 552 562 Cum
601 518 834 577 Apostolus
875 521 1096 565 invenitur
1139 537 1227 567 non
1277 523 1423 583 plures

0 585 3 650 j
42 587 225 642 dixisse,
250 586 326 631 sed
359 586 546 642 multos,
580 588 644 631 tui
676 588 805 649 hujus
835 592 1076 648 argumenti
1111 592 1309 637 machina
1336 603 1424 638 tota

0 654 3 742 j
41 658 308 702 subvertitur
337 676 345 702 :
369 657 572 717 quamvis
599 673 689 703 non
718 660 796 704 soli
825 659 987 716 Judaei,
1014 662 1124 706 sicut
1156 662 1231 705 tibi
1258 663 1424 721 placet,

0 750 1 770 1
40 727 116 773 sed
131 743 281 773 omnes
298 730 648 788 praevaricatores
662 745 751 774 esse
767 731 1051 790 reperiantur,
1072 732 1148 792 qui
1169 732 1309 791 legem
1324 749 1425 777 cum

0 806 1 825 ¹
40 799 133 859 ipso
173 799 413 859 Evangelio
446 799 726 859 praedicatam
749 801 1073 860 praevaricando
1094 801 1427 848 damnabiliores

40 870 153 914 fiunt
175 888 184 915 ε
210 870 414 930 qualibus
444 871 864 930 praevaricatorilms,
890 872 1019 916 simul
1036 888 1135 917 cum
1158 874 1340 929 Judaeis,
1365 876 1424 919 ita

39 940 194 1000 plenus
206 950 270 985 est
282 940 491 996 mundus,
510 951 558 986 ut
575 942 620 987 in
634 942 829 987 omnium
848 944 1170 1002 comparatione
1183 945 1266 988 sint
1281 946 1423 1003 pauci,

39 1012 116 1071 qui
141 1011 332 1071 parvulis
354 1028 532 1072 quoque
558 1013 783 1072 baptizatis
809 1014 966 1058 additis
996 1014 1266 1071 liberantur,
1305 1014 1425 1075 quod

40 1091 84 1127 et
106 1082 385 1141 responsione
410 1083 632 1142 superiore
663 1084 988 1144 comprehendi.
1023 1084 1260 1129 Evidenter
1276 1094 1425 1129 contra

39 1167 115 1198 vos
162 1152 320 1197 clamat
359 1152 511 1197 doctor
541 1154 733 1212 gentium
768 1174 776 1198 ε
822 1173 842 1195 «
881 1155 998 1198 Sicut
1024 1155 1067 1197 in
1107 1155 1243 1198 Adam
1277 1169 1427 1198 ornnes

42 1241 63 1266 »
91 1224 354 1279 moriuntur,
392 1224 450 1267 ita
498 1225 543 1267 in
581 1225 754 1270 Christo
786 1240 935 1269 omnes
978 1225 1345 1270 vivificabuntur¹
1371 1244 1379 1269 :
1404 1243 1422 1265 »

38 1295 116 1355 qui
139 1309 289 1339 omnes
308 1310 398 1339 non
423 1296 569 1354 pauci,
601 1297 676 1340 sed
696 1295 823 1340 multi
851 1305 966 1339 sunt.
989 1299 1051 1340 Ac
1072 1311 1149 1355 per
1170 1296 1269 1350 hoc,
1300 1294 1427 1339 multi

38 1366 287 1410 moriuntur
307 1366 353 1410 in
367 1365 504 1411 Adam
520 1402 530 1422 ,
556 1366 685 1411 multi
706 1367 1046 1412 vivificabuntur
1062 1367 1107 1410 in
1126 1367 1298 1412 Christo
1320 1386 1328 1411 :
1352 1367 1427 1410 sed

38 1436 186 1496 plures
208 1437 455 1482 moriuntur
478 1438 524 1481 in
547 1437 708 1493 Adam,
735 1453 866 1498 quam
893 1438 939 1481 in
966 1439 1139 1482 Christo
1172 1437 1428 1483 vivicabun-

39 1511 131 1553 tur²
152 1527 161 1553 ι
181 1507 326 1567 plures
347 1510 496 1568 itaque
520 1510 573 1552 ad
591 1508 706 1552 illius
730 1517 931 1563 mortem,
959 1508 1013 1552 ad
1029 1509 1158 1567 hujus
1176 1523 1278 1552 vero
1295 1510 1427 1552 vitam

39 1579 365 1638 comparatione
392 1579 568 1622 illorum
597 1579 815 1637 pertinent
838 1579 1084 1638 pauciores,
1111 1578 1186 1622 sed
1207 1578 1337 1622 etiam
1360 1579 1429 1637 ip-

39 1665 184 1694 sorum
204 1665 279 1709 per
291 1665 336 1694 se
351 1649 466 1708 ipsos
482 1665 529 1693 ea
553 1658 615 1693 est
628 1648 884 1704 multitudo,
906 1664 1037 1709 quam
1056 1663 1284 1692 numerare
1302 1663 1431 1693 nemo

38 1720 172 1781 possit
197 1740 205 1765 :
224 1720 340 1774 Quid
363 1730 426 1764 est
442 1735 566 1779 ergo,
594 1739 614 1762 «
634 1721 795 1763 Omnes
816 1720 861 1763 in
883 1720 1056 1764 Christo
1073 1718 1426 1774 vivificabuntur,

41 1810 62 1836 »
102 1792 185 1836 nisi
211 1792 313 1851 quia
348 1807 477 1835 nemo
509 1791 822 1846 vivificabitur,
849 1791 930 1834 nisi
962 1791 1008 1834 in
1027 1790 1175 1835 illop»
1204 1790 1337 1850 Cujus
1368 1790 1429 1833 rei

39 1862 372 1909 similitudinem
399 1862 453 1907 de
475 1863 679 1921 magistro
711 1864 835 1922 posui
856 1862 1101 1906 litterarum
1118 1864 1161 1919 33
1185 1862 1217 1905 si
1241 1877 1353 1905 unus
1376 1862 1430 1905 sit

39 1934 86 1979 in
102 1934 298 1990 civitate,
322 1950 346 1978 a
367 1949 457 1994 quo
476 1934 536 1977 ibi
558 1932 760 1978 dicantur
777 1948 925 1977 omnes
948 1933 1112 1977 litteras
1132 1932 1314 1987 discere,
1341 1947 1427 1976 non

38 2005 143 2066 quia
159 2021 309 2050 ornnes
330 2005 523 2060 discunt,
545 2005 620 2049 sed
643 2006 744 2065 quia
758 2020 886 2048 nemo
909 2004 987 2048 nisi
1003 2004 1177 2063 abipso.
1200 2005 1338 2056 Quam
1361 2002 1429 2046 lo-

39 2077 261 2122 cutionem
288 2092 369 2122 nec
396 2077 570 2121 tentasti
592 2075 811 2132 refellere,
837 2076 940 2136 quia
962 2074 1105 2121 vidisti
1127 2091 1214 2119 esse
1245 2075 1430 2119 rectissi-

38 2162 172 2202 mam,
193 2155 236 2191 et
257 2147 462 2191 omnibus
481 2156 644 2191 notam.

99 2219 230 2264 CCX.
250 2221 478 2263 humus.
509 2237 528 2259 «
558 2217 762 2278 Exposita
793 2216 1052 2261 liberalitate
1080 2216 1250 2274 gratiae,
1276 2215 1321 2258 in
1347 2216 1429 2259 ho-

39 2289 209 2332 minum
227 2287 489 2334 salvatorum
512 2289 658 2348 copia,
689 2296 911 2347 comparat
934 2286 1099 2331 donum
1126 2296 1256 2346 atque
1280 2300 1431 2343 pecca-

41 2368 136 2404 tum
154 2370 198 2403 et
214 2359 501 2404 eruditissime
520 2358 575 2403 acl
600 2357 776 2402 laudem
805 2358 909 2402 doni
938 2357 1125 2416 applicat
1148 2354 1267 2415 quod
1284 2354 1430 2399 multis

38 2429 294 2476 vulneribus
327 2447 413 2475 una
445 2431 604 2475 virtute
633 2428 872 2473 medicetur
888 2430 920 2482 4,
958 2447 976 2469 «
1015 2430 1070 2470 Et
1102 2442 1190 2470 non
1220 2425 1330 2469 sicut
1355 2441 1431 2485 pcr

44 2520 64 2544 »
90 2517 246 2556 unum,
271 2501 431 2561 inquit,
457 2509 700 2560 peccatum,
727 2499 788 2543 ita*
807 2508 849 2543 et
872 2499 1037 2542 donum
1054 2499 1083 2540 ⁵.
1110 2514 1129 2537 υ

92 2599 98 2613 ·
131 2604 141 2623 1
160 2594 233 2624 Cor.
254 2603 310 2632 xv,
332 2601 384 2623 22.
403 2608 442 2614 —
462 2597 474 2613 ²
495 2593 594 2632 Apoc.
618 2600 674 2628 vu,
693 2601 727 2632 9,
752 2593 785 2621 et
812 2601 820 2620 ι
848 2591 920 2621 Cor.
941 2599 992 2626 xv,
1012 2596 1064 2619 22.
1082 2605 1121 2609 —
1137 2584 1151 2610 3
1169 2587 1248 2620 Vide
1268 2587 1322 2621 lib.
1351 2599 1372 2619 n
1390 2587 1431 2619 de

43 2648 178 2691 Nuptiis,
198 2659 270 2691 cap.
291 2657 345 2689 27.
360 2665 400 2670 —
415 2647 429 2677 4
446 2647 524 2680 Vide
542 2646 596 2679 lib.
614 2659 637 2686 1,
657 2657 741 2678 num.
762 2646 814 2677 33.
832 2663 872 2669 -—
889 2643 903 2668 5
922 2647 1011 2677 Rom.
1032 2655 1063 2685 v,
1091 2645 1141 2676 16.
