1884 3285
431 308 512 345 358
851 316 884 343 s.
921 315 1150 344 Anevsnm
1182 316 1362 344 El‘tscol’l

431 390 563 425 nente
585 396 688 439 ergo
703 380 758 424 de
774 381 921 424 animo
942 380 1241 425 obscurissima
1256 382 1515 440 quaestione,
1539 381 1683 440 potuit
1703 379 1812 439 dici,
1862 422 1864 438 ἱ

436 471 455 493 «
482 455 563 495 Per
589 466 725 495 unum
759 451 981 495 hominem
1006 461 1234 510 peccatum
1256 451 1432 495 intravit
1453 452 1498 495 in
1525 451 1768 509 mundum,
1790 469 1812 494 »
1855 464 1859 480 ¹

431 521 560 565 etiam
591 521 627 565 si
648 521 704 565 ad
725 523 1008 581 propaginem
1039 521 1126 566 sola
1149 537 1248 566 caro
1272 521 1500 580 pertineat.
1538 524 1641 566 Haec
1668 523 1815 582 itaque
1856 508 1867 588 ἕξ

428 593 621 646 attende,
646 601 689 635 et
705 607 835 651 quam
858 591 967 635 nihil
989 590 1147 635 dixeris
1168 591 1281 636 vide.
1858 641 1861 647 ,

487 664 626 706 LXII.
651 664 828 707 JnLtAm
846 682 878 706 s.
909 681 928 704 «
956 662 1035 706 Hic
1050 663 1158 722 jam,
1185 661 1284 706 licet
1307 662 1441 720 egerit
1458 671 1600 721 partes
1622 677 1718 706 suas
1741 677 1812 706 ve·
1863 661 1866 664 ⁴

427 734 554 788 ritas,
581 743 727 777 tamen
750 742 799 777 ut
828 733 881 777 sit
913 733 1106 777 intentus
1128 732 1281 788 lector,
1313 733 1542 778 admoneo.
1571 732 1812 777 Plurimum
1858 732 1862 783 ξ

427 804 561 862 igitur
578 804 623 847 in
643 805 726 848 hoc
753 804 961 849 conflictu
990 805 1045 848 de
1071 819 1168 848 meo
1195 805 1293 864 jure
1324 804 1527 863 deposui,
1553 811 1815 864 secutusque
1858 809 1862 819 “

429 890 518 934 quo
541 875 775 920 adversarii
810 876 1027 920 temeritas
1059 885 1390 935 provocaverat,
1427 875 1535 920 adeo
1568 890 1681 919 sanae
1713 874 1816 919 fidei
1858 908 1860 910 ψ

424 946 529 990 scita
551 945 752 1000 defendi,
778 954 827 989 ut
849 947 1015 990 etiamsi
1049 946 1236 1004 magistri
1271 946 1465 1003 gentium
1489 945 1622 990 verba
1658 954 1812 1000 essent,
1858 944 1863 951 “

425 1017 583 1076 quibus
610 1016 736 1060 illum
759 1032 885 1061 usum
911 1020 943 1060 T
949 1017 1206 1061 raducianus
1239 1018 1435 1075 putavit,
1458 1016 1645 1077 liqueret
1670 1026 1816 1060 tamen
1859 1003 1864 1080 ζ

426 1102 527 1131 eum
556 1087 663 1131 nihil
698 1087 753 1131 de
785 1088 971 1131 naturali
1001 1088 1178 1131 sensisse
1202 1096 1406 1146 peccato,
1442 1087 1519 1146 qui
1547 1085 1816 1131 nominando
1862 1118 1864 1122 »

426 1157 650 1201 hominem
665 1192 675 1212 ,
702 1157 777 1200 sed
800 1173 956 1212 unum,
983 1173 1071 1202 non
1087 1157 1240 1217 utique
1260 1157 1582 1215 generationem
1600 1157 1812 1213 criminis,

423 1228 498 1273 sed
520 1228 715 1287 exempla
738 1228 969 1287 culpasset.
996 1247 1015 1269 »

484 1302 777 1344 Auenscmw-s.
818 1300 1079 1359 Exemplum
1121 1298 1309 1354 dedisti,
1348 1298 1421 1342 sed
1456 1299 1658 1344 vanitatis
1694 1298 1740 1342 in
1772 1308 1817 1343 te
1862 1300 1866 1327 ἲ

426 1371 519 1430 ipso
543 1390 552 1415 :
578 1371 681 1431 quia
709 1371 742 1414 si
781 1371 1027 1431 exemplum
1053 1372 1216 1431 peccati
1255 1387 1277 1415 a
1310 1371 1450 1430 primo
1485 1380 1712 1430 peccatore
1735 1371 1817 1415 ho-

428 1442 546 1484 mine
574 1442 807 1501 Apostolus
836 1452 1040 1501 poneret,
1075 1442 1119 1486 id
1149 1452 1240 1497 est,
1262 1442 1402 1486 Adam
1421 1477 1432 1497 ,
1458 1441 1654 1501 profecto
1668 1456 1817 1485 exem—

434 1511 556 1570 plum
575 1513 754 1572 justitiae
769 1529 790 1557 a
806 1514 946 1572 primo
971 1514 1278 1574 hominejusto
1300 1523 1501 1572 poneret,
1527 1512 1571 1557 id
1584 1522 1661 1568 est,
1687 1511 1813 1556 Abel.

486 1585 645 1627 LXIII.
668 1587 894 1630 JULIANUs.
921 1586 1099 1630 Constat
1125 1594 1271 1629 autem
1311 1600 1399 1629 non
1429 1599 1517 1628 esse
1556 1584 1817 1644 apostolico—

426 1669 523 1698 rum
543 1654 777 1698 verborum
801 1671 901 1699 euin
927 1655 1148 1710 ordinem,
1187 1670 1316 1715 quem
1347 1656 1545 1700 inimicus
1568 1664 1714 1700 noster
1738 1671 1819 1713 pu-

425 1724 547 1768 tavit.
581 1728 924 1783 Argumentatur
960 1727 1122 1786 quippe
1155 1727 1238 1770 hoc
1268 1725 1430 1770 modo:
1463 1744 1482 1767 n
1513 1726 1555 1771 Si
1584 1725 1818 1786 Apostolus

426 1795 741 1851 imitationem,
777 1797 941 1857 inquit,
980 1797 1186 1841 voluisset
1217 1795 1420 1854 intelligi,
1457 1812 1544 1841 non
1579 1812 1657 1856 per
1677 1811 1817 1841 unum

425 1865 674 1921 hominem,
702 1867 778 1911 sed
811 1882 888 1926 per
914 1867 1139 1912 diabolum
1174 1877 1403 1927 peccatum
1439 1868 1636 1922 intrasse,
1665 1870 1721 1912 Et
1742 1882 1819 1927 per
1864 1915 1870 1928 ἱ

425 1951 575 1980 omnes
599 1937 795 1982 homines
831 1939 1109 1997 pertransisse
1137 1939 1324 1983 dixisset.
1360 1942 1422 1983 De
1450 1938 1629 1983 diabolo
1655 1939 1819 1999 quippe

427 2008 635 2066 scriptum
659 2019 739 2064 est,
769 2028 787 2050 «
811 2010 1044 2053 Imitantur
1065 2026 1165 2053 eum
1189 2010 1265 2069 qui
1287 2018 1389 2053 sunt
1411 2025 1463 2053 ex
1481 2018 1603 2069 parte
1625 2010 1757 2068 ejus¹.
1794 2027 1815 2050 η

431 2077 514 2122 Sed
534 2078 632 2123 ideo
657 2095 730 2138 per
756 2096 893 2123 unum
918 2081 1138 2124 hominem
1161 2080 1285 2133 dixit,
1311 2095 1334 2123 a
1356 2095 1445 2139 quo
1474 2079 1696 2139 generatio
1728 2079 1818 2124 uti·
1866 2068 1870 2081 ’

427 2164 513 2207 que
533 2150 754 2194 hominem
772 2151 907 2210 coepit
924 2161 972 2195 ut
998 2166 1074 2210 per
1098 2151 1419 2210 generationem
1439 2149 1616 2195 doceret
1635 2151 1730 2195 iisse
1744 2165 1821 2210 per

428 2235 579 2264 omnes
597 2221 806 2278 originale
828 2232 1069 2280 peccatum.
1101 2241 1119 2263 α
1145 2225 1196 2267 In
1216 2223 1297 2267 hoc
1319 2237 1420 2280 ergo
1444 2222 1672 2278 mentitur,
1698 2221 1819 2282 quod
1866 2218 1872 2260 f‘

430 2290 618 2335 affirmat
648 2291 826 2336 beatum
860 2293 1045 2336 Paulum
1083 2293 1408 2352 pronuntiasse,
1449 2293 1550 2353 quia
1573 2308 1650 2353 per
1680 2308 1819 2337 unum

428 2362 651 2406 hominem
681 2372 908 2421 peccatum
936 2364 1163 2408 intraverit
1192 2366 1236 2407 in
1270 2364 1510 2419 mundum,
1535 2373 1667 2425 atque
1692 2365 1752 2409 ita
1773 2365 1820 2408 in
1866 2354 1868 2370 ³

428 2446 578 2478 omnes
602 2433 798 2478 homines
820 2435 1113 2493 pertransierit
1142 2454 1150 2479 :
1176 2435 1283 2489 hoc,
1309 2436 1515 2494 inquam,
1550 2435 1596 2479 in
1628 2435 1819 2493 magistri
1866 2464 1872 2479 t

428 2507 635 2550 Gentium
659 2506 932 2551 sermonibus
964 2521 1054 2550 non
1083 2514 1280 2550 tenetur:
1305 2504 1378 2549 ille
1407 2506 1569 2565 quippe
1602 2521 1692 2550 non
1710 2504 1820 2549 dixit

428 2587 655 2638 peccatum
678 2578 892 2633 transisse,
913 2577 988 2622 sed
1005 2586 1204 2622 mortem.
1226 2579 1303 2622 Est
1317 2592 1421 2636 ergo
1442 2576 1547 2622 orde
1565 2577 1813 2623 verborum.

480 2669 487 2684 ¹
510 2662 587 2694 Vide
606 2662 659 2694 lib.
685 2674 705 2694 n
722 2663 761 2694 de
779 2663 915 2704 Nuptiis,
930 2674 1004 2705 cap.
1026 2673 1077 2706 27.
1093 2679 1133 2685 -—
1150 2669 1161 2685 2
1183 2664 1257 2706 Sap.
1278 2673 1314 2704 ιι,
1332 2661 1387 2694 25.
1403 2679 1444 2685 —-
1460 2660 1474 2684 3
1494 2664 1586 2695 Rom.
1604 2673 1634 2701 v,
1656 2671 1705 2695 ¹2.
