1884 3285
450 239 532 277 222
885 249 919 275 s.
956 246 1185 279 Aucus‘rlm
1219 251 1402 280 Episcom

449 330 470 352 »
493 310 625 354 fuerit
648 309 734 353 diei
764 309 852 354 vita
887 313 980 371 ejus
1014 329 1143 373 super
1175 318 1378 360 terram¹.
1421 333 1442 358 »
1489 316 1574 361 Sed
1605 317 1822 378 videlicet,
1881 367 1884 374 .

444 381 576 424 homo
597 379 857 436 misericorS,
886 383 1099 429 miseraris
1119 385 1348 444 imaginem
1376 387 1479 442 Dei,
1507 402 1563 431 ne
1587 388 1704 434 dicas
1729 404 1823 437 eam

444 450 527 494 sub
545 459 723 509 peccato
743 450 972 498 carnaliter
983 454 1117 499 nasci.
1137 456 1174 500 Ο
1190 471 1320 516 quarn
1340 456 1528 501 crudelis
1540 467 1604 503 est
1623 459 1703 504 ista
1714 475 1826 506 vana
1869 454 1884 517 ,³

444 521 735 566 misericordia
767 531 842 568 tua
857 557 868 579 ‚
892 540 993 585 quae
1013 527 1202 585 parvulis
1224 537 1352 587 negat
1369 528 1705 575 misericordiam
1729 532 1825 581 Sal-,-
1862 526 1884 547 ”

444 592 603 637 vatoris
615 593 697 649 sui,
721 595 798 654 qui
814 595 933 640 venit
945 612 1138 656 quaerere
1152 598 1273 658 quod
1289 600 1514 659 perierat2.
1537 604 1620 646 Per
1635 600 1729 646 illas
1744 602 1826 661 igi·-
1861 595 1884 623 '²

444 670 517 706 tur
532 662 701 719 sordes,
721 665 813 708 sine
829 666 990 725 quibus
1011 668 1141 713 homo
1155 669 1232 713 Dei
1256 669 1360 714 dicit
1380 685 1470 715 esse
1485 671 1723 727 neminem,
1747 673 1827 718 etsi
1873 667 1884 724 ¹,

443 732 573 777 unius
590 733 676 777 diei
697 734 751 778 sit
772 734 860 780 vita
880 736 973 796 ejus
993 752 1122 797 super
1140 748 1313 797 terram,
1329 741 1410 785 sibi
1425 740 1616 787 vindicat
1628 742 1828 788 diabolus
1869 743 1871 747 ⁴

443 802 676 861 imaginem
699 805 800 861 Dei,
818 822 906 851 non
922 823 1000 867 per
1020 809 1324 868 substantiam,
1353 827 1485 872 quam
1508 813 1670 859 creavit
1695 816 1824 867 Deus,
1865 795 1884 856 lh

443 872 603 918 Vitiata
623 883 687 918 est
709 876 825 920 enim
848 887 1026 934 natura,
1051 895 1139 925 non
1163 882 1316 927 vitium
1337 891 1414 927 est.
1866 881 1884 927 Ψ

503 944 589 988 Sed
611 953 676 1000 tu,
706 964 726 988 «
748 948 837 992 Nec
859 947 1002 1008 imago
1021 951 1097 994 Dei
1118 960 1204 1007 est,
1229 953 1389 1012 inquis,
1414 968 1514 1013 quae
1532 968 1609 1013 per
1627 961 1781 998 exortu
1795 974 1816 993 ι·

441 1028 570 1059 suum
592 1016 637 1060 in
656 1032 789 1075 regno
806 1018 969 1064 diaboli
993 1030 1072 1065 est.
1101 1040 1121 1063 »
1142 1023 1258 1076 Quid
1275 1024 1309 1067 si
1334 1024 1415 1068 tibi
1436 1024 1544 1069 alius
1565 1024 1703 1080 dicat,
1731 1027 1817 1070 No·

442 1093 506 1129 est
525 1084 669 1144 imago
694 1088 794 1143 Dei,
818 1105 918 1148 quae
944 1090 1067 1136 nullo
1089 1107 1160 1136 rea
1183 1102 1385 1151 peccato,
1419 1109 1509 1137 non
1531 1103 1678 1138 tamen
1698 1094 1832 1140 intrat
1866 1095 1884 1139 Ρ(

442 1154 487 1198 in
505 1171 687 1215 regnum
707 1159 784 1202 Dei
811 1178 821 1204 2
849 1175 1020 1216 nonne,
1045 1162 1154 1221 quid
1179 1165 1439 1222 respondeas
1455 1180 1545 1209 non
1564 1165 1749 1210 habebis
1763 1200 1775 1221 ,
1794 1164 1827 1211 ε’
1869 1150 1884 1196 5¹¹

441 1239 552 1269 vana
581 1227 842 1286 respondere
871 1230 1085 1275 nolueris?
1118 1233 1174 1277 Et
1208 1242 1324 1278 certe
1346 1244 1575 1293 propterea
1602 1243 1667 1279 est
1698 1235 1818 1280 hom
1838 1240 1847 1295 ἰ
1870 1238 1884 1282 l

440 1293 584 1353 imago
605 1297 708 1352 Dei,
743 1298 847 1357 quia
877 1298 1017 1345 sactus
1049 1310 1111 1346 est
1145 1301 1201 1347 ad
1229 1303 1558 1349 similitudinem
1589 1305 1715 1350 Deiss.
1741 1291 1884 1352 Curfl

439 1379 541 1423 ergo
565 1375 610 1409 et
630 1367 813 1412 vanitati
833 1362 986 1415 similis
1005 1369 1146 1417 factus
1174 1383 1262 1430 est,
1289 1384 1466 1435 propter
1488 1375 1608 1435 quod
1632 1374 1723 1420 deis
1740 1376 1776 1435 ej
1819 1352 1884 1410 „li

440 1433 561 1479 velut
581 1437 736 1481 umbra
759 1443 1053 1496 praetereunti'
1072 1445 1170 1489 Non
1187 1443 1302 1489 enim
1321 1445 1375 1490 ab
1390 1446 1472 1490 hac
1494 1449 1684 1491 vanitate
1704 1462 1832 1506 sepa-

441 1514 614 1550 raturus
631 1522 673 1551 es
696 1509 921 1567 parvulos,
946 1527 1046 1557 cum
1068 1514 1159 1558 dies
1180 1529 1331 1561 eorum
1354 1516 1478 1562 velut
1497 1518 1652 1563 umbra
1672 1527 1832 1579 praete-

438 1585 575 1621 reant.
602 1581 824 1625 Postremo
858 1583 1074 1643 numquid
1099 1600 1171 1629 eos
1193 1594 1236 1630 et
1261 1603 1285 1631 a
1309 1587 1554 1632 viventibus
1585 1570 1854 1648 separabi82³

440 1646 556 1690 Audi
578 1663 680 1706 ergo
707 1665 807 1694 eum
837 1653 913 1712 qui
942 1653 1048 1698 dicit
1069 1655 1114 1698 in
1144 1656 1316 1703 Psalmo
1340 1676 1348 1703 :
1376 1678 1396 1700 «
1423 1661 1536 1704 Ecce
1560 1669 1726 1705 veteres
1752 1632 1853 1720 po-'l
1875 1662 1884 1692 ³²

444 1733 464 1757 »
488 1718 609 1775 suisti
635 1718 725 1764 dies
743 1736 879 1777 meos,
911 1732 954 1767 et
976 1724 1217 1771 substantia
1243 1742 1339 1772 mea
1357 1737 1566 1789 tanquam
1595 1730 1706 1774 nihil
1730 1740 1830 1775 ante
1875 1736 1884 1764 ἕ

442 1802 462 1826 >›
489 1794 860 1843 te3verumtamen
879 1793 1078 1838 universa
1095 1796 1276 1852 vanitas,
1294 1799 1434 1843 omnis
1451 1799 1583 1845 homo
1597 1801 1746 1845 vivens
1756 1802 1787 1844 4.
1807 1817 1836 1843 »·
1859 1806 1884 1850 t

441 1856 554 1900 Cum
576 1873 679 1918 ergo
701 1861 755 1904 sit
776 1862 919 1920 imago
942 1864 1018 1907 Dei
1043 1866 1181 1910 omnis
1203 1867 1336 1913 homo
1353 1869 1524 1925 vivens,
1550 1869 1621 1915 dic
1639 1870 1758 1915 unde
1779 1870 1851 1916 sit

442 1927 572 1972 etiam
589 1931 755 1976 vanitas
778 1934 918 1978 omnis
948 1935 1081 1980 homo
1103 1937 1283 1983 vivens?
1310 1938 1387 1984 sed
1421 1940 1529 2000 quid
1549 1941 1744 1987 dicturus
1762 1956 1807 1987 es
1840 1943 1852 1974 ’-

441 1998 518 2056 qui
535 2014 625 2044 non
643 2002 705 2045 vis
725 2017 974 2063 agnoscere,
992 2005 1110 2050 aliud
1125 2007 1283 2053 horum
1301 2025 1392 2055 esse
1406 2026 1457 2055 ex
1471 2011 1722 2058 conditione
1736 2012 1833 2069 Dei,
1841 2015 1852 2049 ’-

441 2066 560 2112 aliud
580 2071 781 2115 accidisse
801 2088 854 2117 cx
879 2074 1131 2121 conditione
1154 2080 1349 2137 peccati?
1368 2082 1634 2139 Permittite,
1657 2098 1850 2143 quaesu-

441 2153 560 2195 mus,
585 2149 634 2185 ut
654 2141 787 2186 homo
820 2144 982 2200 vivens,
1015 2147 1092 2206 qui
1128 2148 1183 2192 ad
1205 2150 1283 2194 Dei
1321 2151 1652 2197 similitudinem
1690 2153 1884 2198 factusff

442 2218 521 2264 est,
546 2220 723 2256 eruatur
744 2228 768 2257 a
790 2223 1003 2272 potestate
1026 2219 1306 2264 tenebrarum
1323 2256 1333 2276 ,
1361 2222 1443 2266 sub
1464 2238 1553 2283 qua
1580 2224 1762 2269 vanitati
1779 2224 1833 2269 si-

443 2279 554 2325 milis
588 2280 729 2327 factus
759 2293 822 2328 est
858 2303 867 2330 z
899 2295 1075 2331 eruatur
1108 2297 1255 2334 autem
1288 2307 1407 2336 nunc
1439 2294 1614 2338 interim
1644 2310 1668 2339 a
1689 2304 1851 2340 reatus
1879 2302 1884 2331 ἲ

443 2349 734 2412 obligatione,
777 2364 874 2414 post
906 2356 1020 2402 hanc
1058 2373 1162 2404 vero
1205 2362 1536 2423 corruptibilem
1578 2365 1736 2422 vitam,
1775 2338 1857 2411 ab¹
1880 2374 1884 2402 ¹=

444 2434 563 2465 omm
585 2432 715 2468 etiam
735 2434 938 2470 vanitate.

493 2511 503 2527 ¹
522 2506 598 2547 Job,
617 2507 672 2550 xii,
694 2519 727 2551 1,
743 2509 839 2551 juxta
856 2512 957 2545 Lxx.
978 2529 1019 2536 -·-
1039 2519 1053 2536 ²
1067 2515 1146 2546 Luc.
1166 2525 1232 2556 xlx,
1262 2526 1310 2549 ιο.
1323 2532 1363 2540 -
1383 2515 1397 2541 3
1415 2517 1496 2551 Psal.
1516 2529 1620 2562 cxmu,
1641 2518 1674 2562 4.
1690 2517 1761 2551 -4
1780 2519 1828 2554 Id.
1856 2531 1861 2538 ¹

446 2561 557 2602 xxxvi,
574 2562 605 2594 6.
