1821 3264
255 316 399 342 opums
431 314 608 342 IMPERF.
643 312 806 341 comm.
839 313 1008 341 mmm.
1046 314 1127 340 LIB.
1164 313 1211 341 11.
1347 299 1429 339 ⁴75

51 382 96 426 in
126 388 266 424 morte
299 379 457 424 Christi
494 380 619 433 Jesu,
652 391 700 421 ac
729 392 804 436 per
842 379 926 422 hoc
960 391 1087 435 neges
1115 378 1351 436 baptizatos
1387 380 1431 423 in

52 451 223 496 Christo
266 452 385 494 Jesu.
437 468 455 490 ιι
495 448 768 507 Quicumque
811 448 925 491 enirn
963 448 1167 507 baptizati
1204 463 1350 493 sumus
1387 449 1430 493 in

56 540 76 564 »
102 521 274 566 Christo
301 522 419 575 Jesu,
455 519 501 562 in
530 526 669 563 morte
696 518 828 577 ips'1us
855 519 1059 577 baptizati
1088 522 1282 563 sumus¹.
1311 538 1331 560 »
1358 519 1434 563 Dic

52 607 155 651 ergo
182 592 252 636 cui
274 599 451 650 peccato
474 590 735 645 moriuntur,
760 604 858 633 cum
890 589 1059 648 parvuli
1087 589 1362 648 baptizantur
1392 589 1436 633 in

53 663 225 709 Christo
245 665 373 707 Jesu?
408 662 491 708 Sed
513 661 620 722 quid
641 659 772 716 dicas,
808 660 982 720 penitus
1009 676 1099 705 non
1126 661 1303 704 habebis
1320 696 1330 716 ‚
1357 661 1437 705 nisi

53 749 153 778 cum
178 742 267 777 tota
308 732 498 778 Ecclesia
532 731 691 777 Christi
721 730 959 790 intelligas,
995 741 1126 791 atque
1155 731 1435 790 respondeas,

58 822 78 846 «
100 807 181 848 Per
203 819 340 848 unum
358 803 579 849 hominem
607 811 833 862 peccatum
860 803 1036 848 intravit
1065 803 1109 846 in
1134 803 1372 855 mundum,
1397 810 1441 846 et

58 893 77 916 »
104 890 181 934 per
197 884 423 934 peccatum
446 889 576 930 mors,
602 882 645 918 et
666 874 726 917 ita
739 873 784 916 in
801 889 948 918 omnes
964 874 1160 918 homines
1176 873 1437 933 pertransiit,

58 962 79 986 »
104 945 150 988 in
185 960 274 1004 quo
310 960 459 990 omnes
497 946 827 1003 peceaverunt2.
857 961 877 985 η
904 946 1015 988 Ecce
1042 945 1118 1003 qui
1151 952 1327 1003 peccato
1344 958 1441 987 mo-

55 1016 231 1060 riuntur
247 1050 258 1071 ,
298 1032 400 1060 cum
423 1017 466 1061 in
492 1025 629 1060 morte
651 1015 812 1060 Christi
833 1017 937 1059 Jesu
965 1014 1133 1074 parvuli
1151 1015 1441 1072 baptizantur.

56 1089 197 1144 Rogo,
222 1086 356 1130 nolite
379 1101 468 1130 esse
490 1086 600 1130 sicut
613 1101 750 1146 equus
782 1094 825 1129 et
842 1085 1002 1139 mulus,
1027 1100 1117 1129 non
1138 1084 1345 1128 habentes
1374 1085 1445 1126 in-

58 1156 282 1201 tellectum
299 1158 331 1200 3.
355 1157 514 1201 Audite
534 1177 541 1201 :
567 1176 585 1198 «
609 1157 651 1200 Si
669 1156 829 1201 mortui
851 1171 999 1199 sumus
1014 1164 1207 1215 peccato,
1224 1153 1446 1215 quomodo

64 1245 81 1270 »
103 1228 297 1272 vivemus
313 1227 358 1271 in
392 1243 444 1271 eo
458 1228 476 1267 *ἶ
498 1230 566 1271 An
580 1227 786 1286 ignoratis
800 1228 1006 1286 quoniam
1019 1226 1287 1286 quicumque
1301 1225 1447 1284 bapti-

61 1315 83 1340 »
109 1298 190 1342 zati
208 1298 411 1342 sumusin
428 1299 601 1343 Christo
619 1300 738 1353 Jesu,
764 1299 810 1341 in
831 1306 970 1342 morte
991 1297 1122 1356 ipsius
1145 1297 1352 1355 baptizati
1371 1311 1447 1339 su-

62 1386 83 1410 »
107 1371 231 1413 mus?
248 1369 524 1429 Quicumque
540 1369 672 1428 igitur
684 1369 888 1428 baptizati
910 1384 1058 1413 sumus
1071 1369 1116 1412 in
1132 1369 1304 1414 Christo
1326 1370 1446 1423 Jesu,

66 1458 84 1481 »
110 1449 290 1499 peccato
324 1441 485 1485 mor-tui
515 1455 687 1497 sumus3
711 1440 814 1500 quia
841 1440 886 1483 in
920 1449 1059 1484 morte
1091 1439 1224 1498 ipsius
1245 1437 1450 1497 baptizati

65 1528 85 1551 »
111 1511 299 1555 sumus4.
327 1528 347 1552 υ
373 1510 532 1555 Audite
567 1511 836 1570 quicumque
866 1510 1072 1569 baptizati
1094 1525 1243 1563 sumus
1268 1528 1276 1553 :
1308 1522 1451 1568 neque

64 1582 181 1625 enim
203 1581 373 1641 parvuli
394 1591 438 1625 et
461 1596 549 1625 non
564 1582 762 1640 majores,
784 1590 859 1625 aut
879 1595 981 1625 vero
996 1582 1177 1641 majores
1189 1589 1232 1624 et
1247 1595 1336 1624 non
1358 1594 1454 1638 par-

65 1651 154 1696 vuli
177 1670 186 1696 ς
211 1651 302 1707 sed,
328 1651 617 1712 quicumque,
640 1652 685 1695 id
708 1661 787 1706 est,
813 1652 899 1695 sive
922 1651 1111 1711 parvuli,
1142 1652 1229 1695 sive
1251 1651 1449 1709 majoreS,

65 1722 272 1782 baptizati
295 1737 443 1766 sumus
464 1724 508 1765 in
537 1722 710 1766 Christo
731 1725 855 1777 Jesu,
879 1722 923 1765 in
944 1731 1082 1766 morte
1110 1721 1224 1765 illius
1248 1719 1453 1779 baptizati

65 1809 231 1849 sumus,
250 1809 298 1838 ac
316 1809 390 1852 per
410 1794 492 1838 hoc
509 1809 657 1837 sumus
680 1793 839 1837 mortui
858 1802 1049 1852 peccato.
1071 1796 1158 1837 Aut
1182 1807 1284 1850 ergo
1308 1799 1454 1850 aperte

68 1863 200 1910 dicite
217 1879 308 1909 non
333 1879 422 1909 esse
447 1864 710 1923 baptismum
733 1864 890 1909 Christi
919 1861 1111 1923 parvulis
1143 1862 1453 1915 necessarium,

70 1944 145 1980 aut
162 1943 390 1995 peccatum
408 1935 476 1978 cui
494 1935 755 1989 moriuntur,
781 1935 959 1994 quando
977 1935 1021 1978 in
1040 1934 1211 1979 Christo
1229 1933 1456 1992 baptizan-

69 2015 168 2062 tur,
201 2005 332 2051 dicite
358 2005 641 2066 parvulorum
666 2024 676 2050 ;
702 2015 777 2050 aut
798 2006 901 2065 quia
935 2005 1105 2049 nullum
1129 2004 1306 2064 potestis
1336 2001 1457 2047 aliud

70 2076 263 2122 invenire
278 2112 289 2132 ‚
313 2078 488 2121 tandem
503 2076 740 2136 aliquando
758 2076 976 2135 agnoscite
993 2075 1200 2133 originale
1215 2082 1455 2134 peccatum.

130 2149 367 2193 CCXXIV.
387 2150 411 2191 J
417 2165 615 2192 unimus.
646 2166 666 2189 «
691 2150 856 2206 Nempe
872 2162 972 2191 cum
990 2146 1237 2190 viventibus
1253 2144 1463 2203 loqueba-

76 2226 165 2273 tur,
186 2226 228 2261 et
251 2218 316 2262 his
335 2217 509 2262 dicebat
525 2217 738 2277 justitiam
767 2232 842 2276 per
864 2217 1066 2275 mysteria
1095 2216 1225 2260 fuisse
1243 2213 1462 2259 collatam.

76 2288 309 2341 Quomodo
327 2304 430 2347 ergo
444 2289 518 2343 ait,
536 2303 635 2332 eum
646 2288 1049 2347 justificatumesse,
1066 2300 1198 2346 quem
1219 2285 1467 2329 mortuum?

77 2359 159 2404 nisi
175 2360 277 2420 quia
298 2360 389 2404 sine
407 2360 554 2420 aliquo
577 2358 766 2405 ostendit
783 2359 989 2418 ambiguo
1006 2394 1016 2414 ,
1042 2366 1227 2403 mortem
1247 2356 1317 2399 hic
1339 2355 1467 2398 abre-

41 2455 43 2457 ·
79 2431 399 2475 nuntiationem
427 2446 604 2488 vocare,
621 2439 663 2474 et
684 2430 782 2474 ideo
813 2445 835 2473 a
857 2444 901 2473 se
922 2444 1082 2472 nomen
1116 2427 1263 2470 mortis
1292 2425 1465 2479 assumi,

80 2510 131 2546 ut
153 2500 352 2545 ostendat
367 2502 426 2545 ita
448 2501 595 2545 fideles
611 2518 633 2545 a
655 2500 856 2560 peccatiS,
883 2499 994 2543 sicut
1016 2506 1208 2542 mortuos
1231 2496 1286 2540 ab
1302 2495 1470 2540 actibus

83 2570 244 2616 debere
266 2586 445 2616 cessare.
475 2589 496 2612 »
1477 2560 1484 2566 ”

135 2661 143 2676 ¹
164 2658 254 2689 Rom.
274 2667 321 2694 vx,
342 2655 372 2689 3.
388 2673 429 2680 -
447 2663 458 2679 2
478 2656 525 2687 Id.
545 2666 578 2696 v,
607 2662 657 2687 12.
675 2671 716 2678 --
731 2652 743 2675 3
761 2652 843 2685 Psal.
862 2663 950 2694 xxxi,
967 2663 1051 2694 9.·-
1065 2649 1081 2681 4
1097 2653 1187 2684 Rom.
1203 2660 1250 2689 vi,
1265 2658 1284 2682 2
1300 2653 1333 2682 et
1350 2649 1380 2681 3.
