1884 3285
1861 225 1866 313 ——-
1859 0 1884 215 -v—-w-fl

470 239 520 276 28
887 252 918 281 S·
957 254 1184 287 ArGUsTlm
1217 263 1398 293 Emscorl

465 313 659 369 ditionis,
703 325 901 373 expertus
939 321 1028 365 Deo
1065 325 1294 382 paululum
1332 330 1556 380 deserente
1588 340 1696 398 quid
1736 355 1846 391 esset

463 382 551 440 ipse
575 403 582 427 :
618 403 637 424 «
661 386 863 441 Domine,
893 389 1057 449 inquit,
1082 394 1126 438 in
1149 397 1373 445 voluntate
1402 412 1474 448 tua
1503 410 1739 465 praestitisti
1762 414 1844 461 de·

463 471 481 492 »
510 453 598 496 cori
631 469 727 499 meo
761 458 991 519 virtutem,
1027 466 1216 512 avertisti
1252 470 1406 517 faciem
1447 485 1568 522 tuam
1604 496 1627 525 a
1664 498 1763 541 me,
1799 497 1844 533 et

459 538 478 561 »
511 520 649 567 factus
682 540 778 570 sum
810 531 1134 579 conturbatus1.
1167 556 1186 579 »
1224 542 1337 587 Ecce
1367 545 1559 603 doctior,
1593 560 1637 596 et
1667 554 1725 598 ob
1756 536 1868 624 hoel

453 591 582 636 etiam
605 595 833 654 humilior,
861 603 1000 647 tenuit
1017 605 1153 662 viam,
1178 610 1268 668 jam
1294 613 1443 660 videns
1461 627 1505 662 et
1526 622 1738 669 confitens
1756 660 1767 681 ,
1792 628 1838 672 in
1862 627 1867 662 ¹

449 661 674 709 voluntate
709 683 785 712 sua
824 673 962 716 Deum
995 674 1138 720 decori
1169 680 1261 738 ejus
1296 687 1542 742 praestitisse
1576 692 1786 740 virtutem
1824 718 1833 743 :
1862 664 1867 734 l

449 732 568 790 quod
584 735 663 778 sibi
692 738 780 795 ipse
802 740 997 788 tribuens
1022 755 1064 790 et
1085 746 1140 792 de
1162 764 1206 793 se
1230 767 1492 810 praesumens
1514 759 1561 804 in
1584 762 1659 807 tali
1689 766 1834 812 abun·—
1862 750 1867 802 !

448 801 595 848 dantia
637 822 764 866 quam
805 815 1060 869 praestiterat
1103 822 1244 878 Deus,
1290 840 1379 870 non
1413 828 1468 872 de
1508 831 1583 877 illo
1623 836 1699 894 qui
1739 820 1867 884 eam*

445 876 724 935 praestiterat,
765 880 935 930 dicebat
969 906 977 931 :
1023 906 1043 930 «
1077 892 1174 936 Non
1210 897 1419 942 movebor
1455 901 1502 945 in
1539 913 1769 953 aeternum.
1808 929 1828 953 »
1864 930 1868 955 ι

446 946 603 990 Factus
625 958 688 994 est
709 965 811 1010 ergo
828 957 1136 1016 conturbatus,
1163 972 1211 1007 ut
1228 979 1272 1008 se
1288 966 1524 1027 inveniret,
1545 983 1587 1018 et
1607 977 1831 1025 humiliter
1863 962 1868 1047 l

442 1018 608 1074 sapiens
626 1054 635 1074 ,
656 1036 745 1065 non
762 1024 903 1070 solum
920 1037 1094 1075 aeternae
1116 1034 1236 1090 vitae,
1258 1052 1410 1083 verum
1426 1042 1554 1087 etiam
1574 1045 1619 1089 in
1640 1047 1722 1093 hac
1741 1051 1829 1097 vita
1864 1054 1868 1072 ⁵

440 1086 523 1144 piae
545 1095 879 1141 conversationis
898 1108 939 1142 et
961 1106 1289 1159 perseverantiae
1302 1142 1313 1161 ,
1338 1110 1383 1153 in
1402 1127 1491 1170 quo
1511 1129 1605 1173 spes
1624 1117 1827 1166 habenda
1863 1105 1868 1165 l

439 1167 570 1213 esset,
597 1160 852 1211 addisceret.
887 1171 989 1214 Haec
1012 1186 1092 1216 vox
1114 1184 1156 1218 et
1178 1180 1361 1233 apostoli
1391 1184 1507 1226 Petri
1530 1199 1621 1230 esse
1644 1191 1787 1246 potuit
1813 1211 1822 1238 ε
1863 1168 1868 1295 ἱ

437 1225 601 1273 dixerat
636 1234 798 1293 quippe
830 1246 872 1281 et
904 1239 994 1297 ipse
1026 1242 1071 1284 in
1101 1244 1368 1292 abundantia
1406 1266 1482 1296 sua
1509 1273 1517 1298 ;
1566 1275 1580 1295 τι
1619 1259 1824 1307 Animam

438 1315 456 1337 n
483 1313 622 1343 meam
646 1318 724 1361 pro
745 1314 785 1348 te
803 1314 990 1364 ponam2
1009 1329 1020 1355 τ
1043 1330 1063 1353 »
1088 1314 1165 1357 sibi
1188 1315 1434 1365 festinando
1457 1324 1678 1383 tribuens,
1702 1333 1822 1390 quod

433 1367 470 1410 ci
493 1366 633 1413 fuerat
656 1388 678 1416 a
707 1377 889 1421 Domino
912 1390 1058 1437 postea
1081 1382 1370 1442 largiendum.
1403 1396 1570 1440 Avertit
1597 1408 1741 1445 autem
1766 1404 1821 1447 ab

430 1436 506 1481 illo
536 1439 689 1485 faciem
725 1447 954 1503 Dominus,
991 1461 1034 1495 et
1066 1452 1205 1499 factus
1237 1468 1300 1503 est
1329 1465 1643 1524 conturbatus,
1677 1472 1735 1516 ita
1771 1484 1820 1519 ut

430 1522 527 1552 eum
553 1513 662 1557 mori
693 1530 771 1573 pro
794 1517 869 1562 illo
895 1530 1090 1567 metuens
1113 1534 1177 1569 ter
1200 1542 1390 1587 negaret.
1427 1536 1511 1579 Sed
1535 1553 1680 1585 rursus
1710 1559 1817 1589 con-

427 1580 556 1623 vertit
574 1582 626 1625 ad
651 1599 748 1628 eum
768 1585 921 1633 faciem
944 1606 1065 1637 suam
1090 1598 1321 1655 Dominus,
1348 1612 1391 1646 et
1412 1604 1585 1665 culpam
1612 1610 1815 1671 lacrymis

426 1647 567 1696 diluit.
599 1655 712 1706 Quid
735 1667 797 1701 est
819 1660 933 1704 enim
962 1662 1080 1709 aliud
1108 1686 1114 1710 :
1146 1687 1164 1709 «
1191 1671 1391 1730 Respexit
1419 1680 1575 1737 eum33
1598 1699 1618 1722 »
1643 1683 1723 1728 nisi
1745 1684 1814 1730 fa-

421 1719 532 1764 ciem
555 1758 564 1775 ,
603 1740 733 1784 quam
774 1730 1000 1787 paululum
1034 1736 1087 1778 ab
1120 1737 1194 1782 illo
1226 1752 1470 1803 averterat,
1504 1755 1720 1798 revocavit
1757 1756 1812 1801 ad

422 1793 548 1833 eum?
574 1795 728 1839 Factus
760 1814 861 1856 ergo
895 1802 1037 1848 fuerat
1061 1810 1346 1855 conturbatus
1382 1834 1388 1858 :
1423 1818 1499 1861 sed
1528 1821 1631 1880 quia
1658 1823 1810 1872 didicit

421 1875 508 1904 non
526 1861 580 1906 de
606 1880 650 1908 se
666 1866 759 1925 ipso
783 1869 917 1915 fidere
941 1874 1071 1919 etiam
1094 1878 1176 1922 hoc
1193 1881 1229 1923 ei
1253 1882 1437 1941 profecit
1458 1888 1503 1932 in
1527 1890 1716 1951 bonum,
1738 1896 1807 1942 fa—

418 1931 557 1975 ciente
600 1934 675 1979 illo
715 1940 790 1997 qui
825 1940 1106 2000 diligentibus
1147 1964 1245 1993 eum
1282 1957 1426 2000 omnia
1463 1973 1722 2020 cooperatur
1760 1968 1806 2012 in
1863 1988 1868 2052 ι

420 2001 611 2061 bonum,
651 2007 751 2066 quia
793 2012 1033 2059 secundum
1069 2021 1337 2077 propositum
1382 2039 1560 2074 vocatus
1600 2046 1715 2091 erat,
1755 2048 1804 2084 ut
1862 2056 1868 2124 ξ

417 2086 544 2116 nemo
584 2090 684 2120 eum
720 2091 861 2137 posset
894 2085 1059 2144 eripere
1091 2088 1146 2133 de
1179 2107 1311 2138 manu
1341 2097 1530 2157 Christi,
1570 2106 1639 2149 cui
1677 2108 1803 2155 datus

414 2152 519 2186 erat.
1862 2125 1868 2289 Ξ

473 2216 609 2260 XXV.
646 2220 782 2265 Nemo
807 2238 907 2281 ergo
941 2225 1084 2284 dicat,
1124 2247 1211 2277 non
1248 2250 1338 2280 esse
1370 2242 1690 2301 corripiendum
1724 2254 1800 2312 qui
1862 2294 1867 2334 ί

411 2286 622 2331 exorbitat
650 2289 704 2334 de
726 2293 790 2336 via
809 2295 948 2354 justa,
978 2299 1052 2343 sed
1076 2304 1111 2345 ei
1145 2304 1330 2350 reditum
1362 2320 1404 2354 et
1435 2321 1799 2370 perseverantiam
1863 2335 1867 2349 ¹

410 2370 432 2397 a
456 2358 640 2403 Domino
664 2369 835 2407 tantum
860 2381 949 2411 esse
971 2372 1228 2427 poscendam
1256 2396 1264 2421 :
1297 2393 1425 2426 nemo
1456 2387 1646 2442 prudens
1673 2401 1716 2436 et
1745 2395 1797 2437 fi-

409 2424 516 2469 delis
535 2427 616 2472 hoe
635 2429 763 2476 dicat.
789 2435 831 2477 Si
855 2439 967 2481 enim
988 2443 1227 2488 secundum
1248 2452 1520 2508 propositum
1539 2469 1716 2506 vocatus
1733 2474 1796 2509 est

407 2493 504 2550 iste,
547 2500 701 2556 procul
739 2501 876 2548 dubio
916 2506 1007 2565 illi,
1050 2512 1177 2557 etiam
1219 2519 1338 2577 quod
1377 2525 1634 2585 corripitur,
1681 2535 1794 2578 Deus

1861 2702 1865 2727 l

1859 2737 1866 3070 l

454 2586 462 2602 ¹
484 2581 561 2613 Psal.
582 2594 668 2626 xxix,
691 2585 722 2618 8.
742 2604 781 2609 -—
798 2595 809 2612 ²
830 2592 921 2624 Joan.
943 2606 1011 2631 xiii,
1034 2597 1086 2637 37.
1103 2597 1169 2622 -3
1192 2602 1266 2634 Luc.
1287 2615 1321 2645 v,
1336 2615 1389 2639 21.
