1821 3264
333 232 385 258 ΠΕ
414 223 814 256 ΡΚᾸΞΒΕδΤΙΝΑΤΙΟΝΕ
845 219 1110 249 ὃΑΝΕΤΟΚῢΜ.
1358 203 1410 240 67

39 299 200 346 mantia
214 294 437 341 rationalia
456 326 467 345 ‚
491 289 864 346 discernimurque
886 300 908 328 a
931 283 1160 344 pecoribus
1183 299 1193 325 :
1215 280 1267 322 sit
1289 279 1419 322 etiam

40 370 175 428 gratia
191 377 358 411 naturae
375 361 600 412 attributa,
620 372 706 416 qua
727 356 772 398 in
788 355 886 414 ipsis
909 353 1158 397 hominibus
1173 366 1192 393 a
1214 347 1422 393 deformi·

40 442 122 484 bus
142 436 329 499 pulchri,
342 433 412 479 vel
432 429 641 490 ingeniosi
660 427 969 471 discernuntur
992 440 1014 467 a
1031 422 1182 476 tardis,
1204 436 1252 465 ac
1268 417 1424 479 siquid

39 508 248 570 ejusmodi
265 516 326 550 est
348 524 358 549 ε
382 503 457 548 sed
479 516 567 545 non
581 498 731 552 seille,
756 511 887 556 quem
908 494 1137 539 coercebat
1161 490 1394 550 Apostolus
1408 523 1420 544 ‚

38 580 240 624 adversus
257 589 386 636 pecus
407 571 586 617 inflabat
605 604 617 624 ‚
642 583 722 612 nec
745 567 948 611 adversus
977 563 1198 607 hominem
1227 562 1416 604 alterum

38 648 94 693 de
113 647 260 706 aliquo
279 642 464 690 naturali
485 654 666 685 munere
690 636 812 697 quod
834 637 968 679 inesse
986 641 1128 693 posset
1148 641 1191 674 et
1203 630 1391 690 pessimo
1411 645 1422 673 ε

39 718 112 763 sed
127 715 306 777 aliquod
325 716 488 759 bonum
509 708 630 771 quod
649 709 883 768 pertineret
907 704 962 749 ad
975 705 1108 748 vitam
1133 703 1307 753 bonam,
1334 699 1418 743 sibi

40 802 127 833 non
145 790 231 830 Deo
253 786 445 830 tribuens
465 782 714 833 inflabatur,
731 776 907 838 quando
920 774 1070 818 audire
1089 773 1269 817 meruit:
1285 768 1424 822 «Quis

45 876 65 900 n
90 860 205 902 enim
231 867 275 901 te
300 855 503 899 discernit
528 855 546 894 ‘2
567 851 684 904 Quid
706 859 852 893 autem
873 848 1007 890 habes
1034 844 1155 904 quod
1178 857 1267 886 non
1298 855 1423 884 acce—

44 949 65 972 »
90 930 187 990 pisti
208 931 225 970 ?
246 946 267 970 n
295 929 351 973 Ut
375 927 490 970 enim
505 924 558 967 sit
578 932 762 974 naturae,
788 920 918 963 fldem
937 930 1059 976 posse
1082 917 1241 958 habere
1266 926 1422 961 ⁶‚num-

41 1001 148 1061 quid
171 1010 213 1044 et
233 1001 391 1044 habere
414 1017 423 1042 :
444 1016 464 1039 «
495 998 592 1041 Non
619 994 734 1038 enim
761 990 959 1035 omnium
989 998 1055 1032 est
1072 987 1179 1030 fides
1201 987 1213 1010 ¹
1244 1005 1254 1041 3
1284 1002 1302 1023 υ
1330 995 1433 1025 cum

43 1072 173 1117 fidem
191 1086 314 1130 posse
327 1071 487 1113 habere
500 1068 552 1110 sit
567 1066 780 1110 omnium.
802 1065 897 1106 Non
919 1069 1063 1103 autem
1085 1058 1142 1100 ait
1165 1052 1423 1113 Apostolus:

45 1143 160 1196 Quid
191 1152 336 1185 autem
360 1148 480 1198 potes
506 1137 666 1181 habere
686 1169 697 1187 ,
728 1131 848 1192 quod
879 1145 969 1173 non
991 1127 1188 1185 accepisti
1214 1135 1260 1167 ut
1283 1134 1427 1183 posses

44 1214 205 1257 habere
234 1209 339 1255 :sed
367 1209 426 1252 ait
453 1227 461 1251 :
498 1226 517 1249 ι(
551 1204 669 1258 Quid
696 1213 840 1245 autem
870 1201 1002 1243 habes
1036 1196 1157 1257 quod
1187 1210 1275 1238 non
1301 1206 1426 1236 acce·-

50 1303 67 1324 »
89 1283 187 1340 pisti
209 1283 227 1324 P
249 1300 267 1321 »
296 1277 482 1323 Proinde
504 1290 625 1335 posse
652 1274 810 1316 habere
834 1270 980 1321 fidem,
1003 1269 1112 1312 sicut
1131 1280 1251 1324 posse
1272 1264 1430 1306 habere

46 1352 327 1403 charitatem,
352 1357 520 1391 naturae
557 1354 621 1388 est
654 1344 882 1386 hominum
903 1359 912 1384 ι
937 1339 1099 1382 habere
1125 1345 1269 1379 autem
1296 1332 1429 1376 fidem

48 1419 421 1483 quemadmodum
445 1417 602 1461 habere
631 1414 885 1458 charitatem
912 1445 923 1463 ,
948 1409 1095 1466 gratiae
1125 1416 1189 1450 est
1224 1402 1436 1447 fidelium.

50 1493 128 1538 Illa
145 1493 294 1551 itaque
315 1500 469 1534 natura
490 1522 501 1541 ,
531 1488 576 1529 in
598 1500 683 1544 qua
708 1482 832 1526 nobis
855 1481 954 1524 data
977 1488 1040 1522 est
1064 1474 1321 1536 possibilitas
1352 1473 1432 1514 ha-

48 1563 178 1608 bendi
196 1562 325 1605 fidem
342 1575 432 1603 non
453 1556 658 1601 discernit
672 1556 725 1598 ab
750 1552 924 1596 homine
947 1550 1196 1592 hominem:
1220 1546 1309 1602 ipsa
1334 1556 1434 1584 vero

50 1635 157 1679 fides
178 1631 383 1676 discernit
399 1630 451 1673 ab
474 1625 641 1671 infideli
664 1622 855 1667 fidelem.
878 1625 939 1665 Ac
959 1635 1037 1678 per
1061 1619 1143 1662 hoc
1158 1616 1233 1659 ubi
1257 1613 1442 1658 dicitur:

57 1726 76 1748 ιι
99 1705 205 1759 Quis
228 1704 342 1747 enim
370 1711 412 1745 te
440 1699 682 1743 discernit?
710 1694 825 1748 Quid
860 1702 1004 1736 autem
1038 1689 1171 1734 habes
1198 1685 1318 1746 quod
1351 1697 1441 1727 non

56 1796 76 1817 »
102 1774 342 1833 accepisti?
369 1791 387 1812 n
425 1770 620 1830 quisquis
641 1767 774 1809 audet
793 1764 935 1806 dicere
957 1780 966 1805 t
1005 1761 1156 1804 Habeo
1179 1774 1229 1800 ex
1255 1771 1322 1799 me
1351 1755 1444 1811 ipso

53 1846 201 1898 fidem,
225 1859 313 1887 non
335 1857 438 1900 ergo
462 1839 633 1897 accepi:
658 1834 851 1894 profe-cto
867 1830 1128 1876 contradicit
1149 1827 1252 1871 huic
1271 1825 1445 1882 apertis-

56 1918 173 1960 simae
192 1914 361 1958 veritati
388 1931 396 1955 :
434 1925 521 1953 non
543 1908 645 1967 quia
667 1903 842 1949 credere
862 1903 931 1945 vel
962 1915 1049 1943 non
1073 1898 1248 1942 credere
1270 1908 1359 1936 non
1382 1899 1447 1934 est

57 1989 101 2032 in
123 1985 303 2030 arbitrio
324 1980 561 2027 voluntatis
582 1979 784 2021 humanae
802 2009 813 2027 ,
837 1973 913 2016 sed
936 1973 978 2014 in
1004 1969 1148 2013 electis
1178 1971 1447 2024 praeparatur

58 2058 259 2103 voluntas
275 2073 299 2100 a
317 2054 516 2098 Domino.
538 2049 643 2093 Ideo
664 2047 719 2089 ad
745 2045 883 2103 ipsam
908 2055 1085 2100 quoque
1106 2038 1255 2088 fidem,
1280 2048 1379 2092 quae
1403 2031 1449 2074 in

62 2129 285 2174 voluntate
305 2135 369 2169 est
386 2159 396 2177 ,
422 2122 613 2181 pertinet
646 2137 655 2161 ι
686 2136 705 2158 «
731 2116 833 2169 Quis
856 2113 972 2156 enim
1001 2120 1044 2155 te
1066 2107 1307 2153 discernit?
1332 2100 1450 2156 Quid

68 2218 88 2242 »
107 2208 252 2243 autem
274 2196 408 2240 habes
430 2190 550 2252 quod
573 2205 660 2232 non
679 2183 883 2243 accepisti
904 2184 947 2223 ἲ»

123 2271 202 2313 ΧΙ.
246 2286 267 2308 «
295 2264 425 2309 Multi
457 2261 642 2305 audiunt
669 2257 854 2302 verbum
887 2249 1080 2296 veritatis
1105 2267 1115 2292 ς
1145 2245 1220 2290 sed
1246 2243 1319 2288 alii
1361 2255 1456 2286 cre-

67 2359 86 2382 »
113 2339 241 2391 dunt,
265 2336 336 2380 alii
368 2331 691 2379 contradicunt.
717 2325 883 2370 Volunt
912 2337 1015 2380 ergo
1041 2320 1108 2362 isti
1131 2316 1311 2362 credere
1329 2348 1340 2366 ,
1372 2327 1457 2355 no-

72 2429 92 2451 »
118 2409 217 2454 lunt
238 2417 384 2452 autem
411 2403 489 2448 illi.
524 2422 544 2444 n
569 2401 676 2454 Quis
697 2400 781 2442 hoc
813 2394 1012 2454 ignoret?
1044 2389 1142 2447 quis
1176 2389 1259 2430 hoc
1294 2382 1456 2440 neget?

71 2481 155 2527 Sed
181 2494 283 2524 cum
311 2477 401 2521 aliis
421 2481 705 2535 praeparetur,
732 2467 822 2512 aliis
845 2481 934 2509 non
960 2468 1228 2523 praeparetur
1253 2453 1455 2500 voluntas

120 2571 130 2587 ¹
151 2575 170 2596 9.
187 2563 297 2596 Thess.
318 2572 364 2601 iu,
386 2568 419 2592 2.
434 2565 500 2582 --²
519 2559 610 2590 Prov.
631 2565 701 2596 vm,
718 2554 811 2595 juxta
830 2550 926 2583 Lxx.

1205 2607 1243 2633 ⁶¹}-
