1884 3285
455 282 538 321 442
897 301 930 328 s.
967 299 1197 332 Auens-run
1230 305 1409 336 zmscom

510 361 775 406 CLXXXII.
793 365 1020 411 Junimrs.
1051 387 1070 409 «
1100 370 1175 413 His
1203 372 1320 416 enim
1350 383 1412 419 est
1433 375 1635 424 ordinata
1662 381 1806 426 verbis
1827 418 1839 440 ,
1881 384 1884 429 l

451 430 612 490 quibus
627 433 876 493 exemplum
893 437 1212 496 praecedens,et
1227 442 1420 490 studium
1438 462 1621 507 sequens
1635 450 1841 500 imitantis
1855 444 1863 470 ³
1881 455 1884 483 ⁵

452 501 709 547 ostenditur.
735 522 754 545 »
1830 527 1884 576 ,l

509 575 800 619 Amrsrmts.
833 578 931 621 Jam
956 578 1036 622 tibi
1054 579 1219 627 dictum
1242 592 1305 627 est
1329 603 1337 629 ε
1359 586 1468 630 Abel
1490 603 1593 648 ergo
1625 591 1664 635 ei
1687 591 1840 641 debuit
1858 612 1861 651 3
1880 596 1884 640 l

448 642 611 699 opponi
629 659 649 686 a
673 647 889 691 contraria
910 658 1048 706 parte,
1071 665 1160 696 non
1182 653 1392 700 Christus.
1854 704 1855 709 ,
1881 667 1884 694 1

505 713 792 760 CLXXXIII.
828 719 853 760 J
861 734 1056 765 ommes.
1087 740 1106 764 «
1150 725 1367 769 Caeterum
1425 729 1459 772 si
1515 732 1839 788 generationem

446 792 625 840 peccato
643 794 719 829 aut
742 786 947 832 infectam
963 824 973 844 ,
999 800 1074 835 aut
1095 792 1325 839 obnoxiam
1345 796 1549 845 voluisset
1572 803 1800 849 ostendere
1823 826 1835 864 3
1858 808 1884 838 ¹

443 866 534 895 non
556 852 732 898 dixisset
759 871 835 914 per
873 874 1011 904 unum
1040 861 1261 908 hominem
1290 866 1470 913 intrasse
1495 881 1738 929 peecatum,
1761 876 1838 920 sed
1859 876 1884 910 ¹

442 937 520 981 per
538 922 663 969 duos.
692 945 712 967 »
1860 965 1861 973 ¹
1880 945 1884 980 ¹

500 996 794 1042 AneusTmn-s.
829 1001 927 1044 Jam
949 1016 1203 1061 responsum
1230 1015 1307 1050 est.
1331 1008 1449 1053 Nihil
1469 1008 1574 1056 dicis
1591 1046 1602 1066 ,
1625 1022 1668 1057 et
1690 1022 1837 1062 tamen
1860 1021 1884 1052 ¹

440 1062 546 1108 dicis
572 1086 582 1122 3
607 1075 650 1110 et
672 1067 776 1113 dicis
796 1104 808 1125 ,
829 1073 1039 1130 quoniam
1062 1084 1230 1119 rectum
1248 1092 1337 1122 non
1363 1088 1483 1138 potes
1504 1081 1700 1129 invenire
1716 1087 1836 1145 quod
1856 1150 1858 1158 Α

441 1132 571 1179 dicas.

1857 1201 1861 1216 l

497 1207 1014 1257 CLXXXIVJuuAm-s.
1054 1232 1075 1256 «
1109 1217 1199 1261 Nec
1221 1217 1398 1264 dixisset
1424 1239 1433 1265 ι
1461 1240 1481 1264 »
1516 1225 1566 1267 In
1590 1239 1642 1268 eo
1664 1228 1834 1274 transiit
1859 1234 1884 1298 {l

438 1290 568 1331 mors,
595 1277 639 1320 in
663 1294 752 1337 quo
776 1295 926 1326 omnes
951 1297 1241 1342 peccaverunt
1263 1307 1272 1334 :
1301 1308 1321 1332 «
1346 1292 1436 1346 sed,
1459 1292 1504 1337 in
1527 1309 1579 1339 eo
1597 1295 1642 1340 in
1668 1312 1758 1356 quo
1778 1298 1833 1344 de
1882 1306 1884 1337 2

435 1425 478 1460 et
501 1433 630 1462 carne
655 1420 879 1467 fluxerunt
901 1445 911 1481 3
938 1426 1057 1484 quod
1072 1428 1106 1471 si
1120 1432 1502 1490 pronuntiavisset‚
1529 1451 1619 1481 non
1640 1449 1831 1484 vestrum
1882 1454 1884 1476 1

433 1486 591 1546 dogma
604 1489 828 1548 firmasset,
845 1494 919 1538 sed
932 1510 1081 1541 omnes
1096 1513 1192 1543 suas
1203 1504 1436 1548 sententias
1445 1506 1682 1552 subruisset
1692 1513 1831 1569 Apos-
1862 1534 1863 1563 ᾗ
1883 1521 1884 1547 ῑ

432 1557 562 1602 tolus.
575 1561 691 1618 Ergo
701 1566 975 1620 peccantium
985 1566 1254 1614 voluntatem
1270 1582 1313 1616 et
1327 1576 1493 1632 peccati
1506 1588 1679 1624 accusat
1692 1595 1830 1626 exem-

431 1627 554 1685 plum
577 1648 586 1674 ι
614 1645 663 1674 ac
682 1647 759 1690 per
773 1633 873 1689 hoe,
892 1650 967 1680 vos
986 1646 1029 1681 et
1050 1639 1158 1684 ratio
1178 1640 1473 1701 depraeliatur,
1496 1656 1538 1691 et
1562 1650 1766 1695 Paulus.»

488 1702 781 1746 Auens‘rmcs.
818 1707 934 1763 Ergo
966 1707 1010 1751 in
1033 1708 1145 1752 Abel
1176 1713 1317 1769 primo
1334 1715 1452 1773 justo
1485 1733 1646 1776 ponere
1674 1720 1829 1767 debuit

424 1767 746 1825 justificationis
780 1776 1029 1835 exemplum
1044 1813 1055 1832 ,
1079 1779 1190 1824 sicut
1213 1781 1258 1825 in
1280 1785 1418 1829 Adam
1437 1788 1578 1845 primo
1599 1800 1827 1848 peccatore
1883 1821 1884 1828 κ

428 1838 616 1896 positum
642 1844 802 1900 putatis
825 1860 915 1890 esse
933 1849 1116 1906 peccati.
1146 1852 1236 1896 Cur
1257 1855 1371 1898 enim
1395 1872 1484 1901 non
1509 1859 1652 1918 pigeat
1673 1862 1825 1907 eadem

427 1909 506 1952 tibi
528 1914 789 1970 respondere
808 1951 816 1971 ,
845 1932 946 1961 cum
969 1928 1012 1962 te
1030 1923 1117 1964 non
1145 1922 1306 1978 pudeat
1326 1926 1478 1971 eadem
1501 1930 1628 1976 toties
1661 1931 1821 1979 frustra

426 1984 655 2038 repetere?
1857 2054 1858 2057 Ἴ

483 2052 1159 2120 ΟΕΧΧΧῨ..ΙυιιΑΝυ5.«ΠεεῙηε
1181 2064 1236 2107 ad
1259 2068 1418 2125 Legem
1440 2070 1556 2114 enim
1589 2082 1819 2130 peccatum

424 2120 470 2162 in
487 2121 571 2165 hoo
594 2124 760 2169 mundo
783 2130 800 2152 ‘2
823 2146 832 2172 :
855 2139 1083 2187 peccatum
1107 2143 1252 2178 autem
1269 2152 1358 2182 non
1376 2138 1694 2199 imputabatur,
1720 2160 1820 2190 cum

424 2192 512 2234 Lex
542 2208 630 2236 non
667 2206 778 2241 esset
809 2219 819 2254 3
846 2201 921 2244 sed
956 2204 1151 2260 regnavit
1186 2221 1301 2251 mors
1338 2209 1393 2252 ab
1427 2210 1562 2256 Adam
1596 2229 1735 2274 usque
1763 2218 1818 2262 ad
1857 2264 1858 2267 ,

422 2263 627 2319 Moysen,
649 2267 778 2310 etiarn
797 2269 839 2312 in
861 2285 933 2315 eos
955 2273 1029 2331 qui
1054 2289 1142 2318 non
1165 2290 1478 2336 peccaverunt,
1503 2282 1548 2326 in
1565 2284 1817 2332 similitudi-

470 2637 476 2650 ¹
501 2631 703 2674 Voluptatem
727 2647 783 2669 suo
802 2649 890 2671 more
909 2640 996 2681 ponit
1014 2653 1070 2683 pro
1087 2646 1360 2686 concupiscentia.
1378 2666 1411 2672 —
1437 2657 1447 2672 ²
1467 2652 1561 2683 Rom.
1581 2663 1614 2693 v,
1638 2654 1676 2685 13
1701 2659 1733 2686 et
1755 2655 1806 2697 14.
