1884 3285
413 246 495 283 258
843 257 876 281 s.
911 251 1142 280 Aucusnm
1175 252 1354 280 zmscom

409 331 597 376 cumque
612 317 762 360 labore
778 315 1066 361 defendimus.
1079 319 1130 360 In
1144 325 1186 360 te
1203 317 1334 375 igitur
1347 330 1530 374 agnosce
1542 316 1785 374 stultitiam,

407 389 452 431 in
471 396 513 430 te
534 387 848 445 impudentiam
870 421 881 442 ‚
902 388 946 431 in
965 395 1008 431 te
1033 386 1300 446 impietatem
1317 421 1328 442 ,
1353 402 1442 431 non
1458 396 1647 432 veterem
1667 403 1784 444 sane,

405 456 481 501 sed
502 472 677 500 novam.

464 529 729 571 LXXXVII.
771 529 796 571 J
802 542 997 571 numus.
1035 544 1056 568 «
1093 525 1176 571 Sed
1208 527 1297 586 jam
1320 535 1490 585 tempus
1522 535 1607 580 est,
1648 535 1697 570 ut
1735 526 1790 571 de

404 598 630 655 Evangelii
653 598 864 642 sententia
887 598 1135 642 disseratur.
1166 616 1186 639 «
1211 597 1391 641 Dicebat
1407 631 1417 651 ,
1442 597 1584 657 inquit
1600 612 1790 656 evange-

406 685 426 708 »
450 667 544 711 lista
565 670 771 721 Joannes,
798 671 921 712 Jesus
944 667 997 711 ad
1015 671 1038 711 J
1044 668 1191 712 udaeos
1212 683 1299 722 eOS,
1328 668 1402 726 qui
1421 668 1700 712 crediderunt
1721 669 1787 712 ei:

404 753 425 776 »
453 737 496 780 Si
517 751 593 780 vos
616 737 857 781 manseritis
884 738 929 781 in
959 752 1157 781 sermone
1188 752 1284 781 meo
1301 771 1311 791 ,
1345 752 1445 780 vere
1470 737 1670 796 discipuli
1703 737 1789 781 mei

404 823 424 845 »
451 805 582 860 eritis,
601 815 644 849 et
655 807 920 864 cognoscetis
936 808 1178 862 veritatem,
1194 816 1236 850 et
1251 808 1406 851 veritas
1419 807 1620 851 liberabit
1639 808 1790 851 vos¹.»-

400 873 448 917 Id
482 884 572 927 est,
611 877 820 919 Dominus
848 885 994 920 noster
1034 879 1157 921 Jesus
1185 875 1446 936 loquebatur
1482 877 1536 921 ad
1566 878 1797 922 credentes.
1822 876 1833 888 “

400 943 507 999 sibi,
549 954 598 989 ut
631 946 686 988 de
724 946 845 991 nulla
879 946 1027 991 saeculi
1068 947 1297 991 nobilitate
1327 946 1591 1006 gaudentes,
1625 963 1706 991 nec
1736 947 1792 991 de

398 1014 587 1058 Abrahae
621 1016 701 1060 sibi
730 1019 893 1060 semine
929 1017 1107 1074 gloriam
1144 1017 1413 1061 vindicantes
1434 1052 1444 1071 ,
1485 1019 1728 1061 niterentur
1748 1026 1792 1061 et

398 1084 623 1129 studerent
656 1086 892 1130 virtutibus
917 1121 927 1141 ‚
966 1096 1009 1130 et
1039 1085 1173 1130 nullis
1206 1096 1302 1145 post
1335 1088 1599 1144 agnitionem
1633 1087 1792 1132 Christi

397 1154 558 1197 servire
576 1169 702 1212 pecca
711 1157 777 1209 tis,
794 1165 842 1199 ut
862 1170 1007 1199 veram
1030 1155 1277 1199 libertatem
1293 1156 1555 1200 conscientia
1574 1158 1791 1215 gaudente

399 1225 660 1277 retinerent,
685 1234 728 1268 et
750 1240 824 1284 spe
841 1235 1060 1269 certorum
1076 1260 1087 1280 ,
1112 1225 1158 1268 id
1181 1235 1260 1280 est,
1288 1235 1567 1282 aeternorum,
1594 1227 1790 1272 vindica-

398 1302 549 1336 rentur
572 1309 595 1336 a
614 1294 852 1352 cupiditate
880 1295 1064 1339 aliorum
1087 1296 1309 1351 omnium,
1338 1313 1436 1356 quae
1458 1306 1638 1357 propter
1658 1297 1790 1356 fragi-

400 1363 565 1407 litatem
592 1366 679 1419 sui,
703 1381 814 1409 vana
836 1364 1089 1426 frequenter
1117 1375 1160 1410 et
1188 1366 1293 1410 falsa
1311 1366 1530 1412 dicuntur.
1558 1372 1679 1413 Tunc
1703 1384 1788 1413 res-

400 1432 651 1491 ponderunt
673 1434 708 1477 ei
729 1437 752 1478 J
759 1435 869 1478 udaei
884 1470 894 1489 ,
918 1451 1006 1480 non
1032 1435 1320 1493 intelligentes
1341 1436 1396 1481 de
1412 1453 1497 1497 qua
1517 1441 1637 1482 Jesus
1659 1437 1792 1482 liber-

400 1512 489 1546 tate
519 1503 692 1548 dixisset
721 1523 730 1548 :
767 1523 787 1546 «
822 1508 978 1550 Semen
1000 1505 1187 1549 Abrahae
1210 1522 1383 1561 sumus,
1409 1517 1452 1551 et
1474 1508 1637 1551 nemini
1655 1508 1790 1552 servi-

405 1586 547 1615 »mus
581 1588 776 1632 unquam
807 1578 823 1600 ²
862 1593 870 1619 ε
908 1573 1130 1634 quomodo
1158 1583 1204 1618 tu
1237 1575 1344 1620 dicis
1368 1611 1378 1630 ,
1419 1577 1544 1620 liberi
1579 1578 1694 1621 eritis
1729 1580 1786 1622 P»

400 1641 551 1687 Multis
574 1643 688 1686 enim
713 1644 851 1688 modis
873 1645 1049 1688 libertas
1076 1645 1284 1704 appellari
1306 1646 1416 1690 solet
1439 1656 1513 1691 :ut
1531 1648 1576 1691 in
1590 1648 1672 1692 hoc
1692 1647 1790 1692 loco

401 1712 604 1756 sanctitas
623 1733 634 1769 3
659 1722 709 1756 ut
732 1715 989 1759 resurrectio
1009 1716 1053 1758 in
1076 1715 1300 1773 Apostolo,
1322 1716 1399 1759 ubi
1421 1718 1526 1762 dicit
1546 1727 1791 1762 creaturam

401 1780 574 1825 liberari
593 1798 616 1825 a
634 1784 841 1827 servitute
863 1785 1153 1843 corruptionis
1170 1785 1215 1828 in
1233 1785 1481 1830 libertatem
1500 1787 1646 1845 gloriae
1672 1788 1788 1833 filio-

403 1866 499 1894 rum
520 1852 596 1895 Dei
619 1854 634 1877 3
657 1873 668 1910 3
706 1862 755 1896 ut
784 1853 960 1898 libertas
989 1870 1088 1913 quae
1111 1855 1253 1898 notior
1275 1865 1353 1911 est,
1386 1856 1441 1901 ad
1466 1857 1788 1903 distinctionem

403 1921 562 1966 dicitur
579 1924 811 1968 servitutis.
839 1927 902 1969 Eo
927 1934 1072 1969 autem
1097 1926 1272 1969 nomine
1289 1935 1332 1970 et
1352 1926 1528 1972 libertas
1556 1943 1787 1989 nuncupa-

404 2001 477 2036 tur
496 1993 677 2037 arbitrii.
698 1995 955 2039 Dividantur
975 2011 1075 2053 ergo
1089 2012 1244 2050 causae,
1266 2013 1321 2040 ne
1339 2014 1404 2042 res
1418 1999 1605 2044 multum
1628 2001 1787 2045 distan-

404 2071 468 2107 tes
496 2063 825 2109 confundantur
860 2067 1045 2111 nominis
1081 2068 1404 2112 communione.
1444 2071 1525 2114 Hic
1561 2086 1662 2128 ergo
1697 2087 1787 2116 non

405 2135 574 2178 arbitrii
599 2134 847 2180 libertatem
877 2138 1086 2182 Dominus
1114 2137 1217 2182 dicit
1252 2153 1341 2182 esse
1369 2139 1637 2185 liberandam
1666 2160 1675 2187 ε
1710 2141 1785 2187 sed

402 2203 477 2248 illa
499 2205 667 2264 integra
689 2218 991 2265 permanente,
1013 2209 1216 2253 convenit
1237 2212 1261 2253 J
1267 2210 1434 2266 udaeos,
1459 2221 1509 2256 ut
1532 2212 1788 2272 accipientes

403 2274 719 2333 indulgentiam
750 2276 991 2321 liberentur
1025 2294 1048 2321 a
1081 2278 1300 2334 reatibus,
1337 2289 1380 2324 et
1406 2296 1500 2325 eam
1535 2298 1636 2342 quae
1668 2282 1785 2342 apud

402 2348 542 2389 Deum
568 2346 751 2390 maxima
767 2356 845 2402 est,
873 2347 1116 2392 libertatem
1134 2360 1368 2408 occupent,
1389 2361 1438 2395 ut
1454 2352 1658 2411 incipiant
1677 2353 1783 2397 nihil

401 2414 560 2459 debere
577 2416 846 2460 criminibus.
875 2419 1068 2477 Denique
1083 2420 1278 2478 sequitur
1296 2421 1568 2479 Evangelista
1592 2441 1599 2466 :
1631 2443 1648 2462 α
1674 2426 1782 2471 Res-

404 2501 424 2525 »
445 2484 600 2542 pondit
631 2485 689 2529 eis
722 2489 843 2529 Jesus
869 2504 878 2530 z
905 2490 1044 2530 Amen
1066 2521 1076 2542 ,
1099 2503 1224 2531 amen
1257 2488 1354 2533 dico
1389 2491 1511 2536 vobis
1529 2525 1540 2546 ,
1576 2494 1781 2552 quoniam

449 2572 460 2591 ¹
482 2569 573 2601 Joan.
594 2578 659 2607 vin,
678 2569 715 2601 31
740 2574 774 2602 et
790 2572 841 2603 32.
860 2576 926 2595 -2
944 2571 1024 2604 lbid.
1045 2572 1098 2604 33.
1113 2588 1152 2595 -—
1169 2570 1183 2595 ³
1197 2574 1289 2605 Rom.
1310 2583 1378 2615 viii,
1397 2582 1450 2606 21.
