1884 3285
421 260 475 296 60
858 267 890 290 S.
928 263 1159 290 AUGUSTINI
1191 264 1372 290 EPISCOPI

419 334 562 385 dicet,
588 341 717 389 atque
735 328 797 371 illi
821 337 987 387 partem
1022 327 1238 386 relinquat
1270 347 1278 371 :
1314 336 1357 371 et
1379 326 1499 386 quod
1527 333 1590 368 est
1620 324 1797 380 elatius,

419 403 596 461 primam
623 399 734 443 tollit
756 400 861 457 ipse,
885 407 1136 458 sequentem
1158 399 1232 441 dat
1248 396 1331 453 illi,
1352 406 1394 440 et
1412 396 1457 439 in
1483 411 1534 440 eo
1551 396 1672 455 quod
1694 395 1800 440 dicit
1864 398 1867 440 ζ

415 487 504 515 esse
518 470 762 525 amborum,
781 470 968 529 priorem
989 484 1031 512 se
1049 468 1167 522 facit,
1190 466 1471 526 posteriorem
1494 469 1648 510 Deum.

473 544 571 585 VII.
598 544 694 587 Non
728 542 786 585 sic
810 541 904 599 pius
927 550 1057 599 atque
1085 538 1261 582 humilis
1284 541 1444 582 Doctor
1465 535 1538 580 ille
1559 535 1755 596 sapiebat
1786 555 1795 580 :

414 613 682 671 Cyprianum
715 611 1011 655 beatissimum
1042 610 1231 669 loquor,
1266 609 1341 669 qui
1374 609 1516 652 dixit:
1548 626 1566 649 «
1594 609 1643 650 ln
1675 606 1800 651 nullo

396 702 434 741 ᾳ)
448 682 722 741 gloriandum
742 717 751 735 ,
775 681 950 740 quando
971 689 1165 724 nostrum
1190 679 1298 723 nihil
1324 680 1378 723 sit
1405 682 1434 721 ¹.
1461 696 1480 719 »
1507 678 1635 731 Quod
1659 687 1709 722 ut
1730 693 1799 722 os-

412 753 634 806 tenderet,
666 753 867 796 adhibuit
891 751 1144 810 Apostolum
1175 761 1326 795 testem
1352 750 1568 793 dicentem
1599 768 1606 792 :
1638 749 1798 802 «Quid

416 832 591 866 »autem
608 823 739 866 habes
759 821 878 882 quod
912 837 999 865 non
1024 821 1255 879 accepisti?
1281 821 1322 865 Si
1345 830 1490 864 autem
1509 829 1552 862 et
1575 819 1793 878 accepisti,

415 891 553 952 »quid
575 891 767 950 gloriaris
791 893 910 952 quasi
946 907 1033 936 non
1065 892 1279 950 acceperis
1300 895 1316 917 '2
1347 893 1365 934 Ρ
1393 910 1411 931 ι)
1448 893 1545 943 Quo
1577 890 1796 950 praecipue

412 964 657 1007 testimonio
678 963 806 1006 etiam
829 964 918 1021 ipse
938 963 1161 1007 convictus
1183 978 1278 1005 sum
1298 997 1308 1016 ‚
1334 977 1434 1006 cum
1458 960 1653 1005 similiter
1677 976 1797 1005 erra-

411 1049 516 1087 rem,
532 1043 689 1092 putans
704 1034 833 1077 fidem
854 1050 939 1093 qua
958 1036 1001 1078 in
1019 1037 1155 1078 Deum
1173 1033 1405 1088 credimus,
1424 1048 1512 1077 non
1524 1048 1613 1076 esse
1627 1032 1794 1076 donum

412 1103 502 1156 Dei,
533 1103 607 1147 sed
623 1104 793 1147 anobis
811 1119 900 1147 esse
922 1104 965 1147 in
987 1104 1126 1158 nobis,
1153 1112 1196 1146 et
1213 1119 1290 1162 per
1316 1103 1435 1147 illam
1460 1118 1538 1147 nos
1561 1103 1795 1160 impetrare

414 1173 487 1215 Dei
518 1172 631 1217 dona
664 1174 823 1232 quibus
846 1182 1137 1232 temperanter
1169 1183 1210 1217 et
1237 1175 1353 1232 juste
1382 1182 1424 1216 et
1447 1174 1516 1230 pie
1537 1173 1734 1218 vivamus
1750 1172 1796 1217 in

409 1244 491 1287 hoc
511 1245 683 1289 saeculo.
711 1247 860 1302 Neque
883 1244 997 1288 enim
1021 1244 1153 1288 fidem
1181 1244 1390 1303 putabam
1413 1244 1490 1288 Dei
1519 1244 1654 1302 gratia
1677 1259 1794 1303 prae-

411 1315 560 1369 veniri,
590 1324 641 1358 ut
657 1330 734 1373 per
754 1314 871 1358 illam
891 1315 1015 1358 nobis
1037 1313 1213 1358 daretur
1241 1314 1360 1374 quod
1378 1329 1652 1373 posceremus
1674 1313 1793 1358 utili-

409 1393 472 1426 tcr
497 1405 507 1440 3
540 1385 620 1428 nisi
643 1386 744 1443 quia
765 1385 940 1428 eredere
969 1400 1057 1428 non
1082 1399 1328 1443 possumus,
1359 1385 1391 1428 si
1416 1400 1503 1428 non
1527 1384 1791 1443 praecederet

404 1456 670 1512 praeconium
689 1455 900 1498 veritatis:
922 1464 971 1499 ut
994 1465 1138 1498 autem
1160 1454 1393 1514 praedicato
1412 1455 1537 1499 nobis
1555 1456 1790 1513 Evangelio

406 1524 765 1578 consentiremus,
791 1535 984 1569 nostrum
1005 1538 1093 1569 esse
1118 1526 1360 1583 proprium,
1387 1535 1429 1568 ct
1449 1526 1574 1569 nobis
1591 1541 1644 1569 ex
1666 1527 1791 1570 nobis

406 1609 494 1637 esse
524 1594 780 1638 arbitrabar.
802 1598 939 1647 Quem
968 1610 1112 1638 meum
1137 1610 1324 1639 errorem
1347 1594 1558 1639 nonnulla
1580 1596 1788 1654 opuscula

408 1679 498 1707 mea
520 1665 618 1708 satis
650 1663 843 1708 indicant
862 1700 871 1718 ‚
898 1675 996 1708 ante
1025 1666 1319 1725 episcopatum
1351 1681 1498 1709 meum
1533 1667 1702 1725 scripta.
1736 1670 1786 1711 In

403 1741 563 1799 quibus
583 1750 645 1784 est
668 1740 774 1783 illud
798 1740 918 1800 quod
945 1742 1311 1785 commemorastis
1338 1742 1382 1784 in
1413 1742 1563 1785 litteris
1585 1743 1735 1786 vestris
1751 1743 1782 1785 3.

403 1812 479 1853 ubi
507 1821 570 1854 est
596 1812 803 1870 expositio
823 1811 1110 1870 quarumdam
1144 1814 1486 1871 propositionum
1509 1828 1561 1856 ex
1593 1813 1786 1872 Epistola

402 1896 501 1939 quaa
528 1890 591 1924 est
610 1880 664 1924 ad
688 1884 921 1925 Romanos.
946 1882 1141 1941 Denique
1164 1898 1262 1926 cum
1286 1898 1381 1926 mea
1399 1892 1556 1927 cuncta
1577 1883 1784 1942 opuscula

403 1960 676 1995 retractarem
699 1987 709 2005 ,
736 1966 918 2010 eamque
946 1953 1293 1995 retractationem
1332 1952 1442 2010 stylo
1478 1969 1779 2013 prosequerer,

401 2022 469 2080 cuj
479 2037 525 2064 us
539 2022 678 2080 operis
692 2025 780 2080 jam
800 2022 908 2065 duos
925 2021 1191 2065 absolveram
1210 2022 1358 2077 libros,
1379 2033 1610 2083 antequam
1626 2026 1784 2084 scripta

402 2100 533 2134 vestra
560 2090 787 2150 prolixiora
812 2093 1213 2150 siimpsissem,0t1m
1232 2093 1284 2137 ad
1308 2095 1425 2139 hunc
1447 2095 1608 2139 librum
1627 2106 1783 2141 retrac-

405 2163 584 2205 tandum
599 2164 643 2206 in
662 2164 798 2222 primo
821 2163 1042 2207 volumine
1060 2166 1387 2223 pervenissem4,
1413 2167 1471 2211 sic
1491 2167 1594 2211 inde
1610 2168 1783 2212 locutus

401 2249 510 2276 sum.
524 2253 541 2273 «
560 2236 666 2277 Item
685 2233 924 2293 disputans,
941 2235 1133 2294 inquam,
1152 2236 1257 2295 quid
1280 2237 1456 2295 elegerit
1475 2241 1588 2282 Deus
1610 2239 1655 2281 in
1677 2254 1783 2283 non-

401 2305 504 2347 dum
527 2314 643 2356 nato,
665 2305 735 2348 cui
758 2304 863 2348 dixit
883 2306 1144 2350 serviturum
1169 2323 1258 2351 esse
1283 2311 1486 2368 majorem
1514 2331 1524 2366 3
1545 2319 1586 2353 et
1608 2310 1713 2370 quid
1737 2312 1782 2354 in

400 2375 549 2417 eodem
588 2376 747 2434 majore
782 2376 975 2419 similiter
1007 2377 1202 2420 nondum
1238 2389 1339 2422 nato
1377 2381 1701 2438 reprobaverit:
1727 2381 1781 2425 de

399 2446 557 2504 quibus
576 2456 750 2506 propter
773 2448 854 2491 hoc
871 2460 1250 2504 commemoratur,
1269 2452 1464 2509 quamvis
1486 2451 1615 2510 longe
1636 2462 1781 2511 postea

449 2554 454 2568 ¹
477 2548 622 2589 Cyprian-
645 2548 700 2580 lib.
720 2560 752 2581 ιιι
771 2550 809 2581 ad
830 2550 1006 2588 Quirinum.
1023 2569 1064 2573 —
1078 2558 1090 2572 Ρ-
1114 2564 1123 2583 ι
1148 2553 1217 2584 Cor.
1236 2563 1276 2593 ιν,
1298 2565 1327 2595 7.
1344 2570 1384 2574 --
1404 2551 1415 2574 3
1435 2554 1530 2595 Epist.
1556 2553 1676 2591 Hilarii,
1694 2566 1722 2585 u.
1747 2555 1775 2586 3-

403 2602 468 2632 --4
489 2603 566 2634 Vide
585 2605 729 2637 Reti-actu
751 2605 805 2637 lib.
826 2618 846 2642 i,
865 2617 936 2647 cap.
962 2608 1015 2647 23,
1037 2619 1066 2637 n.
1090 2608 1118 2638 3
