1884 3285
442 264 523 302 170
672 274 705 300 s.
742 268 974 299 Auecszrlm
1002 271 1056 297 DE
1089 271 1201 298 nono
1234 268 1602 299 PansEvEnAN‘rm.

439 337 539 390 tati,
564 351 651 394 qua
666 333 844 394 aequalis
858 343 920 378 est
937 335 1067 378 Patri.
1088 337 1180 379 Hoc
1201 344 1345 378 autem
1367 344 1601 394 utrumque
1625 350 1737 380 unus
1753 345 1816 381 est
1839 320 1841 378 J

438 407 649 460 Christus,
672 405 746 464 qui
768 413 811 449 et
829 406 1069 449 secundum
1094 409 1230 450 Deum
1247 405 1464 449 verissime
1479 404 1603 460 dixit,
1623 425 1644 448 «
1659 408 1753 464 Ego
1774 415 1818 451 et

440 494 462 518 »
486 479 610 519 Pater
637 490 774 519 unum
807 478 980 519 sumus¹
1008 495 1015 520 z
1053 494 1072 517 »
1107 485 1149 519 et
1181 474 1421 520 secundum
1443 475 1664 519 hominem
1685 476 1818 520 veris-

438 546 542 590 sime
559 544 691 600 dixit,
717 564 735 586 «
764 549 889 590 Pater
907 547 1042 605 major
1066 561 1134 590 me
1156 549 1261 590 est‘2.
1291 564 1310 586 »
1332 546 1416 598 Qui
1443 559 1544 603 ergo
1572 546 1692 590 hunc
1714 544 1819 590 fecit
1842 588 1845 591 .

439 631 490 661 ex
522 617 682 660 semine
710 615 844 661 David
873 617 1093 661 hominem
1126 618 1314 676 justum,
1346 617 1422 676 qui
1455 631 1681 675 nunquam
1710 625 1820 662 esset

438 687 651 746 injustus,
686 687 775 729 sine
808 685 899 730 ullo
931 687 1084 731 merito
1114 686 1398 745 praecedentis
1430 685 1666 730 voluntatis
1699 687 1816 745 ejus3

438 757 529 815 ipse
551 771 601 799 ex
624 756 793 816 injustis
815 756 918 800 facit
934 758 1095 816 justos,
1125 758 1215 800 sine
1240 755 1331 800 ullo
1355 756 1508 800 merito
1538 755 1820 814 praecedentis

440 826 672 871 voluntatis
704 828 916 886 ipsorum,
943 837 990 871 ut
1022 828 1094 872 ille
1120 837 1272 888 eaput,
1304 829 1348 872 hi
1376 828 1570 872 membra
1599 827 1684 871 sint
1710 828 1816 887 ejus.

440 897 521 950 Qui
542 911 642 955 ergo
663 896 764 942 fecit
786 898 907 942 illum
929 899 1147 943 hominem
1162 934 1172 954 ,
1199 900 1288 943 siue
1310 898 1408 942 ullis
1427 900 1518 958 ejus
1533 897 1817 958 praecedenti-
1848 942 1851 949 J

440 968 523 1011 bus
555 968 742 1022 meritis,
781 967 950 1013 nullum
986 968 1105 1029 quod
1139 970 1177 1013 ei
1217 969 1524 1024 dimitteretur,
1558 967 1628 1014 vel
1655 968 1822 1027 origine
1853 1015 1859 1024 J

440 1038 636 1093 trahere,
666 1038 735 1082 vel
756 1037 983 1083 voluntate
1015 1048 1262 1099 perpetrare
1291 1049 1541 1098 peccatum3
1571 1040 1662 1099 ipse
1694 1036 1824 1084 nullis
1850 1038 1851 1041 ’

441 1123 590 1152 eorum
612 1109 957 1168 praecedentibus
973 1111 1134 1154 meritis
1150 1109 1253 1154 facit
1266 1109 1491 1154 credentes
1513 1109 1558 1153 in
1577 1124 1701 1164 eum,
1723 1110 1825 1170 qui·
1854 1108 1862 1170 ¹:'

442 1178 523 1222 bus
546 1178 736 1223 dimittat
760 1195 889 1223 omne
921 1189 1146 1238 peccatum
1177 1199 1185 1224 :
1218 1180 1294 1239 qui
1316 1178 1416 1224 fecit
1447 1179 1572 1224 illum
1594 1179 1724 1224 talem
1740 1214 1751 1235 ,
1776 1187 1826 1225 ut
1854 1189 1862 1241 2J

442 1263 668 1307 nunquam
697 1249 903 1293 habuerit
931 1250 1247 1310 habiturusque
1275 1250 1324 1294 sit
1349 1250 1619 1295 voluntatem
1643 1249 1824 1307 malam3

441 1319 532 1377 ipse
555 1318 656 1362 facit
671 1319 716 1362 in
734 1320 941 1364 membris
958 1323 993 1380 ej
1002 1335 1048 1364 us
1063 1336 1114 1365 ex
1127 1321 1240 1365 mala
1256 1320 1481 1366 voluntate
1498 1321 1674 1366 bonam.
1700 1322 1758 1364 Et
1773 1319 1827 1364 il-
1855 1310 1866 1378 J

441 1389 535 1433 lum
559 1405 662 1448 ergo
682 1399 723 1434 et
745 1406 823 1435 nos
844 1392 1191 1450 praedestinavit,
1208 1392 1308 1451 quia
1331 1400 1370 1437 et
1397 1393 1439 1435 in
1464 1391 1538 1435 illo
1560 1400 1610 1435 ut
1631 1399 1740 1435 esset
1761 1405 1828 1435 ca·
1858 1415 1868 1438 ψ,

443 1468 523 1518 put
553 1469 772 1515 nostrum,
808 1470 850 1504 et
878 1461 924 1504 in
954 1462 1079 1505 nobis
1107 1471 1156 1505 ut
1183 1463 1275 1522 ejus
1310 1477 1466 1521 corpus
1498 1475 1707 1515 essemu5‚
1737 1475 1827 1505 non
1859 1470 1862 1523 j

444 1545 704 1588 praecessura
727 1531 878 1575 merita
901 1541 1062 1587 nostra,
1079 1531 1153 1576 sed
1175 1548 1305 1592 opera
1323 1548 1398 1576 sua
1422 1531 1570 1576 futura
1593 1531 1822 1591 praescivit.
1860 1527 1869 1581 ἒ

504 1603 700 1645 LXVIII.
723 1602 812 1655 Qui.
823 1602 974 1661 legunt
988 1604 1082 1648 haec
1098 1639 1108 1657 ‚
1126 1604 1160 1648 si
1181 1603 1453 1661 intelligunt,
1471 1612 1600 1662 agant
1619 1605 1708 1647 Deo
1731 1617 1827 1662 gra·
1868 1635 1871 1640 .

445 1672 524 1716 tias
550 1691 558 1716 ε
584 1675 659 1732 qui
684 1682 828 1717 autem
855 1690 944 1718 non
975 1674 1248 1733 intelligunt,
1279 1684 1404 1720 orent
1430 1684 1479 1719 ut
1502 1689 1652 1719 eorum
1675 1673 1748 1718 ille
1775 1673 1830 1718 sit

445 1743 598 1787 doctor
624 1743 823 1799 interior,
857 1761 879 1788 a
902 1746 1025 1805 cujus
1048 1747 1157 1790 facie
1185 1755 1248 1790 est
1276 1746 1451 1791 scientia
1474 1755 1518 1789 et
1535 1744 1824 1790 intellectus³.
1861 1751 1868 1775 ‘·

444 1814 530 1866 Qui
551 1828 653 1858 vero
670 1828 811 1858 errare
828 1830 897 1860 me
913 1816 1172 1872 existimant,
1192 1817 1320 1860 etiam
1337 1826 1468 1877 atque
1489 1816 1618 1860 etiam
1641 1815 1827 1874 diligen·

444 1893 510 1928 ter
531 1900 630 1944 quae
651 1894 753 1930 sunt
786 1886 900 1932 dicta
923 1888 1219 1944 considerent,
1247 1904 1302 1932 ne
1328 1887 1522 1933 fortassis
1551 1887 1632 1947 ipsi
1663 1896 1822 1931 errent.
1864 1915 1867 1918 ·

446 1958 540 2014 Ego
562 1965 707 2000 autem
727 1973 827 2001 cum
850 1974 926 2017 per
945 1975 1016 2004 eos
1037 1960 1114 2020 qui
1129 1975 1244 2005 meos
1265 1960 1434 2004 labores
1458 1959 1625 2017 legunt,
1651 1974 1740 2004 non
1755 1973 1827 2002 so·
1865 1954 1877 2021 J

446 2025 538 2069 lum
573 2025 763 2082 doctior,
808 2044 958 2072 verum
988 2030 1116 2073 etiam
1163 2030 1431 2074 emendatior
1463 2029 1550 2083 fio,
1591 2029 1829 2089 propitium
1867 2022 1877 2082 ἶ,

447 2096 553 2140 mihi
576 2100 712 2141 Deum
737 2113 942 2156 agnosco:
963 2109 1006 2144 et
1018 2101 1101 2145 hoc
1119 2116 1193 2160 per
1209 2100 1413 2145 Ecclesiae
1431 2100 1629 2145 doctores
1641 2100 1829 2144 maxime

448 2177 650 2227 expecto,
680 2169 713 2213 si
753 2178 795 2213 et
827 2170 871 2213 in
903 2171 1095 2230 ipsorum
1131 2186 1284 2216 manus
1322 2171 1467 2226 venit,
1505 2170 1829 2230 dignanturque
1868 2197 1877 2203 -·

449 2254 574 2284 nosse
590 2239 708 2298 quod
725 2240 882 2284 scribo.

498 2343 504 2358 ¹
526 2338 617 2368 Joan.
642 2348 675 2374 x,
694 2337 745 2369 30.
765 2354 804 2359 -
821 2343 834 2358 2
857 2337 903 2368 Id.
925 2347 986 2377 xiv,
1006 2338 1059 2369 28.
1081 2355 1114 2360 „-
1137 2336 1150 2359 ³
1166 2339 1260 2369 Prov.
1281 2348 1316 2374 ιι,
1333 2337 1427 2378 juxta
1442 2339 1538 2369 Lxx.
