1821 3264
286 242 430 269 OPERIS
461 244 637 271 lMPERF.
673 244 836 272 CONTRA
869 247 1035 273 JiLlssN.
1074 249 1156 274 Llss.
1194 249 1240 275 11.
1379 237 1462 275 413

7 281 29 347 ,Ι
79 320 154 350 vos
176 303 462 349 imitationem
488 307 744 362 imitationi,
774 324 861 353 non
890 312 1259 369 regenerationem
1283 327 1463 370 genera-

12 359 29 438 J
80 375 184 421 tioni
203 375 334 420 vultis
356 378 602 434 opponere?

24 467 28 515 J
134 446 354 489 CXLVII.
384 447 613 507 J17L1A1vus3
642 466 661 489 «
682 450 909 492 Pervenire
925 459 1068 493 autem
1084 459 1126 494 et
1141 450 1194 494 ad
1212 452 1462 496 innocentes

76 514 254 575 gratiam
264 515 440 570 Christi,
453 515 506 559 ad
520 532 628 576 quos
638 516 744 561 Adae
757 518 884 577 culpa
895 520 1091 577 pervenit
1108 539 1116 563 z
1133 521 1456 580 propterquod,

0 581 25 654 vj
73 584 302 644 vigilanter
333 585 589 641 inculcavit,
629 587 769 631 multo
804 589 936 646 magis
963 589 1097 647 gratia
1130 590 1206 632 Dei
1228 599 1270 634 et
1293 590 1459 634 donum

0 657 26 732 {JJ
72 655 201 700 unius
232 656 416 700 hominis
444 658 547 700 Jesu
576 657 735 701 Christi
766 658 811 701 in
833 657 977 717 plures
1006 657 1244 703 abundavit
1271 678 1279 704 :
1312 669 1360 703 ut
1383 659 1460 704 illa

2 738 23 771 zi
70 727 266 785 superior
283 727 527 786 coaequatio
542 728 630 786 ejus
647 728 784 772 aetatis
803 744 902 787 quae
920 728 1085 772 ratione
1105 729 1243 772 utitur
1256 764 1267 783 ,
1288 730 1333 772 in
1350 744 1459 773 con-

71 797 208 840 trariis
228 796 381 841 studiis
403 796 566 842 indicet
587 798 898 842 imitationem¹
923 817 931 843 :
959 799 1052 842 haec
1074 808 1219 843 autem
1241 799 1287 843 in
1312 799 1460 858 gratiae

0 862 23 946 {J
69 865 266 925 largitate
298 866 492 927 praelatio
509 902 519 922 ,
545 878 815 913 consecratos
840 877 882 912 et
907 878 1132 927 provectos
1158 870 1369 929 approbet
1391 870 1459 913 in-

1 931 6 948 l

68 946 290 982 nocentes.
316 941 425 991 Quae
446 954 548 983 cum
572 939 632 984 ita
659 939 769 993 sint,
802 938 908 993 tibi,
935 955 1024 983 non
1048 940 1176 993 mihi,
1203 939 1460 999 Apostolum

0 947 24 1083 ἶ,
70 1007 246 1052 obviare
270 1009 403 1063 senti,
436 1018 586 1053 contra
609 1019 650 1053 te
674 1024 773 1053 eum
798 1023 914 1053 arma
937 1008 1050 1052 ferre
1077 1011 1327 1068 cognoscito
1344 1045 1354 1063 ,
1384 1009 1460 1067 qui

0 1085 13 1134 β
69 1079 228 1137 dogma
248 1088 396 1135 tuum,
428 1081 795 1140 praeceptorisque
818 1081 882 1125 tui
908 1081 1080 1135 Fausti,
1108 1097 1130 1125 a
1157 1096 1245 1140 quo
1267 1096 1311 1124 es
1340 1079 1462 1124 velut

0 1141 20 1243 JJ
69 1151 208 1209 prima
229 1167 363 1196 manu
384 1152 567 1206 tinctus,
592 1153 674 1196 hoc
698 1168 786 1196 uno
801 1187 811 1206 ,
837 1153 870 1196 si
892 1161 1046 1195 caetera
1077 1152 1274 1195 deessent
1290 1186 1301 1206 ,
1326 1152 1460 1194 vehe-

69 1231 241 1266 menter
259 1231 489 1278 everteret,
501 1224 603 1283 quia
626 1222 730 1266 dicit
748 1238 823 1281 per
841 1222 968 1266 unius
986 1221 1328 1266 inobedientiam
1345 1220 1459 1265 mul-

68 1303 161 1349 tos,
196 1309 286 1338 non
314 1310 493 1350 omnes,
535 1303 780 1352 peccatores
810 1294 1068 1338 constitutos
1104 1292 1234 1337 fuisse
1255 1328 1265 1348 ,
1301 1302 1344 1336 et
1384 1307 1459 1351 per

69 1365 198 1409 unius
226 1363 520 1409 obedientiam
549 1366 688 1424 justos
721 1379 810 1409 non
839 1378 986 1408 omnes
1009 1363 1267 1407 constitutos
1298 1362 1455 1416 fuisse,

66 1435 142 1479 sed
167 1434 340 1479 multos.
370 1437 426 1479 Ut
447 1435 562 1478 enim
590 1434 820 1492 diligenter
841 1450 972 1494 quam
999 1435 1079 1478 tibi
1113 1449 1253 1478 sermo
1284 1434 1354 1477 hic
1388 1447 1459 1475 re-

65 1514 260 1564 pugnet,
278 1505 451 1549 lectoris
473 1503 773 1563 intelligentiae
796 1513 1052 1563 suggeratur
1073 1524 1080 1548 z
1105 1503 1340 1563 Apostolus
1361 1517 1457 1561 pro-

66 1577 240 1620 nuntiat
263 1609 276 1630 ‚
311 1590 401 1619 non
435 1590 584 1619 omnes
619 1590 696 1633 per
739 1573 877 1618 Adam
916 1583 1164 1633 peccatores
1202 1573 1459 1618 constitutos

65 1645 220 1703 fuisse,
251 1655 301 1690 tu
322 1646 452 1701 dicis,
479 1661 629 1690 omnes
653 1646 832 1690 omnino
856 1660 931 1704 per
954 1645 1092 1690 Adam
1122 1654 1302 1704 peccato
1324 1653 1458 1687 natu-

65 1715 144 1760 rali
167 1715 218 1760 ad
235 1716 305 1774 jus
327 1715 490 1760 diaboli
512 1716 727 1775 pertinere
750 1734 758 1759 :
784 1715 947 1773 ambigi
969 1730 1058 1759 non
1080 1723 1247 1773 potest,
1272 1714 1387 1757 inter
1411 1721 1456 1756 te

2 1796 11 1853 ζ
67 1797 110 1832 et
131 1787 392 1846 Apostolum
413 1803 617 1847 magnam
641 1802 731 1831 esse
752 1801 961 1846 pugnam.
993 1804 1011 1827 »

3 1861 9 1869 '
126 1861 417 1903 Amusnms.
460 1859 622 1902 Omnes
659 1857 790 1911 dicit,
832 1855 1094 1915 eosdemque
1131 1856 1291 1899 multos
1311 1874 1322 1912 3
1369 1868 1458 1898 non

67 1928 229 1973 multos
251 1928 439 1973 dicendo
460 1937 592 1987 negat
614 1942 787 1981 omnes,
814 1942 869 1970 ne
892 1927 973 1970 sibi
996 1927 1049 1969 si't
1071 1926 1161 1985 ipse
1184 1924 1453 1978 contrarius,

4 1996 9 2059 f·
66 2000 178 2044 sicut
214 2010 355 2045 vestra
384 2009 459 2044 aut
491 1997 602 2043 fallit
635 1998 917 2058 improbitas,
959 2006 1034 2042 aut
1069 1995 1235 2040 fallitur
1266 1995 1453 2040 caecitas.

6 2067 7 2070 ’
67 2070 178 2123 Quia
201 2071 318 2114 enim
341 2081 579 2130 utrumque
602 2068 708 2114 dixit
730 2068 963 2129 Apostolus
981 2105 992 2124 ,
1017 2076 1059 2112 et
1079 2083 1227 2112 omnes
1244 2102 1254 2121 ,
1275 2076 1318 2110 et
1339 2065 1457 2109 mul-

4 2179 7 2183 .
68 2148 134 2184 tos
155 2175 165 2195 ,
191 2141 362 2185 ostendi
384 2156 464 2199 ego
486 2155 575 2184 non
594 2139 707 2184 inter
730 2154 773 2183 se
799 2139 888 2182 duo
911 2139 989 2182 ista
1011 2152 1232 2197 pugnare3
1256 2136 1358 2195 quia
1378 2135 1458 2193 ipsi

69 2224 234 2264 omnes,
253 2209 352 2254 ideo
374 2210 503 2254 etiam
521 2209 649 2253 multi
667 2219 767 2253 sunt
786 2208 906 2262 dicti,
931 2209 1034 2268 quia
1054 2223 1203 2251 omnes
1222 2203 1457 2266 aliquando

69 2279 276 2325 dicuntur
302 2290 344 2325 et
367 2282 494 2340 pauci
521 2300 530 2325 ε
564 2291 612 2324 tu
640 2289 784 2325 autem
809 2279 996 2323 diceudo
1021 2294 1111 2323 non
1137 2292 1286 2322 omnes
1305 2311 1315 2331 ,
1349 2289 1456 2334 quos

68 2365 216 2396 omnes
239 2351 346 2395 dixit
364 2350 619 2410 Apostolus,
638 2350 792 2410 procul
810 2349 946 2394 dubio
964 2348 1232 2394 convinceris
1247 2351 1281 2391 A
1286 2343 1456 2406 postolo

68 2437 158 2466 esse
179 2423 436 2467 contrarius.

100 2491 103 2494 ⁴
128 2494 366 2537 CXLVIII.
402 2495 628 2538 JLLIANL‘S.
660 2510 679 2533 «
705 2494 812 2537 Nam
837 2504 936 2534 cum
961 2499 1010 2534 tu
1036 2498 1078 2532 et
1099 2488 1364 2534 Manichacus
1387 2486 1456 2530 di·
1486 2544 1493 2549 .

118 2581 126 2598 ¹
148 2577 240 2609 Rom.
267 2585 299 2617 v,
320 2575 372 2608 15.
