1884 3285
434 266 516 304 248
858 270 891 298 s.
930 271 1158 297 Ancus'rnu
1192 270 1370 296 EPlscom

435 354 578 385 rarum
596 373 606 393 ,
631 352 729 396 quae
750 334 1075 380 circumdantur
1106 334 1263 393 pinniS,
1298 342 1347 377 ut
1375 341 1586 391 cogantur
1607 332 1651 376 in
1671 332 1806 390 retia3

431 409 592 470 quibus
613 406 819 467 quoniam
848 405 968 448 deest
991 405 1098 447 ratio
1118 438 1128 458 ,
1155 404 1199 446 in
1216 417 1366 447 verum
1387 402 1565 446 exitium
1588 417 1697 446 vana
1719 401 1810 446 for·
1858 405 1879 442 ἱ-

430 479 596 524 midine
617 477 953 522 contruduntur.
985 477 1210 533 Cognosco
1235 474 1365 518 verba
1385 488 1496 527 mea,
1527 474 1600 516 sed
1619 488 1706 518 11011
1725 488 1748 517 a
1769 483 1812 517 te

430 563 531 593 cum
566 547 814 605 integritate
846 545 1012 604 prolata
1038 562 1046 588 :
1079 553 1122 587 et
1152 543 1253 587 licet
1281 558 1370 587 non
1394 543 1440 586 in
1468 542 1533 586 his
1567 542 1812 586 certaminis

429 633 597 663 summa
633 618 866 670 consistat,
902 616 1004 674 quia
1038 615 1094 658 de
1122 613 1376 673 praefatione
1403 623 1504 657 sunt
1541 633 1553 670 3
1583 622 1727 658 tamen
1763 622 1812 657 ut

428 691 577 734 levitas
598 698 673 732 tua
704 688 868 747 liqueat
887 721 898 740 ,
930 685 1063 729 frater
1079 685 1320 729 beatissime
1335 719 1345 738 ,
1366 685 1412 728 in
1435 699 1485 728 eo
1506 683 1602 728 loco
1620 683 1813 743 positum

430 775 519 804 non
537 769 600 803 est
616 794 630 813 ,
652 757 727 802 sed
753 759 797 800 in
817 757 956 815 primo
972 755 1114 800 statim
1137 771 1262 800 versu
1285 755 1401 798 libri.
1427 758 1536 798 Item
1561 769 1661 799 cum
1680 754 1809 798 dixis-

434 845 540 884 sem,
563 848 584 870 »
611 828 665 872 ad
685 829 911 872 hominum
932 841 1119 886 quorum
1142 826 1296 870 sanctis
1316 824 1468 869 studiis
1486 834 1690 878 uruntur,
1708 839 1814 868 con-

432 899 628 945 tumelias
656 909 696 943 et
721 899 897 942 exitium
926 919 936 955 3
971 917 991 940 «
1019 897 1184 952 addidi,
1217 919 1231 937 »
1254 897 1458 956 quoniam
1482 897 1564 940 iter
1582 895 1701 940 aliud
1726 910 1814 940 non

431 971 606 1030 patebat
629 1005 639 1024 ,
664 969 952 1013 decreverunt
977 982 1053 1027 per
1077 967 1246 1010 ruinam
1271 968 1402 1010 totius
1431 966 1633 1010 Ecclesiae
1661 980 1815 1025 perve-

1876 781 1884 816 -..
1879 751 1882 759 -
1862 612 1884 731 *sdan—⁴
1868 558 1884 590 ’.ιι
1875 491 1884 521 ...ο
1880 468 1884 475 .

430 1041 537 1084 nire.
564 1059 583 1081 «
610 1043 710 1083 Post
730 1038 849 1097 quod
873 1038 999 1081 etiam
1023 1037 1126 1090 dixi,
1151 1057 1168 1077 »
1194 1037 1295 1095 quia
1317 1036 1441 1080 liberi
1457 1036 1676 1080 confessor
1698 1036 1816 1080 arbi-
1868 1035 1884 1070 ’-

433 1111 504 1154 1111
528 1119 570 1153 61
594 1110 668 1153 Dei
693 1108 943 1158 conditoris,
970 1106 1255 1150 Coelestianus
1277 1116 1320 1149 et
1344 1105 1598 1164 Pelagianus
1618 1115 1815 1159 vocatur,

432 1195 519 1239 quo
537 1178 769 1237 simplices,
786 1197 804 1217 «
822 1176 989 1235 inquio,
1010 1190 1240 1218 »sermone
1263 1175 1495 1233 perterriti,
1514 1185 1564 1219 ut
1586 1176 1640 1220 ab
1657 1175 1818 1220 invidia

432 1249 620 1293 nominis
642 1257 872 1299 exuantur,
896 1246 1024 1288 etiam
1048 1259 1193 1287 sanam
1208 1243 1337 1287 fidem
1362 1243 1567 1289 deserunt
1582 1266 1593 1302 3
1609 1245 1817 1290 credituri

430 1318 585 1378 procul
611 1318 768 1370 dubio,
793 1331 872 1359 1166
901 1315 1087 1358 liberum
1106 1329 1196 1358 esse
1217 1315 1261 1357 in
1292 1315 1544 1359 hominibus
1567 1316 1816 1371 arbitrium,
1871 1340 1873 1354 ι

431 1404 511 1433 1166
539 1392 676 1431 Deum
701 1386 971 1431 nascentium
1004 1385 1284 1429 Conditorem
1311 1420 1322 1439 ,
1353 1386 1530 1445 quando
1565 1385 1675 1430 illud
1700 1386 1819 1446 quod

428 1459 548 1518 prius
575 1458 897 1501 affirmaverant
915 1490 925 1508 ,
948 1464 1185 1513 utrumque
1205 1455 1490 1498 deseruerint.
1520 1474 1539 1497 «
1562 1457 1655 1499 Hoc
1674 1465 1817 1499 autem

430 1538 574 1572 totum
602 1543 624 1571 a
654 1535 696 1569 te
729 1525 1064 1584 praetermissum
1093 1533 1170 1568 est.
1212 1528 1312 1568 Post
1339 1524 1459 1584 quod
1493 1534 1593 1568 sunt
1621 1525 1694 1569 illa
1721 1541 1820 1585 quae
1874 1575 1875 1585 1

430 1597 636 1658 posuisti,
660 1611 791 1656 quam
814 1610 915 1638 sane
937 1609 1054 1648 vera,
1077 1603 1121 1638 et
1143 1610 1273 1654 quam
1294 1594 1650 1654 inexpugnabilia
1666 1631 1675 1648 ‚
1702 1596 1820 1640 haud
1874 1610 1876 1640 a

432 1666 622 1713 difficilis
643 1668 724 1710 erit
742 1680 872 1724 opera
894 1665 1192 1724 comprobare.
1216 1668 1304 1710 Nec
1327 1680 1407 1724 ego
1430 1666 1562 1724 igitur
1577 1666 1818 1725 quidquam
1874 1675 1877 1727 Α,

429 1738 484 1781 de
512 1737 599 1780 tuis
631 1735 757 1779 dictis
781 1735 924 1777 minus
940 1768 950 1787 ,
978 1749 1057 1777 1166
1080 1742 1127 1777 111
1149 1733 1219 1777 vel
1240 1735 1430 1793 primum
1453 1744 1585 1794 caput
1600 1770 1610 1788 ,
1635 1735 1694 1779 ita
1722 1744 1772 1779 ut
1797 1751 1821 1779 a
1875 1750 1878 1792 4

431 1822 502 1850 me
532 1805 782 1850 ordinatum
812 1803 982 1857 fuerat,
1014 1803 1214 1847 retulisti.
1252 1804 1380 1857 Quod
1406 1804 1504 1850 ideo
1532 1804 1706 1850 inculco
1730 1840 1741 1861 ,
1766 1815 1816 1850 ut
1876 1799 1878 1841 {

433 1877 616 1935 gravitas
639 1875 763 1919 Poeni
788 1874 1005 1934 scriptoris
1027 1876 1260 1919 emineat.»

493 1950 784 1991 Auous‘rmus.
811 1946 896 1998 Qui
915 1945 1103 1988 delibris
1125 1946 1227 1999 tuis,
1254 1961 1354 2005 quae
1366 1946 1487 1990 volui
1510 1947 1729 2006 decerpta,
1750 1948 1819 1991 cui
1878 1934 1879 1973 f

431 2016 570 2061 voluit
593 2014 774 2072 legenda
797 2014 1030 2058 transmisit
1045 2048 1056 2068 ,
1080 2014 1171 2072 ipse
1196 2015 1316 2074 quod
1339 2016 1444 2059 mihi
1473 2016 1661 2074 imputas
1682 2016 1785 2061 fecit
1807 2037 1816 2062 :

433 2102 512 2130 nec
527 2085 644 2129 aliud
668 2086 796 2129 etiam
820 2094 860 2128 te
881 2084 1021 2143 ipsum
1039 2085 1234 2129 existimo
1256 2085 1447 2130 credere.
1469 2089 1620 2146 Neque
1637 2088 1754 2131 enim
1776 2089 1820 2132 in
1879 2107 1881 2130 ;

432 2155 584 2200 eodem
619 2154 730 2198 libro
754 2169 867 2208 meo,
889 2162 1039 2198 contra
1060 2169 1191 2213 quem
1214 2155 1341 2199 latras
1359 2190 1369 2209 ,
1387 2171 1476 2199 non
1498 2171 1594 2199 sum
1614 2156 1820 2216 praelocu-
1880 2151 1881 2170 ³

433 2235 519 2279 tus,
542 2225 613 2269 cui
633 2225 710 2268 sim
734 2224 943 2268 chartulae
962 2224 1221 2282 respondere
1249 2224 1499 2284 compulsus
1521 2246 1530 2270 z
1559 2226 1633 2270 sed
1663 2229 1820 2286 quaeris

434 2294 717 2341 conviciando
739 2293 848 2353 quid
869 2293 984 2337 dicas
1003 2329 1013 2347 ,
1039 2295 1227 2337 sentiens
1249 2304 1289 2338 te
1315 2296 1424 2338 nihil
1457 2296 1644 2340 validum
1676 2297 1820 2342 dicere

432 2365 709 2424 disputando.
735 2367 993 2424 Quanquam
1019 2373 1061 2407 et
1088 2365 1134 2407 in
1166 2365 1232 2408 his
1261 2366 1364 2409 meis
1387 2366 1558 2421 verbis,
1586 2383 1685 2426 quae
1718 2384 1819 2413 mox
1882 2387 1884 2405 2

434 2436 513 2480 tibi
545 2435 667 2495 quasi
690 2434 926 2477 refellenda
956 2435 1190 2493 proponiS,
1223 2435 1269 2478 id
1302 2435 1422 2494 quod
1459 2435 1557 2481 dico
1596 2436 1819 2482 advertere
1882 2421 1884 2449 ⁹

438 2505 616 2564 potuisti
645 2523 653 2549 ε
689 2519 777 2548 11011
806 2503 923 2547 6111111
953 2503 1142 2548 dicerem
1169 2523 1177 2548 ε
1203 2507 1300 2549 Νο11
1332 2515 1396 2549 est
1431 2506 1490 2550 ita
1524 2516 1575 2551 ut
1611 2507 1816 2567 loqueris,

437 2576 704 2635 quicumque
725 2575 805 2619 ista
821 2574 990 2632 dixisti3
1013 2574 1047 2619 si
1068 2583 1210 2619 certus
1231 2589 1364 2621 essem
1382 2584 1425 2620 te
1446 2576 1519 2622 illa
1540 2577 1709 2635 dixisse,
1730 2594 1818 2625 non
