1821 3264
235 311 378 340 OPERIS
410 312 585 340 IMPERF.
619 312 782 340 CONTRA
816 312 985 341 JULIAN.
1026 315 1108 342 LIB.
1146 316 1194 344 11.
1328 304 1412 345 347

89 378 381 420 Amusmws.
411 378 494 420 Diu
511 375 618 421 dicis
643 377 749 420 nihil
766 412 776 430 ‚
800 386 842 421 et
863 393 962 423 cum
984 380 1067 424 hoc
1090 380 1270 424 verbum
1292 396 1414 440 repe-

31 456 120 492 tere
141 447 354 491 destiteris
372 481 383 501 ‚
404 446 598 492 dicturus
621 462 664 490 es
682 447 804 491 nihil.
828 449 934 501 Quis
958 451 1074 494 enim
1100 466 1190 495 non
1212 460 1254 495 te
1276 452 1415 497 rideat

30 517 287 577 persuadere
327 527 586 572 conantem,
623 533 712 562 non
746 520 963 577 pertinere
987 521 1055 564 ad
1093 523 1415 578 generationem

29 587 148 647 quod
183 587 242 631 ait
271 587 502 646 Apostolus
534 606 543 632 :
587 605 607 628 «
643 591 724 632 Per
753 604 891 632 unum
926 589 1150 634 hominem
1187 601 1415 649 peccatum

32 676 53 702 n
78 658 257 702 intravit
278 659 324 702 in
346 659 564 703 mundum
590 661 600 682 ¹
621 677 666 715 3»
684 673 783 702 cum
802 660 892 718 ipse
912 660 1044 704 homo
1065 675 1154 705 non
1171 661 1224 705 sit
1245 662 1416 720 genitus

27 728 83 774 ab
105 727 236 787 alquo
253 762 264 782 ‚
286 727 341 771 de
364 744 452 788 quo
477 728 623 772 caeteri
646 729 925 787 gignerentur
949 750 960 786 3
982 728 1056 774 sed
1076 731 1293 789 pertinere
1314 732 1416 776 dici-

27 798 80 843 tis
98 798 154 842 ad
165 798 428 857 exemplum,
441 814 541 843 cum
559 798 804 857 exemplum
821 800 1002 858 peccati,
1022 800 1143 859 quod
1159 802 1416 860 posteriores

26 867 300 913 imitarentur
319 903 330 923 ,
353 884 444 913 non
465 868 635 912 intrarit
655 868 701 912 in
733 868 950 913 mundum
965 903 977 924 ,
1003 870 1083 914 nisi
1107 885 1184 929 per
1214 886 1315 915 eum
1340 872 1416 931 qui

27 937 196 982 nullum
239 937 451 983 imitando
498 939 710 996 peccavit.
755 939 925 983 Primus
968 955 1158 1000 namque
1198 942 1411 999 peccavit.

26 1011 155 1054 Hunc
176 1018 323 1054 autem
355 1025 444 1054 non
466 1009 608 1055 Adam
633 1045 644 1065 ,
664 1009 740 1054 sed
760 1009 984 1055 diabolum
1008 1025 1096 1055 esse
1111 1045 1122 1066 ,
1148 1012 1245 1070 quis
1267 1012 1416 1057 Chris-

25 1080 169 1125 tianus
185 1080 356 1139 ignorat
378 1082 397 1126 Ρ
419 1081 537 1134 Quid
557 1090 622 1126 est
642 1096 748 1140 ergo
769 1081 891 1142 quod
914 1090 956 1126 te
987 1081 1122 1137 libet,
1151 1082 1233 1126 nisi
1262 1091 1305 1127 et
1327 1097 1415 1127 non

25 1159 183 1205 tacere,
209 1160 253 1196 et
268 1151 377 1196 nihil
399 1151 578 1197 dicere?

83 1223 287 1266 XLVIII.
323 1224 551 1267 Jnnmus.
591 1241 612 1265 «
648 1223 845 1282 Denique
867 1222 911 1267 id
928 1223 1049 1283 quod
1065 1224 1155 1282 ipsa
1172 1223 1303 1268 verba
1325 1238 1415 1269 non

24 1291 345 1347 indicaverant,
371 1302 420 1337 tu
441 1293 645 1350 colligere
668 1294 1048 1352 argumentatione
1072 1302 1252 1338 conatus
1271 1328 1282 1348 ‚
1307 1294 1415 1338 sul)-

24 1361 89 1408 dis
111 1398 122 1417 ‚
155 1363 257 1423 quia
279 1364 313 1408 si
334 1364 389 1408 de
410 1365 653 1409 imitatione
674 1364 944 1425 loqueretur,
973 1365 1199 1410 diabolum
1222 1380 1415 1410 comme-

25 1448 193 1478 morare
231 1434 443 1479 debuerat
472 1435 582 1491 3sed
604 1435 707 1493 quia
740 1436 795 1479 de
829 1436 1107 1493 generatione
1128 1435 1333 1480 voluisset
1353 1435 1415 1479 in-

24 1503 185 1562 telligi,
209 1505 429 1550 hominem
452 1504 598 1549 dicere
619 1505 821 1549 maluisse
841 1540 851 1559 ‚
881 1520 1013 1564 quam
1035 1505 1280 1550 daemonem
1304 1525 1312 1550 :
1338 1508 1411 1549 In-

25 1583 200 1632 terrogo
237 1589 341 1634 ergo
363 1610 374 1629 ‚
397 1590 497 1634 quae
525 1574 659 1620 fuerit
689 1575 768 1619 tibi
797 1576 926 1634 hujus
956 1575 1171 1634 opinionis
1207 1575 1376 1620 occasio
1403 1593 1412 1620 ε

23 1644 130 1704 quid
161 1646 279 1689 enim
299 1648 318 1690 i>
339 1661 468 1704 negas
493 1656 542 1691 tu
573 1647 804 1692 hominum
837 1646 1079 1691 imitatione
1102 1646 1298 1706 delinqui
1319 1648 1338 1690 Ρ
1359 1648 1416 1690 Et

24 1713 127 1760 licet
160 1730 225 1759 res
248 1716 449 1761 absoluta
478 1718 798 1775 Scripturarum
833 1717 1108 1760 attestatione
1139 1731 1229 1761 non
1263 1725 1411 1774 egeat,

26 1793 172 1830 tamen
206 1785 310 1830 audi
339 1785 477 1831 David
504 1805 513 1830 :
553 1805 572 1828 «
604 1785 704 1831 Noli
734 1785 930 1829 aemulari
964 1785 1078 1830 inter
1109 1785 1413 1844 malignantes,

29 1873 50 1897 »
70 1871 215 1916 neque
231 1856 394 1902 zelatus
415 1857 549 1902 fueris
564 1855 769 1902 facientes
791 1856 1065 1916 iniquitatem
1085 1877 1095 1914 3
1114 1871 1169 1900 ne
1185 1854 1414 1900 aemulatus

29 1944 49 1969 »
67 1927 203 1971 fueris
225 1943 325 1971 eum
347 1929 422 1988 qui
447 1937 726 1987 prosperatur
745 1929 789 1971 in
811 1928 879 1972 via
897 1943 972 1972 sua
987 1931 1020 1970 ².
1040 1946 1060 1968 »
1080 1927 1246 1972 Deinde
1264 1941 1414 1971 omnes

27 1997 262 2056 Scripturae
291 1999 458 2043 Veteris
487 1998 751 2042 Testamenti
779 2007 1061 2042 commonent
1098 1997 1297 2042 Israelem
1316 2032 1327 2052 ,
1359 2013 1415 2041 ne

24 2067 154 2112 ritum
189 2067 386 2127 profanae
409 2068 549 2127 gentis
574 2069 785 2112 imitetur,
811 2070 920 2121 Quae
956 2068 1087 2127 igitur
1121 2068 1348 2113 necessitas
1369 2066 1415 2111 id

23 2137 235 2196 cogebat,
274 2147 324 2182 ut
349 2138 583 2197 Apostolus
603 2173 614 2193 ,
645 2138 679 2181 si
716 2138 1004 2182 imitationem
1039 2136 1169 2182 vellet
1196 2136 1412 2196 intelligi,

24 2206 250 2252 diabolum
275 2209 410 2267 magis
433 2223 566 2267 quam
602 2208 825 2252 hominem
856 2209 1122 2264 nominaret,
1147 2223 1245 2253 cum
1269 2217 1312 2252 et
1333 2208 1414 2252 ho-

25 2277 194 2323 minum
208 2288 251 2322 et
272 2277 434 2323 diaboli
449 2287 593 2323 nosset
612 2278 853 2323 imitatione
875 2277 1105 2337 delinqui?
1126 2282 1215 2322 Aut
1242 2292 1343 2336 ergo
1366 2287 1413 2322 tu

23 2348 162 2406 proba
181 2383 193 2404 ‚
218 2364 307 2394 non
330 2365 452 2409 posse
474 2350 701 2394 hominum
723 2349 964 2393 imitatione
998 2351 1164 2409 peccari
1186 2370 1196 2407 3
1222 2365 1302 2393 nec
1330 2350 1412 2394 hoc

25 2418 71 2465 in
107 2418 204 2478 lege
238 2421 405 2479 uspiam
449 2421 696 2474 contineri,
734 2429 778 2464 et
806 2420 866 2464 sic
894 2436 1032 2464 assere
1069 2420 1302 2479 suspicioni
1325 2429 1411 2465 tuae

25 2489 171 2536 locum
209 2500 407 2550 paratum
441 2512 453 2550 3
488 2500 563 2536 aut
599 2500 715 2536 certe
749 2492 782 2534 si
825 2490 1104 2536 manifestum
1143 2501 1205 2535 est
1231 2525 1242 2546 ,
1290 2491 1411 2535 nulla

26 2561 161 2619 magis
188 2577 234 2605 re
268 2578 401 2622 quam
432 2562 673 2608 imitatione
710 2563 913 2609 vitiorum
956 2561 1184 2608 invaluisse
1218 2571 1406 2621 peccata,
1459 2559 1466 2565 “

77 2655 86 2668 ¹
107 2649 198 2679 Rom.
217 2657 248 2685 v,
274 2656 324 2680 12.
338 2664 376 2671 -
393 2653 406 2669 ²
427 2647 508 2680 Psal.
528 2657 634 2684 xxxvi,
659 2658 687 2679 1.
