1821 3264
0 0 24 68 Ἰ

9 634 13 647 1

18 72 23 142 i

16 154 20 220 ἕ

281 269 424 295 OPERIS
457 268 632 295 IMPERF.
667 268 831 296 CONTRA
863 267 1032 298 JULIAN.
1070 270 1151 297 LIB.
1188 270 1218 296 1.
1361 256 1444 296 293

14 329 15 339 ¹
59 342 125 378 ter
151 332 290 377 malus
320 342 415 377 est:
440 333 516 377 sed
554 332 820 394 quicumque
852 350 949 379 reus
984 344 1082 390 est,
1114 334 1325 389 moribus,
1356 348 1447 378 non
1479 324 1486 329 ⁴

59 403 245 449 exordiis
259 413 531 448 accusatur.»

116 478 406 520 Auens-rmus.
449 494 468 516 «
496 476 584 520 Cur
605 490 708 534 ergo
732 491 859 534 grave
896 478 1052 537 jugum
1098 492 1228 536 super
1267 475 1444 521 exordia

10 556 14 598 ξ
59 546 338 607 parvulorum
361 546 442 591 sub
461 549 549 590 Deo
571 547 870 605 potentissimo
888 557 1019 607 atque
1038 548 1276 607 justissimo
1295 550 1313 592 Ρ

115 619 321 663 CXXIII.
358 620 583 661 JumAnus.
615 636 634 658 «
652 619 739 663 Nec
779 618 943 662 malum
969 618 1117 678 itaque
1140 617 1337 661 naturale
1360 626 1447 672 est,

57 703 136 733 nec
171 691 284 732 Deus
313 703 456 732 creare
489 703 582 732 reos
621 697 787 747 potest,
811 705 890 733 nec
911 689 957 732 in
982 704 1115 747 regno
1135 687 1299 732 diaboli
1316 686 1449 731 collo-

0 763 10 810 Ἰᾗ
57 774 167 803 care.
194 758 363 812 Quibus
395 758 586 803 collectis
616 767 659 802 et
687 768 734 802 tu
768 760 1037 804 Manichacus
1060 795 1070 812 ,
1096 760 1184 803 imo
1206 758 1451 803 Maniehaeo

57 832 180 890 pejor
201 830 438 874 ostenderis
461 849 468 874 :
490 839 532 874 et
555 829 645 873 sine
663 840 842 888 peccato
864 831 909 874 iu
927 831 1045 875 hunc
1067 831 1284 874 mundum
1300 830 1454 873 huma-

59 901 203 945 nitatis
226 901 442 959 ingressus
465 936 476 954 ,
507 910 550 944 et
583 902 664 944 sub
683 902 780 960 jure
817 903 920 954 Dei,
948 917 1039 946 non
1061 901 1250 955 diaboli,
1285 899 1453 945 fructus

58 971 374 1027 foecunditatis,
401 981 444 1016 et
465 972 674 1017 naturalis
706 972 954 1016 innocentia
976 971 1274 1016 claruerunt.»

116 1047 408 1088 Auensmnus.
451 1045 568 1101 Ergo
604 1053 646 1087 et
684 1044 968 1099 Ambrosius,
1004 1045 1081 1104 qui
1116 1042 1225 1087 dixit
1254 1063 1262 1088 ;
1294 1045 1345 1086 In
1367 1042 1457 1102 pri-

59 1114 222 1160 mordia
255 1124 425 1158 naturae
461 1130 550 1158 suae
571 1149 582 1170 ,
613 1113 686 1174 qui
725 1115 933 1173 baptizati
961 1115 1125 1160 fuerint
1158 1113 1326 1174 parvuli
1355 1116 1398 1169 ¹,
1436 1130 1458 1157 a

58 1185 223 1230 malitia
257 1185 551 1230 reformantur
576 1220 586 1240 ,
624 1185 920 1242 Manichaeus,
958 1196 1031 1230 aut
1063 1186 1306 1231 Manichaeo
1336 1185 1458 1244 pejor

57 1257 317 1311 ostenditur,
339 1258 450 1301 sicut
471 1257 746 1311 conviciaris,
767 1266 842 1301 aut
855 1256 977 1301 furis.

114 1328 314 1371 CXXIV.
338 1329 569 1371 JULIANUS.
603 1347 621 1369 «
656 1330 750 1372 Hoc
768 1328 898 1385 igitur
919 1328 1200 1386 consignato,
1227 1327 1336 1387 quid
1355 1340 1459 1386 pro—

24 1412 223 1442 ·cessum
254 1407 382 1442 tuum
420 1408 716 1458 consequatur
752 1399 944 1442 attende.
991 1399 1257 1457 Prophetas,
1301 1406 1344 1441 et
1377 1400 1458 1441 Pa·-

57 1469 264 1512 triarchas
282 1503 293 1523 ,
334 1483 573 1528 omnesque
608 1478 779 1513 sanctos
803 1470 971 1513 Veteris
997 1469 1261 1513 Testamenti
1289 1475 1459 1512 constat

57 1540 325 1599 baptismatis
357 1549 552 1599 expertes
572 1538 729 1594 fuisse,
769 1539 843 1583 sed
876 1555 898 1583 a
922 1542 1012 1583 Deo
1036 1539 1236 1584 conditos
1271 1537 1456 1597 propriis

59 1609 262 1670 deinceps
284 1608 450 1654 fulsisse
474 1610 709 1654 virtutibus
736 1629 744 1653 :
771 1609 852 1653 sub
875 1609 1038 1654 diaboli
1052 1624 1152 1668 ergo
1170 1625 1322 1669 regno,
1347 1623 1456 1652 con-

58 1690 122 1725 tra
144 1680 442 1724 testimonium
472 1680 576 1738 legis
598 1716 608 1736 ,
640 1695 728 1723 esse
764 1680 998 1724 credentur
1027 1681 1198 1724 aeternis
1231 1679 1456 1739 suppliciis

59 1750 337 1810 mancipandi
365 1771 373 1795 ς
400 1751 499 1810 quia
531 1765 582 1794 ex
599 1750 738 1794 Adam
764 1765 912 1794 omnes
935 1751 1278 1810 pronuntiantur
1300 1766 1322 1794 a
1346 1758 1388 1793 te
1409 1749 1456 1792 in

56 1821 466 1866 condemnationem
482 1821 628 1865 creati.
662 1839 682 1861 »

118 1898 410 1937 Aucuswmus.
458 1894 515 1935 Et
555 1891 670 1949 ipsos
705 1891 908 1950 antiquos
947 1892 1086 1950 justos
1125 1889 1277 1934 eadem
1318 1889 1456 1948 gratia

59 1963 274 2019 liberavit,
304 1963 375 2007 cui
398 1978 474 2007 vos
504 1962 671 2006 bellum
700 1961 913 2006 indixistis
936 1982 944 2006 :
970 1963 1168 2022 quamvis
1190 1961 1367 2006 diversis
1390 1961 1456 2005 usi

60 2033 222 2078 fuerint
239 2049 316 2093 pro
333 2043 527 2092 tempore
544 2033 837 2077 sacramentis.
851 2033 1066 2086 Quoniam
1086 2033 1204 2092 quod
1219 2031 1274 2075 de
1289 2032 1457 2075 Christo

58 2106 274 2149 credimus
294 2140 304 2159 ‚
325 2106 409 2149 hoc
431 2104 682 2149 credebant.
714 2106 834 2147 Unus
858 2103 972 2147 enim
994 2107 1129 2157 Deus,
1159 2119 1270 2148 unus
1291 2112 1333 2146 et
1360 2119 1454 2147 me-

58 2177 199 2220 diator
224 2178 297 2220 Dei
321 2185 363 2219 et
385 2176 614 2219 hominum
645 2176 777 2218 horno
799 2175 996 2219 Christus
1027 2177 1152 2219 Jesus
1178 2195 1186 2220 :
1219 2176 1342 2234 cujus
1371 2174 1454 2218 illis

59 2248 376 2306 praenuntiatus
397 2255 476 2301 est,
498 2246 624 2290 nobis
644 2254 789 2289 autem
809 2246 1094 2290 annuntiatus
1113 2255 1176 2290 cst
1198 2245 1457 2289 humilitatis

61 2318 273 2362 adventus
299 2338 309 2375 3
335 2317 540 2361 claritatis
568 2331 670 2359 vero
692 2316 768 2375 qui
801 2316 847 2359 in
869 2316 956 2359 fine
994 2315 1170 2360 futurus
1192 2325 1281 2370 est,
1307 2325 1349 2359 et
1374 2314 1456 2359 illis

61 2398 126 2433 est
160 2388 478 2448 praenuntiatus
500 2396 543 2431 et
565 2387 707 2431 nobis.
735 2389 791 2430 Et
818 2386 997 2431 illorum
1021 2402 1122 2445 ergo
1156 2396 1199 2431 et
1233 2396 1379 2430 nostra
1412 2386 1457 2429 in

61 2461 142 2504 isto
164 2475 253 2504 uno
269 2459 507 2504 mediatore
537 2475 623 2502 una
646 2458 753 2503 fides
772 2469 856 2514 est,
878 2468 920 2502 et
948 2459 1061 2502 idem
1084 2459 1267 2518 Spiritus
1284 2456 1384 2501 fidei
1413 2466 1456 2501 et

65 2532 109 2574 in
129 2529 212 2574 illis
235 2540 278 2574 et
307 2531 354 2573 in
376 2530 502 2575 nobis
539 2549 547 2573 :
586 2529 702 2573 unde
735 2530 841 2573 dicit
870 2528 1107 2587 Apostolus
1136 2549 1144 2573 :
1182 2549 1201 2570 e<
1235 2529 1472 2573 Habentes·

116 2622 123 2636 ¹
143 2614 289 2648 Ambros.
310 2614 366 2646 lib.
387 2627 398 2646 1
416 2614 447 2646 in
465 2616 541 2646 Luc.
563 2624 636 2656 cap.
652 2624 676 2654 ι,
696 2623 728 2644 v.
753 2623 804 2653 17,
826 2624 856 2643 n.
879 2612 932 2653 34.
