1884 3285
1835 0 1843 40 -ι-ηιι

443 271 496 308 76
871 276 902 304 ς.
941 278 1168 305 auersum
1202 277 1383 303 Eiuscom

443 344 642 402 gentibus
664 350 894 402 antequam
918 341 1102 386 venisset
1119 342 1166 385 in
1187 356 1329 386 carne.
1351 343 1461 385 Cum
1482 340 1597 384 enim
1618 341 1819 387 nonnulli

440 423 836 460 commemorantur
862 414 906 457 in
932 414 1086 457 sanctis
1112 411 1496 467 Hebraicis‘libris,
1517 413 1607 472 jam
1638 427 1689 456 ex
1710 421 1821 458 tem-

438 500 542 545 pore
573 485 775 539 Abrahae,
806 500 886 528 nec
920 484 973 528 de
998 485 1129 543 stirpe
1160 483 1298 527 carnis
1325 484 1429 542 ejus,
1469 497 1549 526 nec
1579 498 1630 526 ex
1656 482 1820 542 populo

439 554 595 609 Israel,
625 570 705 599 nec
733 571 784 599 ex
816 555 1049 599 adventitia
1081 555 1283 598 societate
1309 555 1354 597 in
1382 552 1545 613 populo
1574 553 1720 609 Israel,
1745 550 1852 626 quiQ

439 635 584 670 tamen
608 626 735 685 hujus
758 625 1011 670 sacramenti
1035 625 1262 684 participes
1286 624 1493 668 fuerunt:
1513 639 1591 668 cur
1614 639 1703 668 non
1725 639 1821 668 cre·
1847 611 1854 715 Q

439 696 592 740 damus
610 696 736 739 etiam
755 697 800 739 in
824 695 988 740 caeteris
1005 696 1087 739 hac
1106 704 1234 755 atque
1250 694 1348 739 illac
1372 694 1574 754 gentibus
1594 694 1695 738 alias
1718 679 1854 739 alios
1849 725 1859 744 .,

439 765 584 820 fuisse,
610 766 806 825 quamvis
829 780 900 809 eos
922 775 1279 810 commemoratos
1301 766 1346 809 in
1368 764 1527 809 eisdem
1552 765 1855 823 auctoritati-¹
1851 791 1854 796 ·

438 836 520 881 bus
542 852 634 880 non*
652 837 875 896 legamus?
897 840 958 881 Ita
983 837 1095 881 salus
1118 837 1333 895 religionis
1355 838 1484 897 hujus
1506 852 1583 896 per
1603 852 1736 897 quam
1753 852 1822 882 so-
1851 805 1858 892 Q

437 908 522 952 lam
544 923 689 952 veram
712 908 824 952 salus
849 924 949 952 vera
969 909 1263 969 veraciterque
1284 909 1575 968 promittitur,
1602 907 1713 952 nulli
1735 924 1822 952 un·-
1853 909 1858 959 ξ

438 995 569 1038 quam
599 978 738 1024 defuit
769 982 842 1040 qui
875 980 1028 1039 dignus
1054 979 1164 1037 fuit3
1191 990 1233 1024 et
1262 981 1331 1024 cui
1362 979 1516 1035 defuit,
1545 979 1703 1039 dignus
1731 995 1822 1025 non
1854 967 1861 1051 Q

439 1048 535 1093 fuit.
571 1052 627 1093 Et
654 1050 708 1093 ab
736 1050 912 1094 exordio
946 1051 1266 1110 propagationis
1295 1051 1499 1094 humanae
1526 1066 1666 1110 usque
1689 1050 1732 1093 in
1767 1051 1821 1093 fi-
1856 1057 1862 1117 Q

437 1134 563 1174 nem,
595 1120 854 1179 quibusdam
882 1120 936 1164 ad
960 1121 1214 1180 praemium,
1241 1119 1504 1180 quibusdam
1533 1121 1587 1163 ad
1605 1120 1822 1179 judicium
1857 1129 1862 1176 Q

436 1190 710 1249 praedicatur.
737 1195 797 1234 Ac
821 1206 897 1250 per
909 1192 992 1235 hoc
1015 1200 1057 1234 et
1071 1192 1230 1250 quibus
1254 1191 1433 1234 omnino
1456 1190 1712 1235 annuntiata
1733 1206 1824 1236 non
1858 1180 1867 1251 Q

436 1269 515 1313 est,
541 1276 627 1303 non
652 1259 857 1304 credituri
882 1261 1247 1319 praesciebantur3
1273 1270 1315 1304 et
1337 1261 1496 1320 quibus
1518 1276 1606 1305 non
1629 1260 1823 1306 creditu·
1859 1259 1864 1332 Q

436 1331 491 1373 ris
515 1340 662 1374 tamen
691 1331 945 1375 annuntiata
975 1340 1053 1385 est,
1082 1332 1127 1374 in
1151 1330 1325 1375 illorum
1349 1331 1594 1390 exemplum
1616 1330 1821 1376 demons-
1860 1336 1869 1531 Q

437 1403 811 1460 tranturzquibus
842 1411 986 1446 autem
1023 1401 1249 1446 credituris
1281 1402 1582 1457 annuntiatur,
1618 1402 1663 1445 hi
1690 1416 1823 1461 regno
1869 1432 1871 1434 -

436 1470 645 1515 coelorum
682 1481 724 1516 et
757 1481 1004 1516 sanctorum
1035 1471 1301 1530 Angelorum
1342 1473 1535 1517 societati
1571 1487 1825 1532 praeparan-
1872 1501 1873 1505 =

437 1551 521 1586 tur.
547 1561 567 1583 n
1864 1596 1884 1612 ,⁷

494 1615 659 1656 XVIII.
680 1614 961 1668 Cernitis-ne,
987 1629 1056 1657 me
1078 1614 1169 1658 sine
1189 1613 1441 1674 praejudicio
1463 1613 1635 1658 latentis
1657 1615 1825 1659 consilii
1864 1607 1884 1658 ’Ἰ

435 1684 511 1726 Dei
535 1683 804 1744 aliarumque
828 1699 1075 1738 causarum,
1101 1686 1183 1728 hoc
1206 1684 1261 1728 de
1285 1684 1551 1743 praescientia
1573 1685 1732 1729 Christi
1755 1686 1824 1728 di-

435 1768 531 1797 cere
553 1754 738 1799 voluisse
754 1790 764 1809 ‚
791 1756 911 1814 quod
932 1755 1242 1800 convincendae
1266 1759 1539 1813 Paganorum
1560 1755 1820 1811 infidelitati,

433 1824 509 1882 qui
545 1824 656 1868 hanc
693 1825 942 1884 objecerant
981 1826 1295 1885 quaestionem,
1337 1827 1536 1870 sufficere
1568 1826 1824 1871 videretur?

433 1893 549 1945 Quid
584 1896 697 1938 enim
727 1904 791 1939 est
819 1896 976 1950 verius,
1009 1911 1141 1955 quam
1171 1897 1388 1954 praescisse
1418 1896 1656 1951 Christum,
1677 1897 1754 1956 qui
1780 1907 1824 1943 et
1869 1923 1874 1959 Q

433 1964 609 2022 quando
642 1974 684 2008 et
721 1966 879 2025 quibus
911 1966 1015 2010 locis
1052 1967 1097 2009 in
1131 1981 1230 2009 eum
1269 1968 1441 2011 fuerant
1470 1966 1707 2012 credituri?
1739 1968 1823 2013 Sed
1870 1968 1884 2031 Q

433 2041 580 2076 utrum
614 2035 850 2093 praedicato
883 2035 964 2078 sibi
997 2035 1168 2080 Christo
1198 2052 1220 2079 a
1254 2051 1298 2080 se
1327 2037 1427 2094 ipsis
1459 2037 1654 2081 habituri
1682 2047 1822 2083 essent
1870 2034 1884 2147 Q

434 2101 581 2156 fidem,
608 2118 662 2147 an
686 2106 774 2148 Deo
797 2103 988 2148 donante
1010 2107 1255 2164 sumpturi,
1280 2106 1324 2150 id
1348 2116 1425 2162 est,
1452 2116 1601 2151 utrum
1623 2117 1820 2152 tantum-
1881 2139 1884 2146 ·

432 2172 563 2217 modo
581 2188 652 2217 eos
670 2174 924 2231 praescierit3
946 2190 999 2218 an
1016 2176 1144 2218 etiam
1159 2176 1531 2234 praedestinaverit
1548 2180 1678 2232 Deus,
1699 2194 1821 2238 quae·
1872 2150 1880 2237 Q

429 2257 521 2286 rere
536 2253 665 2303 atque
683 2243 888 2288 disserere
907 2254 1010 2289 tunc
1028 2248 1315 2290 necessarium
1332 2263 1420 2291 non
1437 2248 1601 2306 putavi.
1625 2249 1819 2294 Proinde
1874 2239 1884 2283 Q

431 2312 548 2372 quod
569 2313 681 2357 dixi:
701 2332 721 2356 «
735 2317 855 2358 Tunc
875 2313 1059 2359 voluisse
1081 2316 1329 2360 hominibus
1352 2332 1556 2375 apparere
1574 2318 1816 2375 Christum,

436 2399 456 2422 »
484 2391 525 2425 et
548 2383 665 2441 apud
690 2398 760 2427 eos
783 2383 1006 2442 praedicari
1029 2386 1270 2430 doctrinam
1295 2401 1433 2441 suam,
1462 2387 1638 2446 quando
1661 2388 1820 2433 sciebat

436 2470 456 2493 »
482 2462 525 2496 et
546 2453 622 2496 ubi
643 2453 805 2497 sciebat
828 2469 917 2498 esse
939 2455 1015 2514 qui
1037 2455 1083 2498 in
1108 2471 1205 2499 eum
1230 2456 1403 2500 fuerant
1425 2456 1632 2501 credituri
1657 2476 1665 2502 ι
1689 2476 1709 2499 »
1736 2473 1818 2517 po-

433 2531 518 2567 test
548 2524 676 2567 etiam
711 2524 770 2568 sic
800 2525 886 2569 dici
906 2560 917 2580 ,
956 2528 1077 2570 Tunc
1109 2526 1294 2571 voluisse
1326 2526 1576 2571 hominibus
1611 2542 1818 2587 apparere

434 2593 673 2649 Christum,
694 2603 736 2639 et
754 2594 872 2654 apud
891 2610 962 2641 eos
979 2595 1203 2656 praedicari
1221 2596 1463 2642 doctrinam
1481 2611 1618 2654 suam‚
1640 2597 1815 2657 quando
1877 2584 1884 2679 Q

1883 3082 1884 3114 Q
