1821 3264
249 244 393 271 ornms
426 243 600 270 IMPERF.
636 241 798 271 CONTRA
826 242 994 272 JULIAN.
1031 245 1112 272 Lm.
1150 247 1179 271 1.
1325 235 1407 273 237

31 317 223 366 vocaret,
249 319 345 368 post
365 309 454 354 duo
484 309 624 368 capita
642 309 821 353 fortasse
845 311 1090 370 subjungit,
1115 329 1135 352 «
1161 312 1270 355 Cum
1295 325 1409 355 esse-

0 390 1 407 ³
33 398 52 422 »
76 393 171 423 mus
187 379 232 422 in
253 395 403 434 carne,
430 380 646 438 passiones
668 389 942 438 peccatorum
967 396 1066 440 quae
1083 395 1159 439 per
1181 380 1317 439 legem
1338 395 1408 425 os-

31 467 51 492 »
78 449 336 505 tenduntur,
362 451 653 509 operabantur
676 451 720 493 in
749 451 951 494 membris
972 451 1142 505 nostris,
1164 461 1214 495 ut
1231 450 1409 495 fruetifi-

33 539 52 563 »
77 530 225 565 carent
238 521 368 565 morti
383 524 412 564 ¹.
446 541 461 561 2>
494 522 561 566 Sic
579 520 705 575 dixit,
725 522 834 565 Cum
857 536 1043 565 essemus
1062 521 1107 565 in
1123 538 1266 575 carne,
1288 523 1409 581 quasi

30 605 81 635 eo
96 599 292 650 tempore
312 607 413 636 cum
436 591 699 651 disputaret,
725 591 769 634 in
797 606 925 635 carne
956 607 1044 636 non
1066 601 1174 636 esset
1202 612 1211 636 ε
1242 592 1317 636 sed
1333 593 1410 651 qui

30 661 270 720 Scripturas
291 663 429 718 novit,
458 676 593 721 genus
614 662 697 705 hoc
720 662 977 706 elocutionis
1000 663 1206 720 agnoscit.
1234 665 1290 706 Et
1311 663 1411 706 ideo

28 731 345 776 ubiverborum
363 732 652 778 communitas
674 733 832 791 ingerit
846 733 1128 791 quaestionem
1152 730 1411 776 adhibeatur

27 802 173 860 regula
189 803 381 859 rationis,
401 804 455 849 ad
473 805 594 864 cujus
613 804 920 863 aequalitatem,
937 820 1036 864 quae
1056 805 1325 864 putabantur
1338 803 1411 848 de-

26 871 208 928 flexisse,
229 875 480 919 tendantur.
502 877 717 921 Caeterum
736 877 920 918 Faustus
942 876 1281 920 Manichaeorum
1297 875 1410 933 epis-

26 957 158 1001 copus
175 978 185 998 ,
211 954 452 1003 praeceptor
489 955 614 999 tuUS,
639 945 723 989 hoc
756 943 825 988 vel
849 946 1028 988 maxime
1060 945 1253 1004 Apostoli
1287 945 1409 988 testi-

26 1014 174 1057 monio
215 1023 365 1059 contra
406 1031 484 1060 nos
511 1015 686 1070 nititur,
721 1015 868 1059 dicens
890 1016 944 1058 ab
978 1030 1029 1060 eo
1064 1015 1172 1059 nihil
1200 1014 1319 1059 aliud
1344 1014 1409 1057 his

23 1084 318 1139 sermonibus,
358 1086 464 1144 legis
500 1085 699 1130 videlicet
738 1102 836 1146 quae
872 1100 1115 1144 repugnans
1153 1084 1331 1130 consilio
1364 1085 1410 1127 in

23 1154 228 1198 membris
250 1156 435 1210 habitet,
462 1172 591 1216 quam
616 1166 814 1200 naturam
832 1155 994 1199 malum
1009 1156 1167 1199 malam
1189 1155 1407 1214 significa-

23 1233 111 1268 tam
129 1223 274 1270 fuisse.
307 1226 432 1271 Unde
455 1227 563 1271 nihil
589 1227 731 1271 minus
753 1243 776 1271 a
799 1236 842 1270 te
864 1227 956 1270 fieri
979 1226 1158 1281 debuit,
1184 1241 1314 1285 quam
1338 1226 1410 1269 hic

23 1294 143 1339 locus
165 1295 225 1339 sic
247 1296 453 1355 intelligi,
480 1296 702 1356 quomodo
733 1298 787 1341 ab
810 1296 893 1341 illis
922 1297 1176 1355 exponitur,
1203 1312 1281 1350 ne,
1307 1311 1407 1340 cum

23 1379 98 1424 per
133 1365 303 1410 easdem
325 1366 478 1420 lineas,
505 1383 610 1426 quas
640 1371 824 1411 Faustus
854 1368 1004 1421 torsit,
1030 1365 1282 1424 ingrederis,
1319 1381 1408 1411 non

21 1436 280 1495 disputasse,
306 1436 381 1481 sed
403 1439 619 1496 praeterita
643 1437 878 1481 reddidisse
899 1437 1098 1481 videaris.
1130 1455 1149 1478 n

79 1510 371 1552 Amrszrmtzs.
389 1507 667 1567 Respondeat
684 1508 786 1562 tibi,
814 1523 902 1552 non
923 1511 1107 1552 Faustus
1121 1508 1405 1561 Manichacus,

22 1575 95 1620 sed
111 1577 349 1622 catholicus
365 1577 520 1624 doctus
540 1578 780 1638 doctorque
801 1578 1031 1635 Gregorius
1059 1597 1067 1621 ι
1093 1578 1169 1637 qui
1192 1593 1281 1622 non
1302 1598 1315 1617 «
1336 1578 1408 1620 in-

21 1658 86 1690 ter
123 1648 358 1707 principia,
398 1658 448 1692 ut
483 1648 590 1692 dicis
628 1648 941 1693 emendationis
961 1683 970 1702 ,
1013 1648 1058 1690 in
1099 1648 1305 1691 membris
1345 1647 1408 1691 le-

23 1732 117 1776 gem
142 1734 219 1778 per
235 1720 498 1778 flagitiorum
518 1736 643 1764 usum
668 1720 823 1764 sanctis
845 1719 1031 1764 consiliis
1051 1719 1280 1772 rebellem,
1299 1733 1406 1763 con-

22 1789 292 1834 suetudinem
341 1791 500 1835 malam
545 1792 752 1846 vocabat,
804 1807 903 1850 quae
952 1791 1005 1834 ab
1058 1790 1236 1834 eruditis
1279 1791 1408 1834 etiam

22 1858 127 1904 dicit
147 1861 256 1906 solet
284 1862 474 1906 secunda
503 1871 657 1906 natura
687 1881 695 1906 :
725 1880 743 1902 »
776 1861 850 1905 sed
872 1862 1011 1918 legem
1035 1861 1199 1919 peccati
1222 1875 1321 1919 quae
1344 1868 1408 1903 est

21 1929 66 1973 in
93 1933 301 1977 membris
323 1933 478 1978 nostris
502 1947 745 1992 repugnans
767 1931 853 1991 legi
883 1932 1039 1976 mentis
1056 1966 1066 1986 ,
1099 1929 1271 1975 mortali
1303 1930 1406 1974 huic

22 2009 282 2063 terrenoque
308 2005 479 2063 corpori
508 2013 656 2049 nostro
684 2002 812 2063 plane
838 2011 1072 2062 aperteque
1103 2002 1322 2046 tribuebat
1344 1999 1405 2043 di-

21 2076 146 2117 cens²
172 2091 181 2117 ε
213 2077 409 2133 «Legem
431 2075 597 2133 peccati
620 2090 719 2134 quae
744 2083 806 2117 est
827 2074 872 2116 in
897 2072 1102 2116 membris
1125 2071 1296 2125 nostris,
1322 2070 1404 2127 legi

19 2142 195 2200 spiritus
215 2158 482 2202 repugnare,
509 2145 615 2188 dum
640 2144 874 2202 imaginem
894 2144 1052 2201 regiam
1076 2158 1175 2203 quae
1192 2143 1304 2186 intra
1326 2155 1405 2185 nos

21 2221 98 2268 est,
126 2214 341 2273 captivam
365 2214 524 2259 ducere
549 2215 720 2271 studet,
746 2223 794 2257 ut
814 2213 958 2273 spoliis
984 2215 1073 2273 ejus
1095 2213 1241 2264 cedat,
1274 2212 1405 2271 quid-

21 2283 127 2342 quid
144 2283 255 2329 illud
272 2295 336 2330 est
357 2285 476 2346 quod
506 2286 550 2328 in
568 2301 646 2328 nos
683 2284 892 2328 beneficio
913 2284 1071 2328 divinae
1101 2300 1148 2328 ac
1179 2283 1330 2342 primae
1352 2281 1404 2325 il-

20 2352 102 2398 lius
118 2355 378 2401 conditionis
395 2357 586 2400 influxit.
615 2356 739 2400 Unde
760 2355 831 2398 vix
855 2354 1024 2414 aliquis,
1046 2354 1202 2413 inquit,
1226 2352 1404 2397 fortasse

21 2422 147 2483 longa
171 2441 214 2470 se
236 2436 279 2471 et
303 2427 496 2472 districta
521 2442 672 2485 regens
700 2425 993 2485 philosophia,
1021 2434 1063 2468 et
1085 2423 1294 2483 paulatim
1316 2421 1403 2465 ani-

22 2508 103 2538 mae
141 2511 230 2540 suae
258 2496 533 2541 nobilitatem
569 2496 783 2550 recolens,
820 2505 1020 2539 naturam
1053 2494 1185 2547 lucis,
1217 2507 1316 2552 quae
1357 2491 1402 2534 in

69 2587 77 2603 ¹
97 2582 187 2613 Rom.
209 2592 266 2624 vn,
286 2583 318 2615 5.
338 2599 375 2606 --
393 2589 404 2605 ²
425 2585 554 2625 Gregor.
570 2582 704 2615 Nazianz
735 2581 863 2623 Apolog.
884 2591 894 2612 1
911 2580 951 2612 de
969 2582 1049 2621 Fuga
1068 2590 1133 2611 sua.
