1821 3264
260 229 403 256 omnus
435 228 612 257 IMPERF.
647 229 812 256 CONTRA
845 226 1015 256 JULlAN.
1053 230 1135 256 ΜΒ.
1173 230 1201 255 1.
1343 216 1425 255 287

43 299 190 336 tamen
201 291 436 338 voluntatis
452 293 656 352 degeneri
669 291 891 338 deditione
903 302 1143 353 superatus,
1165 295 1202 337 Α
1223 301 1265 338 te
1282 301 1428 337 autem

43 362 240 421 usurpari
266 378 355 408 non
377 363 561 419 debuit,
585 362 654 407 cui
679 363 957 407 vehementer
986 372 1226 422 repugnat,
1254 378 1430 423 persua—

43 431 163 477 denti
189 433 234 477 in
258 449 393 494 regno
415 433 577 479 diaboli
595 449 684 478 esse
705 444 929 479 nascentes
944 469 954 489 ‚
982 434 1058 494 qui
1085 435 1174 478 sine
1202 433 1429 480 voluntate

42 503 214 562 propria
231 519 312 549 nec
328 504 445 549 vinci
462 505 629 565 utique,
655 519 735 549 nec
754 520 928 562 peccare
952 513 1206 564 potuerunt.
1227 523 1246 545 »

101 575 393 619 Amusmus.
420 577 537 627 Quos
566 574 672 619 dicis
705 583 930 619 nascentes
960 590 1039 618 nec
1068 574 1206 629 vinci,
1231 590 1310 619 nec
1333 590 1428 618 cer-

41 652 132 688 tare
165 645 355 704 potuisse
389 645 444 689 ab
474 644 550 689 illo
584 645 792 703 originem
833 644 1002 689 ducunt
1019 679 1030 700 ,
1065 645 1111 688 in
1155 660 1243 704 quo
1280 660 1429 688 ornnes

40 725 359 775 peccaverunt:
389 717 465 777 qui
493 717 646 771 homo,
673 716 792 775 quod
816 725 879 761 est
901 717 1047 776 pejus,
1080 716 1171 760 sine
1194 715 1429 761 certamine

39 786 180 832 victus
208 797 286 833 est.
322 788 424 832 Fuit
448 787 563 832 enim
586 786 725 831 Adam
746 822 757 842 ,
783 796 828 831 et
850 788 895 831 in
919 787 994 832 illo
1017 786 1180 831 fuimus
1212 802 1361 832 omnes
1381 789 1393 813 ¹
1419 805 1427 831 :

39 859 167 918 periit
189 859 328 904 Adam
348 895 359 914 ,
386 870 429 904 et
450 860 494 904 in
517 858 592 904 illo
614 874 763 904 omnes
786 859 1025 919 perierunt.
1054 860 1189 904 Sinite
1219 874 1319 918 ergo
1339 874 1431 918 par·

38 929 161 974 vulos
182 930 369 976 inveniri
389 930 445 975 ab
466 946 537 986 eo,
561 930 638 991 qui
660 930 780 975 venit
803 945 1000 990 quaerere
1026 929 1147 990 quod
1171 929 1357 989 perierat
1380 932 1397 954 ²
1419 947 1428 972 ε

37 1000 232 1063 alioquin
267 1001 545 1047 liberatorem
581 1004 730 1046 Jesum
750 1037 761 1057 ‚
800 1001 1010 1062 quoniam
1045 1010 1089 1045 et
1120 1001 1203 1060 ipsi
1232 1000 1431 1044 homines

35 1082 156 1127 sunt,
172 1089 348 1134 prorsus
371 1073 625 1119 hominibus
647 1073 872 1129 invidetis,
897 1081 1256 1133 quantacumque
1282 1071 1432 1131 loqua-

36 1142 167 1188 citate
199 1143 503 1189 crudelitatem
534 1144 665 1189 vestri
686 1144 816 1204 hujus
841 1144 994 1188 erroris
1023 1141 1316 1203 obtegendam
1340 1157 1431 1186 esse

36 1213 238 1260 credatis.

94 1287 259 1332 CXIII.
285 1289 309 1330 J
316 1302 512 1332 nmmos.
548 1305 568 1328 «
589 1286 718 1340 Quod
745 1285 925 1347 quidem
946 1285 1097 1331 videns
1119 1294 1270 1330 contra
1292 1293 1333 1329 te
1356 1300 1431 1328 va-

34 1355 122 1401 lere
144 1357 383 1418 plurimum
401 1393 412 1413 ,
444 1358 568 1418 quasi
586 1360 683 1418 *ipso
718 1357 966 1402 testimonio
996 1357 1285 1415 interrogatus
1314 1375 1322 1400 ;
1349 1359 1432 1399 Per

34 1427 145 1488 quid
166 1444 268 1489 ergo
291 1429 461 1489 parvuli
490 1430 536 1473 in
558 1445 693 1488 regno
723 1439 827 1473 sunt
849 1428 1104 1473 adversariae
1130 1427 1378 1487 potestatis,
1398 1426 1432 1469 si

38 1499 274 1558 Scripturae
306 1499 522 1555 creditur,
541 1515 903 1559 unumquemque
918 1534 928 1554 ‚
954 1514 1055 1543 cum
1079 1498 1268 1543 vincitur
1285 1532 1296 1552 ‚
1324 1506 1429 1540 tunc

34 1585 206 1615 servum
224 1587 313 1616 esse
331 1572 518 1627 victoris,
537 1581 580 1616 et
603 1581 772 1617 constat
794 1570 1024 1615 infantiam
1041 1570 1133 1615 sine
1149 1585 1229 1613 usu
1252 1568 1429 1613 rationis

35 1649 79 1686 et
91 1640 327 1687 voluntatis
345 1658 425 1687 nec
446 1643 681 1701 confligere
706 1642 921 1702 potuisse,
943 1657 1023 1686 nec
1041 1640 1229 1685 cedere?
1246 1639 1368 1683 addis
1382 1640 1396 1664 3
1418 1658 1425 1682 :

39 1729 60 1754 α
84 1715 167 1756 Per
187 1729 326 1758 unum
350 1715 514 1774 quippe
535 1714 758 1758 hominem
778 1722 1007 1772 peccatum
1032 1712 1207 1756 intravit
1232 1711 1277 1754 in
1299 1725 1427 1754 mun-

38 1799 59 1824 »
86 1783 210 1839 dum,
241 1793 284 1829 et
307 1800 384 1844 per
406 1794 636 1844 peccatum
671 1799 786 1829 mors
803 1819 814 1840 ,
847 1794 890 1828 et
923 1784 981 1828 ita
1000 1784 1043 1827 in
1066 1797 1215 1828 omnes
1232 1781 1429 1826 homines

38 1871 58 1896 »
89 1855 354 1914 pertransiit,
369 1856 415 1900 in
437 1871 525 1916 quo
543 1871 693 1900 omnes
707 1865 997 1916 peccaverunt
1022 1856 1053 1898 4.
1076 1874 1094 1896 »
1114 1854 1180 1899 Sic
1203 1862 1266 1897 est
1281 1861 1428 1896 autem

35 1926 150 1971 Deus
172 1926 445 1971 nascentium
469 1926 685 1981 conditor,
702 1936 752 1971 ut
769 1942 919 1972 omnes
942 1942 994 1970 ex
1012 1941 1100 1970 nno
1123 1933 1223 1968 eant
1246 1923 1291 1966 in
1321 1937 1429 1966 con-

35 1995 378 2052 demnationem,
395 2013 584 2057 quorum
598 2013 688 2042 non
709 1996 841 2042 fuerit
860 1996 1178 2041 renascentium
1196 1994 1425 2038 liberator:

33 2065 124 2125 ipse
151 2068 315 2127 quippe
331 2069 473 2113 dictus
491 2078 554 2113 est
575 2067 736 2128 figulus
759 2083 812 2112 ex
829 2066 978 2111 eadem
998 2081 1133 2110 massa
1152 2064 1314 2110 faciens
1336 2077 1424 2117 vas,

36 2135 158 2180 aliud
178 2137 223 2181 in
241 2139 452 2182 honorem
470 2138 714 2184 secundum
734 2135 1076 2182 misericordiam
1093 2171 1103 2190 ‚
1125 2134 1243 2180 aliud
1262 2134 1307 2177 in
1325 2148 1429 2178 con-

35 2208 259 2254 tumeliam
291 2209 534 2255 secundum
559 2208 774 2270 judicium
866 2229 876 2253 ε
912 2208 982 2253 cui
1019 2216 1164 2252 cantat
1194 2204 1387 2250 Ecclesia
1415 2220 1425 2247 :

39 2296 61 2321 «
87 2280 425 2326 Misericordiam
448 2290 491 2325 et
514 2280 731 2341 judicium
762 2281 794 2323 ⁶.
833 2297 854 2321 »
889 2281 981 2323 Hoc
1019 2277 1139 2338 quod
1179 2276 1313 2332 dicis,
1352 2290 1429 2334 per

36 2364 176 2395 unum
195 2352 376 2397 intrasse
398 2361 624 2412 peccatum
644 2387 654 2408 ‚
680 2367 768 2412 quo
800 2349 1047 2396 testimonio
1070 2347 1268 2408 Apostoli
1288 2345 1427 2406 pluri-

36 2435 210 2466 morum
239 2422 562 2468 ineruditorum
590 2432 738 2467 tamen
772 2431 948 2482 pectora
983 2418 1296 2472 commovistis,
1328 2416 1430 2460 licet

80 2523 223 2557 Ambros.
247 2523 304 2557 lib.
323 2536 373 2558 vu
390 2524 423 2558 in
438 2527 516 2562 Luc.
535 2536 607 2568 cap.
630 2535 684 2565 xv,
705 2524 804 2565 n234.
822 2540 863 2546 —
880 2529 893 2546 ²
914 2525 990 2556 Luc.
1014 2532 1079 2562 xix,
1102 2532 1153 2555 xo.
1169 2538 1210 2544 --
1228 2519 1240 2543 3
1266 2519 1346 2552 Vide
1370 2518 1426 2551 lib.
1458 2558 1465 2564 ,

38 2589 59 2612 n
75 2579 116 2613 de
131 2580 269 2624 Nuptiis,
287 2591 360 2624 cap.
381 2581 412 2614 3.
431 2579 499 2611 -4
519 2582 611 2615 Rom.
631 2591 667 2619 V,
689 2576 882 2613 12.-⁵1‹1.
905 2589 950 2620 lx,
971 2587 1023 2611 21.
1043 2594 1079 2600 —
1098 2574 1114 2600 6
1134 2576 1214 2609 Psal.
1236 2587 1265 2618 c,
1289 2587 1316 2607 ι.
