1821 3264
0 0 20 158 l

14 168 18 235 ἒ

13 240 18 344 ἑ
255 265 398 294 opums
431 266 609 295 IMPHRF.
645 268 808 296 CONTRA
842 270 1010 297 summ.
1049 270 1130 296 Lis.
1167 270 1215 296 11.
1347 260 1431 299 369

0 331 16 408 23
49 335 148 388 tius,
164 348 302 377 unum
325 348 457 393 quem
475 332 707 393 Apostolus
728 333 847 390 dicit,
861 351 998 379 unum
1017 351 1173 390 assero,
1191 345 1240 380 ut
1253 337 1429 382 doceam

12 409 16 459 Ι
48 403 202 450 vitium
223 403 492 459 imitationiS,
510 419 600 448 non
620 406 911 463 generationis
926 406 1072 461 fuisse,
1098 422 1227 467 quam
1262 407 1431 452 Tradu-

0 460 16 534 l
48 475 195 520 cianus
215 474 343 517 unius
359 474 550 527 nomine,
567 475 640 534 qui
660 473 818 518 dicitur
831 477 995 534 peccati
1008 475 1134 520 fuisse
1146 478 1428 532 vestibulum,

0 535 15 601 ιξ
48 543 282 589 seminibus
310 559 400 587 rem
428 544 630 588 admovet
667 544 903 589 voluntatis
928 580 939 600 ,
968 546 1088 605 quod
1112 562 1256 591 rerum
1275 557 1429 592 natura

0 605 15 665 ιί
48 629 136 659 non
157 615 323 673 recipit.
353 632 373 655 »

106 688 397 730 Amusrmws.
426 684 582 728 Desine
606 685 726 744 quod
744 687 834 745 jam
858 686 1096 731 refellimus
1114 687 1266 731 iterare
1289 707 1297 732 :
1325 688 1432 746 quid

0 769 8 811 ξ
44 769 122 800 nos
139 756 257 813 cogis
278 755 423 799 adhuc
441 753 594 798 eadem
610 764 740 815 atque
758 754 907 800 eadem
932 756 1075 800 dicere
1097 766 1247 801 contra
1267 767 1431 801 tantam

0 821 5 882 i
44 825 300 884 sapientiam
319 833 439 869 tuam
464 858 475 879 ,
500 840 586 884 qua
609 833 735 884 putas
762 824 861 869 ideo
881 842 970 870 non
993 826 1220 884 significari
1250 842 1432 886 genera-

0 896 4 905 '
45 894 316 950 tionem‚ubi
339 894 504 939 dictum
529 903 591 938 est
617 913 626 939 :
651 913 671 936 «
696 898 775 938 Per
797 910 935 938 unum
959 896 1181 940 homiuem
1204 906 1431 956 peccatum

0 904 14 1040 l
47 983 67 1008 »
89 966 268 1011 intravit
288 967 334 1009 in
362 964 579 1009 mundum
602 968 614 991 ¹
642 987 652 1023 3
676 984 694 1007 n
729 967 830 1026 quia
869 982 944 1024 per
969 967 1079 1011 duos
1109 969 1157 1012 fit
1191 970 1426 1027 generatio,

0 1030 2 1043 ¹
42 1050 131 1081 non
153 1051 230 1095 per
248 1051 386 1079 unum
415 1036 567 1096 :quasi
597 1045 823 1094 peccatum
854 1037 964 1081 illud
991 1073 1001 1091 ,
1034 1039 1154 1098 quod
1182 1054 1272 1082 non
1299 1038 1429 1082 vultis

0 1093 4 1145 ἶ
42 1106 417 1166 generatione‚sed
434 1105 675 1151 imitatione
694 1108 1031 1162 transisse‚unus
1053 1108 1301 1153 admiserit?
1317 1111 1428 1154 Cum

41 1192 142 1235 ergo
163 1186 207 1221 et
233 1178 376 1235 ipsum
406 1177 540 1222 fuerit
562 1193 585 1222 a
607 1177 781 1223 duobus
804 1178 1038 1223 admissum
1055 1214 1066 1233 ,
1093 1196 1170 1224 cur
1193 1195 1269 1238 per
1290 1195 1429 1224 unum

39 1247 263 1293 hominem
277 1247 444 1292 dictum
460 1256 523 1292 est
542 1266 550 1292 :
571 1251 804 1292 Peccatum
825 1248 1003 1292 intravit
1022 1250 1066 1292 in
1085 1250 1300 1293 mundum
1318 1271 1328 1307 3
1349 1250 1428 1293 nisi

40 1319 142 1378 quia
156 1334 246 1362 non
260 1333 282 1362 a
297 1317 478 1362 foemina
489 1318 763 1377 concipiente
777 1328 907 1378 atque
920 1320 1202 1378 parturiente,
1215 1320 1291 1365 sed
1303 1337 1326 1364 a
1338 1321 1428 1364 viro

39 1388 278 1433 seminante
295 1397 361 1432 est
389 1388 678 1447 generationis
699 1388 922 1433 exordium
947 1410 958 1445 3
991 1399 1067 1433 aut
1094 1392 1195 1449 quia
1219 1391 1307 1450 jam
1337 1405 1427 1435 non

37 1467 140 1503 sunt
161 1458 266 1513 duo,
291 1457 472 1518 quando
491 1473 567 1517 per
589 1462 755 1502 coitum
776 1474 861 1502 una
885 1459 935 1502 fit
950 1474 1050 1503 caro
1083 1461 1100 1502 P

97 1530 338 1573 LXXXIV.
361 1531 385 1572 J
390 1546 541 1572 tumr
555 1549 588 1573 s.
606 1548 624 1570 «
644 1532 795 1573 Postea
805 1544 982 1589 quoque
1000 1529 1056 1572 ad
1074 1532 1231 1587 Legem
1248 1539 1428 1575 ventum

39 1609 118 1655 est,
131 1600 184 1644 ad
198 1600 323 1659 cujus
336 1615 475 1659 usque
487 1609 661 1660 tempus
675 1600 1177 1660 praescripsitApostolus
1190 1617 1276 1645 non
1288 1611 1427 1646 osten-

38 1685 134 1715 sum
154 1670 341 1729 viguisse
362 1679 606 1729 peccatum.
629 1670 758 1723 Quod
784 1680 832 1715 tu
863 1680 1034 1730 tempus
1057 1686 1196 1730 usque
1214 1673 1269 1716 ad
1293 1674 1426 1716 finem

38 1741 164 1800 Legis
181 1739 396 1799 protelare
407 1748 589 1784 conatus
607 1755 667 1794 es,
684 1755 771 1784 non
791 1738 1038 1798 intelligens
1061 1740 1360 1800 nequidquam
1384 1751 1426 1786 te

39 1819 427 1869 argumentatum3
456 1809 818 1870 quandoquidem
843 1811 1205 1869 constringendus
1236 1828 1258 1856 a
1300 1812 1426 1856 nobis

39 1896 150 1926 esses
170 1916 180 1936 ,
211 1890 262 1925 ut
281 1880 485 1940 probares
510 1881 593 1924 hoc
618 1889 844 1939 peccatum
864 1915 874 1935 ,
901 1880 955 1923 de
975 1896 1063 1940 quo
1087 1881 1279 1925 mentiris
1314 1886 1427 1926 Pau-

38 1951 131 1996 lum
164 1951 361 1996 locutum
381 1986 391 2005 ‚
432 1960 476 1995 et
515 1951 633 2010 quod
672 1951 820 1994 asseris
868 1966 1006 2010 usque
1054 1950 1108 1994 ad
1144 1951 1426 2005 abolitionem

38 2037 237 2082 regnasse
267 2022 434 2066 Veteris
466 2022 757 2076 Testamenti,
790 2021 858 2065 vel
890 2021 1153 2081 imputatum
1178 2022 1337 2078 fuisse,
1359 2023 1429 2068 vel

39 2093 245 2154 imputari
267 2093 458 2153 potuisse
478 2094 560 2137 sub
589 2096 702 2151 Lege
724 2114 734 2150 3
759 2093 826 2136 vel
851 2102 966 2137 certe
989 2094 1283 2153 acquiesceres
1302 2131 1312 2150 ‚
1340 2111 1429 2139 non

41 2180 221 2225 regnare
254 2174 352 2225 post
383 2165 634 2219 Christum,
672 2174 722 2208 ut
743 2165 938 2208 sensibus
972 2165 1056 2209 tuis
1091 2166 1242 2210 saltem
1271 2167 1429 2212 inflexa

41 2235 253 2280 violenter
285 2234 482 2295 Apostoli
513 2234 727 2278 sententia
766 2244 1037 2279 consonaret.
1081 2238 1248 2280 Horum
1284 2246 1430 2281 autem

42 2305 153 2351 nihil
174 2305 297 2350 reddi
318 2320 343 2349 a
366 2314 408 2349 te
438 2314 594 2364 potest.
624 2304 747 2349 Fidei
782 2321 884 2364 ergo
918 2316 1076 2350 nostrae
1113 2307 1158 2350 in
1195 2307 1334 2352 solido
1368 2318 1430 2352 est

43 2377 208 2437 puritas
221 2375 431 2420 collocata
443 2410 454 2430 ‚
471 2377 542 2420 cui
557 2385 600 2420 et
614 2376 790 2420 rationis
807 2376 1027 2431 instituta,
1049 2386 1091 2420 et
1105 2377 1283 2436 justitiae
1298 2377 1431 2436 digni-

46 2456 125 2504 tas,
150 2456 192 2492 et
207 2446 402 2506 Apostoli
422 2462 498 2506 per
512 2447 657 2491 omnia
674 2447 780 2491 scita
803 2448 1084 2491 conveniunt.
1116 2466 1134 2487 »

109 2521 398 2563 AL‘Gt‘sTmUS.
446 2517 562 2563 Nihil
597 2526 638 2562 te
672 2518 812 2562 dicere
837 2553 846 2572 ‚
888 2527 928 2561 et
969 2518 1089 2577 quod
1132 2518 1432 2578 respondimus
1485 2546 1492 2551 -

97 2608 107 2624 ¹
127 2604 220 2635 Rom.
243 2613 278 2641 v,
305 2610 354 2634 12.

237 2665 386 2696 CXLIII.
1170 2657 1215 2694 22
