1821 3264
233 268 376 295 OPERIS
409 267 586 294 mrssnr.
620 264 784 294 CONTRA
816 267 984 297 suLiAN.
1021 271 1104 298 Lm.
1140 273 1187 298 11.
1323 258 1402 299 451

39 356 42 377 2
85 335 376 377 Amisum-s.
415 331 458 376 Si
489 331 574 375 lata
598 330 692 388 lege
712 331 869 376 cecidit
891 347 1071 392 regnum
1093 336 1279 394 peccati,
1305 351 1410 396 ergo

28 419 103 465 per
134 402 275 461 legem
304 402 471 462 justitia
494 410 572 446 est.
613 419 632 444 «
665 402 707 446 Si
729 418 805 461 per
833 403 972 462 legem
996 406 1163 464 justitia
1192 415 1281 462 est,
1307 422 1410 466 ergo

32 493 53 518 n
76 474 272 520 Christus
307 473 436 532 gratis
469 481 667 517 mortuus
695 476 797 517 est¹.
836 491 857 513 n
884 476 1079 533 Apostoli
1109 486 1172 520 est
1195 492 1278 521 vox
1301 477 1407 532 ista,

30 560 118 590 non
136 559 246 588 mea.
268 546 364 588 Jam
382 544 598 602 erumpite
610 544 655 586 in
670 553 885 602 apertum,
903 545 1065 590 inimici
1080 548 1218 590 crucis
1233 548 1408 592 Christi.

30 614 146 670 Quid
167 614 326 658 timetis
356 628 561 672 magnum
594 613 805 672 populum
836 615 1023 668 Christi,
1060 626 1104 661 et
1145 618 1328 673 Christi,
1370 626 1414 662 et

29 686 187 732 Christi
201 700 408 744 magnum
419 684 631 745 judicium
645 700 734 741 non
748 686 948 730 timetis2?
961 690 1121 746 Aperte
1135 687 1281 742 dicite,
1292 689 1415 747 justi-

27 757 144 802 ficari
167 766 316 800 natura
330 791 340 809 ,
362 755 589 816 justificari
604 755 698 814 lege
716 770 960 815 possemus,
987 758 1116 816 gratis
1135 767 1334 803 mortuus
1352 766 1417 803 est

28 829 238 875 Christus.
263 828 347 873 Sed
369 826 648 871 formidantes
667 826 993 872 multitudinem
1009 829 1285 874 christianam
1299 865 1309 885 ‚
1331 833 1416 874 Pe-

29 899 248 959 lagianum
259 898 442 943 verbum
459 897 718 957 supponitiS‚
735 905 778 941 et
786 900 1082 958 quaerentibus
1095 916 1118 944 a
1131 900 1268 956 vobis,
1283 915 1418 961 quare

31 979 229 1014 mortuus
244 971 296 1013 sit
310 969 523 1022 Christus,
544 968 577 1012 si
591 977 746 1013 natura
762 969 833 1013 vel
846 968 915 1013 lex
930 970 1060 1013 efficit
1069 972 1226 1030 justos,
1243 986 1421 1030 respon-

32 1041 158 1094 detis,
185 1050 235 1085 ut
257 1041 342 1084 hoc
363 1041 505 1098 ipsum
530 1039 698 1083 facilius
717 1040 840 1084 fieret
863 1059 871 1084 :
898 1042 1020 1100 quasi
1040 1051 1198 1099 posset,
1224 1042 1421 1101 quamvis

31 1112 250 1157 difficilius
275 1112 368 1155 fieri
395 1120 560 1165 tamen,
582 1112 670 1155 sive
692 1126 769 1170 per
796 1120 1020 1166 naturam,
1050 1114 1137 1157 sive
1163 1128 1239 1172 per
1259 1112 1415 1172 legem.

32 1184 218 1238 Christe,
235 1182 465 1241 responde,
478 1183 616 1236 vince,
637 1191 768 1242 atque
783 1183 1008 1237 convince,
1029 1183 1164 1227 clama
1178 1202 1219 1237 ,«
1242 1184 1340 1227 Sine
1354 1197 1424 1226 me

39 1273 58 1296 »
76 1255 186 1298 nihil
200 1254 377 1313 potestis
392 1253 550 1298 facere3
565 1273 574 1298 2
594 1272 612 1295 υ
631 1262 681 1296 ut
694 1262 865 1298 taceant
879 1255 954 1314 qui
967 1254 1179 1312 clamant,
1198 1253 1290 1298 Etsi
1305 1253 1424 1297 diffi-

36 1325 175 1378 cilius,
194 1333 341 1368 tamen
370 1338 592 1382 possemus
615 1333 658 1367 et
679 1324 770 1367 sine
789 1332 831 1367 te
846 1322 987 1368 facere
1010 1342 1019 1368 z
1041 1333 1116 1369 aut
1133 1324 1165 1368 si
1180 1333 1322 1369 tacere
1336 1339 1426 1368 non

36 1404 244 1457 possunt,
270 1410 312 1438 se
331 1396 444 1453 ipsos
467 1394 511 1437 in
532 1394 718 1438 latebras
741 1395 904 1454 aliquas
922 1394 1112 1450 ducant,
1137 1405 1187 1439 ut
1210 1395 1314 1440 alios
1337 1410 1427 1439 non

37 1467 261 1512 seducant.
287 1468 377 1511 Cur
400 1480 500 1523 ergo
518 1467 574 1509 ait
594 1464 848 1524 Apostolus,
877 1485 897 1507 «
916 1468 1062 1526 Usque
1078 1466 1193 1510 enim
1212 1465 1266 1510 ad
1288 1466 1427 1524 legem

42 1557 62 1580 »
89 1546 316 1597 peccatum
339 1537 384 1579 in
403 1536 570 1579 mundo
591 1534 729 1579 fuit4?
749 1554 767 1576 η
791 1537 871 1579 nisi
893 1537 995 1596 quia
1012 1546 1241 1595 peccatum
1259 1535 1430 1580 auferre

40 1625 121 1654 nec
142 1608 228 1653 lata
257 1607 325 1651 lex
349 1607 517 1666 potuit,
548 1605 623 1650 sed
651 1605 724 1650 ille
752 1605 807 1649 de
839 1622 929 1667 quo
958 1607 1125 1651 dictum
1147 1616 1231 1663 est,
1272 1626 1289 1647 «
1317 1608 1432 1651 Ecce

44 1700 63 1723 n
89 1684 238 1738 Agnus
261 1679 361 1731 Dei,
384 1694 484 1723 ecce
507 1678 583 1738 qui
605 1677 720 1722 tollit
737 1686 915 1736 peccata
936 1678 1090 1722 mundi
1104 1679 1146 1720 ⁵?
1170 1695 1191 1720 »

98 1753 295 1797 CXCIX.
331 1753 557 1794 „lirum-s.
599 1766 619 1790 «
645 1748 876 1792 Generatio
906 1756 1051 1792 autem
1083 1763 1183 1808 quae
1208 1747 1345 1807 coepit
1376 1746 1431 1791 ab

44 1823 181 1868 Adam
201 1858 212 1878 ,
237 1831 281 1866 et
301 1830 398 1880 post
418 1821 558 1878 legem
582 1829 806 1879 permanet
829 1839 837 1864 :
863 1836 963 1880 quae
984 1820 1018 1864 si
1039 1828 1148 1864 esset
1171 1818 1267 1864 fons
1285 1834 1432 1878 pecca·

43 1905 188 1941 torum
211 1913 219 1939 ε
245 1901 289 1938 et
308 1893 452 1938 frutex
473 1891 662 1945 diaboli,
684 1891 794 1935 sicut
811 1900 860 1935 tu
880 1891 1214 1950 argumentaris,
1236 1906 1325 1935 non
1346 1890 1435 1934 uti-

46 1983 130 2028 que
151 1981 289 2027 usque
309 1965 364 2010 ad
386 1965 524 2022 legem
543 1998 552 2018 ,
578 1963 654 2007 sed
671 1972 713 2008 et
737 1972 833 2021 post
848 1962 1012 2022 legem,
1038 1971 1198 2022 etpost
1213 1963 1436 2008 Christum

47 2040 130 2083 hoc
157 2038 323 2083 crimen
354 2037 534 2094 vigeret.
566 2038 797 2078 Peccatum
829 2034 975 2093 itaque
1003 2034 1058 2077 de
1087 2049 1176 2094 quo
1198 2031 1431 2093 Apostolus

49 2108 325 2169 pronuntiat,
345 2107 448 2167 quia
464 2120 603 2165 usque
619 2105 675 2148 ad
696 2104 837 2163 legem
854 2103 987 2148 fuerit
1002 2139 1012 2159 ,
1038 2119 1118 2148 nec
1135 2104 1327 2163 potuerit
1347 2118 1439 2147 ma-

50 2195 152 2224 nere
186 2188 282 2239 post
308 2178 476 2237 legem,
512 2175 718 2231 actionis,
753 2190 843 2219 non
875 2175 1109 2220 nativitatis
1141 2189 1230 2219 esse
1256 2173 1440 2219 convin-

51 2251 179 2296 citur.
209 2268 228 2291 »

112 2323 403 2365 Amrsmmrs.
439 2320 553 2361 Eece
577 2324 723 2375 aperte
748 2314 855 2359 dicis
870 2349 881 2369 ,
907 2329 996 2359 non
1014 2313 1111 2359 ideo
1132 2314 1284 2359 dixisse
1301 2316 1442 2373 Apos-

53 2389 192 2436 tolum
209 2425 219 2444 ,
250 2408 270 2431 «
294 2391 440 2448 Usque
462 2385 517 2431 ad
539 2385 680 2444 legem
703 2393 929 2444 peccatum
951 2385 998 2428 in
1021 2385 1186 2429 mundo
1209 2383 1314 2438 fuit,
1340 2383 1443 2444 quia

58 2481 77 2504 »
103 2477 183 2506 nec
209 2461 277 2504 lex
305 2460 447 2518 potuit
470 2457 640 2502 auferre
662 2465 914 2515 peecatum,
939 2475 958 2496 »
993 2455 1068 2499 sed
1094 2456 1196 2515 quia
1220 2463 1444 2514 peccatum

109 2570 117 2585 ¹
141 2562 211 2595 Gal.
232 2573 266 2602 ιι,
297 2571 409 2593 ¹21.——-
424 2567 433 2581 ²
462 2559 577 2601 Philip.
608 2569 655 2598 iu,
682 2558 730 2590 18.
749 2575 782 2580 -
799 2554 814 2580 3
832 2559 924 2588 Joan.
954 2567 1010 2594 xv,
1039 2557 1068 2588 5.
1085 2556 1154 2586 -4
1171 2560 1260 2589 Rom.
1282 2568 1315 2598 v,
1340 2557 1389 2588 13.
1406 2543 1468 2577 -”

59 2618 74 2644 5
106 2622 197 2652 Joan.
227 2629 249 2657 ι,
281 2626 337 2659 29.

1196 2667 1262 2706 29.
