1821 3264
418 271 469 298 οε
503 267 615 296 υοΝο
648 267 1012 293 PERSEVERAN'NAE.
1325 250 1407 288 149

37 358 54 380 »ι
81 337 194 381 idem
223 337 348 389 dicit,
386 345 428 379 et
449 349 577 378 omne
598 332 764 376 donum
787 329 1028 390 perfectum
1052 328 1106 372 de
1128 343 1297 372 sursum
1320 337 1381 370 est
1397 363 1406 381 ‚

36 427 56 450 »
81 407 344 451 descendens
369 422 391 449 a
416 409 540 448 Patre
561 403 819 446 luminum1.
847 423 863 442 »
886 404 974 445 Cur
996 415 1121 457 ergo,
1148 408 1196 442 ut
1217 398 1412 442 omittam

17 486 212 542 caetera,
237 475 494 533 corripimus
511 471 753 530 impudicos
775 479 818 513 et
834 469 1126 514 contentiosos
1141 502 1151 521 ‚
1177 468 1336 526 quibus
1355 475 1414 510 ta-

34 562 132 591 men
156 545 442 605 praedicamus
473 544 638 587 donum
663 541 739 585 Dei
763 555 851 583 esse
875 538 1126 597 sapientiam
1141 571 1151 590 ‚
1183 536 1386 595 pudicam
1403 570 1413 588 ,

34 627 162 677 atque
185 616 406 675 pacificam
425 636 435 672 3
461 629 540 658 nec
557 613 759 656 timemus
782 624 836 653 ne
859 607 1044 668 permoti
1067 606 1224 650 divinae
1259 606 1417 649 volun-

35 688 132 732 tatis
149 688 312 730 incerto
329 721 339 740 ‚
360 685 457 744 plus
475 685 519 727 iu
537 684 617 726 liac
636 680 943 740 praedicatione
960 676 1270 736 desperationis
1288 688 1419 733 quam

36 756 341 802 exhortationis
372 753 622 808 inveniant3
647 766 725 794 nec
748 747 1031 808 correptionis
1062 745 1245 790 stimulis
1269 745 1423 788 adver-

35 842 106 872 sus
130 842 173 870 se
196 827 308 885 ipsos
325 861 335 880 ,
357 824 433 869 sed
452 825 593 883 potius
615 821 819 866 adversus
838 834 915 863 nos
938 818 1203 869 excitentur,
1226 815 1328 873 quia
1350 828 1424 856 eos

37 898 290 956 corripimus
311 896 405 940 haec
427 910 515 938 non
541 893 776 944 habentes,
800 905 898 948 quae
920 888 999 947 ipsi
1022 886 1207 930 dicimus
1230 900 1318 927 non
1340 884 1424 926 hu-

35 984 162 1013 mana
184 967 407 1012 voluntate
429 962 637 1024 proferri,
657 960 729 1005 sed
750 959 898 1004 divina
915 956 1114 1014 largitate
1136 954 1318 998 donari?
1334 954 1426 997 Cur

37 1038 225 1097 denique
256 1038 398 1096 ipsum
431 1031 674 1093 apostolum
703 1029 919 1075 Jacobum
942 1028 1072 1086 hujus
1097 1024 1245 1083 gratias
1268 1022 1424 1081 praedi-

37 1110 148 1154 catio
170 1124 259 1152 non
281 1105 492 1150 deterruit
525 1103 740 1162 corripere
767 1099 985 1159 inquietos
1008 1131 1018 1150 ,
1050 1105 1093 1139 et
1127 1096 1271 1139 dicere
1297 1112 1305 1137 z
1336 1112 1354 1133 «
1384 1093 1423 1137 Si

41 1200 60 1223 ι)
88 1180 228 1223 zelum
261 1191 455 1221 amarum
480 1174 668 1228 habetis,
700 1181 743 1216 et
764 1170 1065 1216 contentiones
1089 1175 1190 1210 sunt
1213 1165 1256 1208 in
1281 1164 1425 1207 cordi-

42 1269 62 1292 »
90 1251 168 1293 bus
196 1248 368 1300 vestris,
403 1245 537 1289 nolite
572 1243 744 1302 gloriari
768 1250 810 1284 et
842 1238 1072 1283 mendaces
1103 1250 1193 1279 esse
1223 1233 1427 1277 adversus

41 1341 61 1363 »
86 1321 310 1365 veritatem
331 1337 339 1362 :
361 1332 449 1361 non
468 1325 530 1359 est
548 1316 626 1358 ista
644 1312 852 1371 sapientia
870 1311 923 1354 de
941 1323 1113 1353 sursum
1132 1305 1427 1365 descendens5

48 1411 61 1431 ι
90 1391 164 1434 sed
195 1400 392 1440 terrena,
429 1383 622 1429 animalis
643 1418 653 1437 ⁷
689 1380 903 1425 diabolica
933 1399 941 1423 ε
977 1379 1053 1421 ubi
1086 1377 1198 1419 enim
1233 1374 1349 1417 zelus
1386 1381 1428 1415 et·

45 1480 65 1503 »
90 1459 311 1505 contentio
328 1493 338 1512 ‚
363 1457 423 1501 ibi
445 1453 735 1500 inconstantia
753 1487 763 1505 ‚
790 1460 831 1494 et
855 1465 983 1494 omne
1008 1463 1116 1507 opus
1139 1445 1378 1504 pravum‘2‘?
1405 1463 1424 1482 n

44 1533 164 1577 Sicut
192 1545 294 1588 ergo
321 1525 582 1586 corripiendi
608 1533 708 1568 sunt
742 1521 952 1581 inquieti,
984 1528 1027 1562 et
1058 1517 1213 1560 divinis
1246 1513 1429 1572 eloquiis

44 1601 244 1655 testibus,
278 1609 321 1643 et
353 1598 452 1657 ipsis
478 1611 586 1655 quos
615 1593 836 1638 nobiscem
869 1591 938 1634 isti
967 1601 1227 1633 communus
1264 1584 1430 1628 habent

43 1672 211 1716 actibus
234 1669 390 1713 nostris
408 1689 419 1724 3
440 1681 582 1726 neque
607 1665 718 1707 hanc
740 1661 921 1720 impedit
941 1658 1259 1716 correptionem
1276 1689 1285 1705 ,
1309 1651 1430 1712 quod

44 1740 294 1801 sapientiam
317 1738 539 1798 pacificam
558 1770 568 1789 ‚
594 1750 680 1794 qua
712 1730 970 1776 contentiosi
997 1728 1276 1784 corriguntur
1299 1733 1430 1782 atque

44 1820 272 1863 sanantur,
299 1809 464 1852 donum
488 1806 564 1848 Dei
599 1819 687 1847 esse
720 1801 1003 1861 praedicamus
1030 1818 1038 1842 ·.
1075 1798 1133 1840 ita
1169 1791 1431 1852 corripiendi

46 1892 146 1927 suut
181 1879 377 1925 infideles
393 1914 403 1932 ‚
430 1876 498 1921 vel
518 1877 563 1919 in
592 1874 679 1918 fide
701 1888 789 1916 non
812 1876 1115 1929 permanentes
1136 1902 1145 1920 ‚
1172 1881 1260 1909 non
1291 1865 1432 1921 impe-

47 1944 193 1998 diente
215 1952 339 1995 istam
369 1947 687 2006 correptionem
707 1940 1014 2001 praedicatione
1039 1937 1186 1996 gratiae
1207 1934 1309 1987 Dei,
1335 1947 1433 1991 quae

47 2023 175 2067 fidem
198 2035 373 2081 quoque
391 2020 525 2077 ipsam
548 2016 652 2059 etin
672 2029 719 2057 ea
741 2010 1083 2071 permansionem
1109 2006 1223 2050 dona
1246 2004 1323 2048 Dei
1346 2018 1434 2046 esse

48 2093 340 2138 commendat.
368 2090 478 2142 Quia
501 2087 578 2131 etsi
601 2101 650 2129 ex
673 2083 758 2128 fide
788 2083 1045 2140 impetratur
1069 2076 1299 2136 sapientia,
1325 2074 1435 2117 sicut

49 2166 138 2224 ipse
161 2162 350 2208 Jacobus
372 2175 471 2205 cum
495 2158 670 2203 dixisset
697 2174 705 2199 ε
736 2173 754 2195 z<
783 2154 825 2197 Si
848 2153 944 2211 quis
966 2158 1156 2194 vestrum
1176 2146 1344 2203 indiget
1365 2160 1433 2187 sa-

55 2255 75 2277 »
102 2234 289 2294 pientia,
315 2229 505 2291 postulet
533 2245 555 2272 a
589 2231 704 2280 Deo,
735 2225 810 2283 qui
842 2222 917 2266 dat
946 2220 1150 2265 omnibus
1183 2216 1436 2267 affluenter,

55 2316 144 2348 »et
179 2320 266 2347 non
308 2304 597 2360 improperat,
637 2306 679 2340 et
715 2293 894 2338 dabitur
926 2293 1017 2348 ei33
1050 2308 1070 2331 ι)
1108 2304 1205 2332 mox
1237 2284 1431 2330 addidit:

58 2396 77 2418 «
103 2374 298 2420 Postulet
328 2382 470 2417 autem
503 2371 548 2413 in
576 2367 684 2421 fide,
720 2364 830 2409 nihil
855 2363 1056 2407 haesitans
1082 2379 1099 2401 »
1131 2379 1139 2403 :
1173 2374 1263 2402 non
1292 2367 1434 2399 tamen

54 2446 258 2507 quoniam
286 2444 392 2487 fides
422 2442 550 2485 datur
579 2438 697 2498 prius
728 2450 860 2495 quam
896 2431 1139 2492 postuletur
1172 2429 1226 2472 ab
1256 2425 1331 2470 illo
1363 2425 1433 2468 cui

56 2516 206 2569 datur,
231 2513 328 2558 ideo
360 2509 543 2555 dicenda
566 2517 629 2552 est
655 2522 745 2550 non
767 2520 856 2548 esse
884 2507 1050 2548 donum
1074 2499 1149 2543 Dei
1166 2534 1176 2553 ‚
1204 2496 1278 2541 sed
1300 2510 1389 2539 esse
1414 2510 1436 2537 a

107 2607 113 2622 ¹
141 2597 254 2631 Jacob.
277 2608 300 2637 ι,
324 2606 374 2637 ¹7·
391 2611 430 2617 —-
447 2587 820 2632 ²Id.1u‚i4.-—3Id.
842 2599 865 2628 ι,
888 2587 918 2617 5.
