1884 3285
432 224 513 262 174
865 237 896 261 s.
933 233 1163 261 Auenswnu
1196 235 1378 262 EPJSCOPI

487 302 520 341 I.
556 301 780 342 Jcmams.
811 317 829 339 «
850 298 1014 355 Magnis
1037 298 1135 342 licet
1158 299 1389 356 impeditus
1412 299 1668 357 angoribus,
1694 316 1801 360 quos

425 367 613 410 intuenti
636 366 741 409 mihi
761 367 842 410 hac
866 376 1118 426 tempestate
1136 367 1426 412 Ecclesiarum
1448 377 1624 424 statum,
1646 369 1800 428 partim

424 435 664 494 indignatio
693 436 866 494 ingerit,
894 438 1048 496 partim
1077 439 1290 482 miseratio
1324 458 1331 465 ·
1368 454 1454 482 non
1475 439 1713 498 abjeceram
1736 448 1801 484 ta-

423 520 522 548 men
554 506 843 564 promissionis
878 522 984 550 meae
1019 505 1178 565 fidem,
1213 507 1412 552 videlicet
1447 517 1495 551 ut
1531 509 1607 569 qui
1633 508 1800 553 fueram

423 574 563 619 factus
580 576 750 620 debitor
765 612 775 630 ,
800 577 1008 621 solvendo
1031 593 1206 637 quoque
1224 594 1311 622 esse
1329 594 1539 622 curarem.
1561 582 1670 624 Nam
1691 580 1734 623 in
1751 580 1802 623 li-

423 645 510 689 bris
540 662 648 705 quos
680 647 734 690 ad
761 645 935 690 fratrem
968 656 1164 691 nostrum
1202 648 1491 692 Turbantium
1520 649 1800 709 episcopum,

422 717 563 760 virum
588 732 743 775 magno
765 718 975 762 virtutum
1004 716 1175 776 fulgore
1201 720 1484 778 conspicuum
1500 755 1511 775 ,
1537 729 1687 765 contra
1710 723 1803 764 Au·
1863 738 1867 789 ξ

424 789 581 845 gustini
604 789 762 848 scripta
778 788 964 844 dictavi,
991 790 1207 849 pollicitus
1227 806 1344 845 sum,
1375 791 1406 834 si
1430 790 1538 834 nihil
1568 790 1686 850 quod
1710 799 1802 835 stu-
1862 808 1867 842 i

424 856 504 900 diis
526 858 779 912 obsisteret,
802 860 994 903 eveniret
1013 859 1300 915 incommodi,
1324 875 1605 904 occursurum
1624 875 1692 904 me
1710 875 1804 920 pro·
1864 911 1867 926 <

423 927 539 971 tinus
561 943 711 972 eorum
734 930 998 988 argumentis
1021 931 1223 975 omnibus
1242 967 1252 987 ,
1275 932 1350 991 qui
1368 947 1419 975 ex
1437 931 1648 975 sententia
1667 932 1806 976 Mani·
1864 931 1868 963 ἶ

423 997 643 1041 chaeorum
686 998 910 1043 traducem
950 1001 1111 1058 peccati
1132 1035 1142 1054 ,
1186 1001 1232 1044 id
1273 1011 1364 1056 est,
1404 1000 1567 1044 malum
1610 1001 1807 1045 naturale
1866 1002 1867 1006 ’

424 1065 711 1112 defenderent
732 1087 740 1112 ε
767 1085 788 1111 a
811 1085 899 1128 quo
922 1085 1017 1113 sum
1041 1070 1249 1114 hactenus
1269 1086 1450 1114 munere
1472 1071 1587 1115 varia
1605 1080 1648 1115 et
1668 1070 1799 1115 indis·
1865 1061 1869 1088 ²

424 1136 657 1180 simulabili
685 1139 934 1182 necessitate
955 1154 1199 1198 suspensus.
1225 1159 1244 1179 »

484 1210 758 1251 ALGL'STLNUS
786 1227 794 1252 2
817 1208 982 1251 utinam
1004 1209 1181 1252 imiteris
1207 1209 1494 1252 Turbantium
1521 1219 1616 1269 post
1637 1209 1708 1254 illa
1735 1219 1806 1255 tua

425 1276 604 1334 scripta,
630 1286 672 1320 et
696 1287 790 1335 post
815 1278 890 1321 has
914 1288 1008 1322 tuas
1031 1278 1180 1322 laudes
1195 1314 1205 1334 ,
1233 1279 1391 1338 quibus
1413 1295 1511 1323 eum
1537 1279 1643 1324 dicis
1665 1280 1804 1325 virum
1866 1305 1869 1316 ·

425 1360 581 1403 magno
607 1347 820 1393 virtutum
849 1347 1018 1407 fulgore
1039 1349 1347 1408 conspicuum,
1375 1367 1394 1393 a
1419 1359 1562 1394 vestro
1585 1366 1727 1395 errore
1752 1351 1804 1394 li-

427 1416 640 1460 beratum.
665 1420 934 1476 Responsum
955 1429 1017 1462 est
1039 1429 1181 1463 autem
1205 1419 1286 1463 illis
1304 1423 1388 1464 tuis
1405 1420 1544 1476 libris,
1566 1430 1610 1465 et
1626 1422 1810 1465 demon-
1874 1479 1876 1483 Ι

425 1495 608 1530 stratum
628 1487 724 1543 tibi,
748 1504 846 1547 quae
869 1488 1080 1533 catholica
1099 1489 1264 1533 lumina
1282 1491 1325 1533 in
1346 1501 1592 1535 sanctarum
1613 1492 1809 1550 Scriptu-

428 1572 571 1599 rarum
596 1558 850 1602 tractatione
874 1558 1102 1603 clarissima
1128 1560 1209 1603 hoc
1237 1561 1474 1620 opprobrio
1490 1596 1501 1617 ,
1528 1561 1572 1605 id
1595 1571 1683 1617 est,
1712 1564 1807 1607 Ma-

427 1627 694 1671 nichaeorum
718 1627 1030 1688 appellatione,
1057 1630 1272 1674 offuscare
1294 1632 1476 1675 coneris.

444 1735 448 1738 ⁴
485 1700 542 1741 II.
579 1700 804 1743 JL'LIANIS.
842 1719 860 1740 «
892 1701 1079 1755 Verum,
1117 1710 1164 1743 ut
1199 1703 1385 1760 primum
1420 1702 1627 1759 respirare
1654 1702 1804 1757 licuit,

424 1767 650 1811 consilium
679 1778 791 1823 erat,
823 1779 1035 1828 quantum
1072 1771 1256 1814 maxime
1285 1772 1453 1816 tulisset
1481 1773 1611 1832 ipsius
1639 1775 1698 1816 rei
1728 1789 1807 1816 na-

425 1845 548 1892 tura,
583 1838 770 1882 breviter
799 1840 1004 1897 promissa
1036 1839 1276 1899 complere,
1313 1843 1392 1886 nisi
1424 1857 1492 1886 me
1524 1843 1808 1887 actuosiorem

425 1905 571 1951 denuo
597 1907 765 1966 ingredi
795 1910 1060 1968 provinciam
1080 1945 1090 1964 ,
1122 1910 1366 1956 beatissime
1395 1922 1518 1972 pater
1542 1914 1697 1969 Flore,
1730 1928 1809 1957 von

423 1974 571 2020 luisses
596 1995 604 2020 :
632 1978 736 2035 qui,
761 1979 969 2037 quoniam
994 1989 1163 2024 tantum
1196 1980 1308 2025 vales
1337 1983 1574 2026 reverentia
1605 1983 1811 2027 sanctita-

422 2045 498 2092 tis,
524 2055 573 2089 ut
595 2048 822 2105 praeceptis
852 2049 933 2091 tuis
959 2050 1146 2108 segniter
1168 2051 1347 2094 obedire
1369 2051 1666 2111 inreligiosum
1691 2051 1811 2112 judi·—

421 2130 514 2159 cem
545 2116 772 2161 obtinuisti
798 2117 951 2173 facile,
986 2130 1034 2163 ut
1064 2120 1108 2163 in
1141 2120 1356 2180 longiores
1384 2123 1473 2166 vias
1500 2123 1809 2182 compendium

422 2184 564 2241 illius,
599 2203 731 2246 quam
765 2187 1004 2248 elegeram,
1038 2191 1259 2235 brevitatis
1294 2194 1587 2237 extenderem.
1627 2194 1810 2238 Favebis
1869 2208 1878 2255 ᾗ

424 2256 573 2316 itaque
597 2260 714 2317 operi
733 2268 808 2302 tua
827 2260 1082 2304 auctoritate
1101 2271 1322 2321 suscepto,
1349 2265 1470 2323 cujus
1491 2264 1548 2308 ob
1571 2265 1653 2308 hoc
1674 2264 1809 2324 potis-
1832 2258 1834 2260 V
1869 2287 1874 2328 ξ

423 2327 580 2371 simum
596 2344 755 2372 nomen
774 2329 952 2385 inserui,
979 2340 1026 2374 ut
1044 2330 1181 2389 stylus
1202 2334 1392 2377 securior
1409 2343 1452 2377 et
1471 2333 1648 2379 hilarior
1664 2333 1810 2393 grade-
1876 2346 1884 2374 :-

424 2406 543 2441 retur
564 2400 646 2442 sub
670 2408 801 2443 tantae
824 2401 1063 2459 patrocinio
1081 2403 1295 2461 jussionis(
1325 2403 1425 2448 Fuit
1443 2405 1576 2463 igitur
1598 2414 1808 2464 concepta

423 2467 566 2512 animo
590 2485 677 2514 non
700 2471 947 2529 importuna
971 2472 1076 2515 ratio
1103 2471 1325 2518 brevitatis
1350 2493 1358 2518 :
1391 2474 1492 2534 quia
1520 2476 1565 2519 in
1587 2474 1670 2520 illis
1694 2492 1806 2536 qua·-
1871 2489 1880 2510 ’ῑ

471 2559 478 2576 ¹
504 2554 583 2587 vide
608 2557 645 2588 D.
666 2554 802 2599 Guillon‚
827 2562 901 2590 tom.
924 2568 1006 2600 xxn,
1025 2568 1094 2601 pag.
1120 2561 1279 2601 ¹7o-189.
