1821 3264
383 235 435 261 DE
466 235 757 262 connEPnoNE
789 236 840 263 ET
872 233 1047 264 crtum.
1359 226 1413 264 49

31 300 145 344 enim
177 300 273 358 quis
292 299 504 359 pertineat
535 297 590 342 ad
611 299 1019 358 praedestinatorum
1044 316 1297 356 numerum,
1317 303 1415 362 quis

29 385 118 414 non
143 370 355 428 pertineat
383 387 392 412 ε
418 368 479 412 sic
513 369 625 412 affici
657 368 868 413 debemus
897 370 1114 415 charitatis
1149 372 1331 426 affectu,
1366 381 1416 416 ut

29 455 178 485 omnes
198 439 380 484 velimus
406 438 544 484 salvos
565 440 672 483 fieri.
704 442 797 484 Hoc
819 441 982 500 quippe
1006 442 1071 496 fit,
1097 457 1198 486 cum
1223 443 1416 503 singulos

28 527 245 572 quosque,
272 520 321 554 ut
343 511 610 556 occurrerint
631 527 731 555 cum
761 512 922 570 quibus
945 513 990 555 id
1016 528 1143 571 agere
1168 513 1412 568 valeamus,

28 583 82 627 ad
106 583 186 626 hoc
205 597 415 627 conamur
432 581 665 636 adducere,
693 591 741 625 ut
757 582 982 641 justificati
1007 598 1058 626 ex
1072 582 1158 627 fide
1177 599 1325 642 pacem
1347 586 1417 628 ha-

28 651 162 696 beant
182 651 237 695 ad
260 655 416 705 Deum,
452 668 581 712 quam
601 651 866 711 praedicabat
889 653 1013 696 etiam
1034 654 1288 711 Apostolus,
1315 670 1414 698 cum

28 722 200 766 dicebat
223 741 231 766 :
256 741 275 764 «
297 725 380 766 Pro
403 722 574 767 Christo
589 738 692 781 ergo
710 722 928 781 legatione
946 723 1186 780 fungimur,
1209 733 1414 785 tanquam

30 808 51 833 n
75 795 165 836 Deo
194 792 448 836 exhortante
479 808 555 852 per
590 808 668 837 nos
697 793 974 837 obsecramus
1011 809 1088 852 pro
1123 795 1312 849 Christo,
1351 811 1417 838 re-

30 881 50 903 »
78 862 294 908 conciliari
328 865 460 907 Deo¹.
500 881 520 905 i)
552 863 666 915 Quid
698 873 761 908 est
788 864 904 907 enim
936 864 975 907 ci
1008 864 1302 919 reconciliari,
1338 865 1418 909 nisi

27 948 177 993 pacem
199 932 254 977 ad
279 932 403 976 illum
425 933 614 977 habere?
637 937 819 993 Propter
840 950 971 993 quam
996 950 1145 993 pacem
1175 935 1304 979 etiam
1328 937 1417 994 ipse

27 1004 237 1048 Dominus
265 1007 390 1048 Jesus
421 1003 527 1048 dixit
556 1005 785 1063 Discipulis
820 1006 937 1049 suis:
968 1025 987 1046 «
1016 1009 1065 1049 In
1093 1022 1418 1066 quamcumque

29 1091 49 1114 »
76 1074 257 1118 domum
279 1073 562 1129 intraveritis,
592 1076 779 1133 primum
811 1075 963 1119 dicite:
994 1078 1079 1118 Pax
1101 1076 1204 1119 huie
1227 1075 1379 1120 domui
1407 1094 1414 1119 :

29 1162 49 1184 »
77 1154 119 1188 et
136 1146 170 1189 si
191 1145 251 1189 ibi
276 1145 405 1189 [uerit
426 1145 541 1190 filius
579 1147 696 1205 pacis
714 1182 723 1198 ‚
750 1147 991 1206 requiescet
1022 1162 1150 1205 super
1182 1146 1304 1190 illum
1337 1163 1417 1205 pax

29 1232 49 1255 »
76 1224 242 1272 vestra,
275 1215 343 1258 sin
377 1224 546 1270 autem,
586 1215 640 1259 ad
678 1232 753 1260 vos
788 1225 1025 1260 revertetur
1049 1218 1080 1259 ².
1112 1219 1267 1261 »Cum
1306 1217 1418 1260 hanc

26 1285 326 1343 evangelizant
360 1301 532 1344 pacem,
569 1286 623 1330 de
655 1287 813 1346 quibus
838 1286 1091 1346 praedictum
1122 1297 1185 1331 est
1206 1307 1213 1331 ;
1236 1306 1255 1328 ‹<
1281 1292 1417 1340 Quam

29 1372 49 1395 »
75 1355 255 1414 speciosi
280 1355 410 1413 pedes
433 1371 583 1399 eorum
618 1357 693 1415 qui
721 1357 987 1400 annuntiant
1018 1372 1191 1414 pacem,
1228 1358 1303 1415 qui
1341 1373 1418 1400 an-

28 1443 50 1467 »
83 1426 288 1469 nuntiant
322 1426 488 1470 bona³l
519 1444 538 1467 »
564 1426 689 1469 nobis
718 1426 896 1485 quidem
934 1435 1036 1469 tunc
1060 1426 1211 1484 incipit
1234 1427 1417 1485 quisque

25 1496 138 1540 filius
162 1498 298 1555 pacis,
323 1512 422 1540 cum
450 1496 664 1540 obedierit
693 1506 735 1540 et
766 1497 998 1540 crediderit
1028 1497 1129 1540 huic
1154 1498 1413 1555 Evangelio,

24 1576 68 1611 et
83 1582 134 1611 ex
151 1567 236 1611 fide
251 1568 512 1627 justificatus
531 1583 680 1626 pacem
698 1566 751 1611 ad
772 1570 907 1611 Deum
926 1567 1086 1610 habere
1106 1568 1288 1626 coeperit
1311 1587 1318 1612 :
1345 1584 1414 1611 se-

25 1638 220 1683 cundum
251 1648 394 1683 autem
428 1639 858 1698 praedestinationem
894 1637 994 1691 Dei,
1026 1638 1116 1696 jam
1151 1638 1263 1682 filius
1300 1641 1415 1698 pacis

23 1719 128 1754 erat.
156 1711 306 1769 Neque
329 1709 443 1752 enim
458 1709 621 1753 dictum
645 1719 724 1762 est,
748 1712 887 1767 Super
903 1723 1035 1768 quem
1058 1710 1318 1768 requieverit
1335 1725 1414 1767 pax

23 1789 179 1834 vestra,
204 1780 280 1823 fiet
299 1779 414 1822 filius
431 1779 547 1837 pacis
570 1798 578 1823 ε
604 1778 701 1833 sed,
732 1798 749 1820 «
778 1779 819 1823 Si
848 1778 909 1821 ibi
933 1777 1081 1832 fuerit,
1115 1779 1274 1837 inquit,
1301 1780 1414 1822 filius

27 1868 48 1891 »
74 1850 187 1909 pacis
202 1883 213 1905 ,
239 1849 476 1909 requiescet
493 1864 622 1908 super
643 1847 761 1891 illam
783 1847 965 1891 domum
989 1862 1071 1906 pax
1092 1857 1247 1892 vestra.
1274 1866 1293 1888 »
1316 1851 1412 1892 Jam

25 1935 127 1980 ergo
149 1928 192 1964 ct
214 1929 448 1980 antequam
477 1919 540 1963 illi
566 1919 899 1963 annuntiaretur
926 1918 1020 1962 haec
1039 1933 1137 1976 pax,
1163 1918 1277 1962 filius
1298 1919 1413 1977 pacis

23 1991 84 2035 ibi
104 2000 211 2045 erat,
236 1991 348 2035 sicut
370 2005 469 2034 eum
493 1998 672 2033 noverat
688 1998 819 2047 atque
836 1988 1081 2046 praescierat
1102 2003 1192 2031 non
1214 1992 1411 2045 Evange-

24 2061 146 2118 lista3
180 2061 254 2105 sed
293 2065 420 2105 Deus.
464 2059 533 2104 Ad
566 2075 643 2104 nos
666 2075 767 2116 ergo
796 2059 871 2119 qui
895 2058 1110 2102 nescimus
1131 2059 1331 2118 quisnam
1360 2060 1413 2102 sit

24 2131 138 2176 filius
154 2131 286 2191 pacis,
311 2140 386 2175 aut
409 2145 498 2175 non
515 2131 584 2184 sit,
607 2130 793 2189 pertinet
816 2127 987 2171 nullum
1005 2137 1232 2187 exceptum
1250 2128 1409 2181 facere,

25 2202 287 2263 nullumque
321 2200 588 2257 discernere,
612 2200 688 2244 sed
711 2199 820 2243 velle
843 2214 992 2243 omnes
1013 2199 1150 2243 salvos
1172 2200 1285 2254 fieri,
1315 2200 1414 2260 qui·

26 2274 108 2317 bus
129 2272 415 2332 praedicamus
452 2273 564 2315 hanc
596 2285 762 2330 pacem.
800 2272 952 2328 Neque
974 2270 1090 2312 enim
1126 2270 1413 2313 metuendum

26 2354 163 2388 estne
197 2343 428 2402 perdamus
446 2357 565 2396 eam,
591 2342 625 2384 si
658 2341 755 2397 ille,
789 2340 858 2383 cui
891 2339 1196 2398 praedicamus,
1230 2355 1318 2384 non
1352 2350 1414 2383 est

27 2415 139 2459 filius
161 2414 300 2474 pacis,
324 2413 626 2472 ignorantibus
650 2411 776 2456 nobis
798 2431 806 2455 ε
834 2410 888 2455 ad
911 2426 988 2453 nos
1012 2411 1125 2454 enim
1156 2420 1410 2462 revertetur,

27 2485 173 2539 idest,
198 2485 323 2529 nobis
356 2483 550 2543 proderit
582 2484 660 2527 ista
690 2481 956 2540 praedicatio,
985 2496 1072 2524 non
1092 2490 1135 2523 et
1165 2481 1253 2524 ini:
1282 2481 1315 2524 si
1338 2497 1415 2524 au-

77 2578 84 2594 ¹
110 2574 198 2604 Rom.
219 2582 251 2611 v,
277 2582 302 2606 1,
321 2573 351 2600 ct
371 2579 389 2600 2
410 2571 483 2599 (ior.
503 2579 535 2608 v,
559 2579 605 2599 ιο.
622 2585 655 2589 —n
676 2574 686 2588 ἲ
709 2570 782 2598 Luc.
806 2578 834 2603 x,
857 2566 886 2597 5.
908 2584 942 2587 —-
964 2565 976 2586 ἆ
999 2566 1067 2597 lsai.
1091 2577 1142 2603 ιιι,
1168 2577 1196 2606 7.

189 2634 338 2665 exuti.
1204 2634 1227 2653 a
