1821 3264
366 250 418 277 DE
448 249 737 277 CORREPTIONE
770 249 822 277 ET
854 250 1025 278 GRA'HA.
1339 242 1393 278 29

14 325 268 376 cooperatur
298 317 344 360 in
382 317 562 360 bonum.
610 316 765 359 Utrum
806 325 952 359 autem
996 316 1055 360 ita
1093 317 1146 360 sit
1184 324 1362 361 vocatus
1380 351 1390 371 ‚

13 389 218 449 quoniam
251 387 327 447 qui
361 386 539 445 corripit
570 384 732 442 nescit3
768 384 897 429 faciat
936 386 1026 445 ipse
1059 401 1160 430 cum
1189 387 1395 431 charitate

12 458 133 520 quod
149 459 226 503 scit
248 472 336 501 esse
355 455 608 502 faciendum
630 475 638 500 z
661 456 745 499 scit>
757 455 873 499 enim
893 455 1022 499 talem
1047 457 1393 516 corripiendum3

13 528 184 575 facturo
206 532 296 573 Deo
314 537 389 573 aut
409 526 774 581 misericordiam,
798 534 874 570 aut
892 526 1106 582 judicium
1129 545 1138 571 :
1159 528 1397 572 misericor-

14 600 129 644 diam
154 598 356 660 quidem‚
389 599 424 643 si
445 615 468 643 a
490 613 624 642 massa
648 596 900 657 perditionis
928 595 1002 640 ille
1027 597 1103 656 qui
1135 598 1368 656 corripitur
1383 633 1393 651 ,

13 670 159 728 gratiae
187 670 386 728 largitate
412 668 622 714 discretus
644 677 733 722 est⁷
761 677 805 712 et
832 682 922 712 non
957 677 1021 712 est
1047 668 1159 712 inter
1192 684 1292 713 vasa
1323 669 1398 712 irae

12 757 111 801 quae
142 740 333 800 perfecta
364 749 465 785 sunt
504 741 549 784 in
585 739 897 799 perditionem,
930 738 1006 783 sed
1042 739 1155 783 inter
1178 754 1278 783 vasa
1314 740 1398 783 mi-

11 812 254 856 sericordiae
278 827 376 872 quae
399 811 655 871 praeparavit
686 814 824 854 Deum
850 811 894 853 in
917 808 1153 868 gloriam¹3
1183 809 1399 869 judicium

11 898 137 938 vero,
171 884 204 927 si
231 882 382 927 inillis
408 892 472 927 est
506 882 754 937 damnatus,
787 881 832 925 in
864 881 931 925 his
958 895 1048 925 non
1078 890 1141 924 est
1176 880 1400 940 praedesti-

11 962 154 998 natus.

66 1026 229 1069 XXVI.
266 1025 347 1069 Hic
373 1025 571 1069 exoritur
593 1023 675 1068 alia
707 1023 913 1083 quaestio,
952 1037 1042 1067 non
1065 1037 1167 1067 sane
1199 1030 1399 1066 contem-

10 1094 175 1150 nenda,
201 1094 277 1139 sed
297 1095 343 1139 in
369 1096 586 1157 adjutorio
608 1095 808 1148 Domini,
840 1095 884 1137 in
908 1095 1030 1154 cujus
1066 1109 1199 1137 manu
1232 1102 1334 1137 sunt
1358 1102 1402 1137 et

9 1181 88 1210 nos
127 1175 170 1210 et
208 1182 426 1211 sermones
464 1167 600 1212 nostri
632 1202 641 1221 ,
684 1164 971 1223 aggredienda
1005 1174 1136 1224 atque
1174 1163 1396 1209 solvenda,

10 1237 232 1289 Quaeritur
251 1238 367 1281 enim
392 1253 416 1281 a
447 1237 598 1291 nobis,
624 1245 838 1296 quantum
861 1236 1017 1279 attinet
1046 1236 1101 1279 ad
1129 1237 1211 1279 hoe
1234 1236 1400 1280 donum

10 1308 112 1361 Dei,
138 1308 259 1367 quod
281 1317 345 1351 est
366 1308 411 1351 in
434 1308 552 1352 bono
575 1322 850 1366 perseverare
872 1321 1011 1366 nsque
1033 1307 1078 1351 in
1106 1307 1240 1350 finem
1257 1341 1267 1361 ‚
1293 1306 1401 1366 quid

9 1377 64 1421 de
86 1378 179 1436 ipso
200 1378 341 1436 primo
362 1379 539 1422 homine
561 1378 820 1431 sentiamus,
843 1378 918 1436 qui
936 1386 1052 1420 certe
1070 1379 1161 1420 sine
1183 1377 1274 1420 ullo
1296 1377 1402 1420 vitio

11 1446 148 1492 factus
170 1458 233 1493 est
254 1459 412 1493 rectus.
433 1452 522 1495 Nee
539 1450 653 1493 dieo.
679 1449 722 1494 Si
740 1448 1104 1507 perseverantiam
1120 1463 1210 1491 non
1228 1447 1399 1500 habuit,

9 1519 232 1578 quomodo
251 1520 344 1564 sine
365 1520 471 1564 vitio
493 1519 600 1574 fuit,
626 1520 696 1564 cui
722 1528 808 1563 tam
828 1519 1117 1563 necessarium
1141 1518 1218 1562 Dei
1237 1518 1401 1561 donum

11 1587 176 1633 defuit?
206 1590 319 1635 Huic
348 1606 539 1651 namque
565 1589 899 1648 interrogationi
930 1589 1058 1633 facile
1082 1588 1371 1648 respondetur
1389 1622 1400 1642 ,

9 1675 108 1704 eum
132 1663 491 1721 perseverantiam
515 1678 606 1707 non
629 1662 850 1717 habuisse,
877 1662 979 1720 quia
1002 1661 1047 1705 in
1069 1676 1120 1705 eo
1143 1662 1287 1714 bono,
1314 1674 1402 1718 quo

9 1732 100 1776 sine
127 1733 230 1777 vitio
259 1733 365 1789 suit,
393 1749 483 1778 non
504 1733 796 1793 perseveravit
818 1752 826 1777 2
851 1732 986 1792 coepit
1009 1733 1126 1776 enim
1154 1732 1314 1776 habere
1336 1730 1403 1775 vi-

10 1802 120 1846 tium
144 1819 197 1847 ex
219 1820 308 1863 quo
336 1804 515 1862 cecidit3
539 1815 583 1848 et
617 1806 650 1848 si
685 1805 841 1864 coepit,
879 1814 979 1849 ante
1009 1819 1140 1864 quam
1177 1804 1401 1862 coepisset,

12 1875 165 1933 utique
184 1875 276 1919 sine
295 1876 402 1921 ‘vitio
421 1875 519 1920 fuit.
547 1875 681 1920 Aliud
702 1885 765 1920 est
787 1877 902 1919 enim
926 1891 1016 1920 non
1037 1875 1199 1919 habere
1220 1874 1399 1926 vitium,

10 1954 53 1989 et
70 1943 190 1989 aliud
212 1946 338 1990 estin
355 1961 404 1990 ea
422 1947 641 2001 bonitate,
665 1947 710 1989 in
727 1961 815 2005 qua
831 1945 1004 1989 nullum
1023 1945 1178 1989 vitium
1201 1954 1264 1988 est
1278 1979 1288 1998 ‚
1314 1959 1403 1988 non

10 2029 199 2059 manere.
227 2018 292 2060 Eo
314 2016 477 2075 quippe
500 2016 593 2074 ipso
620 2014 741 2075 quod
759 2031 849 2059 non
879 2015 1038 2059 dicitur
1060 2010 1289 2074 nunquam
1312 2014 1404 2057 sine

11 2085 117 2130 vitio
133 2084 267 2130 fuisse
285 2104 294 2130 ε
314 2086 390 2130 sed
412 2085 569 2130 dieitur
587 2086 677 2130 sine
694 2086 800 2130 vitio
818 2101 908 2130 non
926 2086 1232 2145 permansisse,
1251 2083 1403 2144 procul

13 2153 148 2200 dubio
182 2155 506 2200 demonstratur
540 2157 630 2200 sine
654 2156 760 2200 vitio
792 2155 946 2210 fuisse,
973 2157 1017 2199 in
1051 2171 1138 2215 quo
1168 2155 1285 2199 bon'o
1314 2169 1402 2199 non

13 2226 294 2284 permansisse
316 2226 535 2285 culpatur.
576 2226 660 2271 Sed
682 2225 792 2269 illud
822 2226 957 2284 magis
985 2224 1273 2285 quaerendum
1299 2240 1403 2284 ope-

14 2298 237 2356 rosiusque
272 2296 550 2341 tractandum
586 2305 675 2351 est,
702 2295 925 2356 quomodo
953 2296 1289 2355 respondeamus
1313 2296 1372 2340 eis
1389 2330 1399 2349 ‚

16 2368 90 2427 qui
122 2367 276 2412 dicunt
310 2387 319 2412 ε
363 2387 382 2410 «
422 2367 465 2412 Si
498 2369 543 2411 in
580 2366 652 2411 illa
680 2366 940 2410 rectitudine
975 2367 1020 2410 in
1050 2383 1136 2427 qua
1175 2367 1265 2411 sine
1297 2367 1402 2411 vitio

17 2436 155 2482 faetus
187 2446 278 2493 est,
310 2438 465 2481 habuit
494 2437 882 2497 perseverantiam,
917 2436 1069 2495 procul
1099 2437 1233 2481 dubio
1260 2452 1405 2496 perse-

17 2508 179 2554 veravit
194 2510 239 2554 in
256 2525 303 2554 ea
327 2528 336 2555 :
360 2518 403 2554 et
419 2509 453 2554 si
470 2509 759 2569 perseveravit
776 2543 787 2564 ‚
808 2509 959 2568 utique
977 2524 1065 2553 non
1082 2507 1276 2568 peccavit
1292 2542 1303 2563 ,
1324 2523 1404 2553 nec

71 2597 78 2616 ¹
98 2594 188 2627 Rom.
208 2604 255 2636 ιι,
274 2602 316 2628 22
337 2597 371 2628 et
387 2594 440 2628 23.
