1884 3285
427 301 509 339 332
849 313 882 338 s.
917 308 1149 339 mensum
1180 311 1364 339 muscom

423 393 554 438 quam
580 378 685 422 meis
712 396 721 423 :
749 392 829 421 nec
862 387 1007 421 tamen
1037 387 1080 422 et
1106 378 1350 438 apostolicis
1380 379 1527 438 cedis3
1563 381 1638 425 sed
1672 381 1807 426 mavis

423 450 552 494 etiam
575 450 664 508 ipsa
686 458 948 508 pervertere,
973 465 1106 509 quam
1128 459 1171 494 te
1192 451 1422 509 corrigere.
1872 455 1874 462 “

481 521 667 564 XXVII.
703 522 927 563 Jmmus.
968 538 987 561 «
1022 521 1210 573 Quaesivi
1239 535 1340 579 ergo
1371 521 1804 581 consequentissime,
1872 568 1874 583 ζ

425 598 474 633 ut
505 590 645 633 omnis
675 605 844 633 mecum
878 589 1065 634 eruditio
1107 599 1410 649 recognoscat,
1443 599 1667 649 peccatum
1688 593 1808 652 quod
1872 600 1874 635 ἰ

424 677 533 722 opus
547 671 610 706 est
629 661 754 706 malae
769 661 1024 716 voluntatis,
1046 671 1088 706 et
1106 677 1214 722 opus
1232 661 1395 706 diaboli
1408 661 1581 717 dicitur,
1605 678 1683 722 per
1703 664 1809 724 quid
1872 682 1875 729 }

422 734 688 777 inveniretur
709 734 755 777 in
781 733 962 792 parvulo
990 752 999 778 :
1025 733 1058 777 si
1081 749 1156 793 per
1178 734 1449 779 voluntatem
1477 754 1487 792 3
1510 743 1553 778 at
1575 733 1742 778 nullam
1765 735 1810 778 in
1873 772 1875 777 a

421 818 472 848 eo
492 803 646 859 fuisse,
672 804 799 848 etiam
819 803 905 858 hic,
926 819 1026 848 cum
1050 820 1138 864 quo
1163 806 1354 863 agimus,
1381 805 1616 849 confitetur
1641 823 1650 849 z
1675 804 1709 848 si
1732 819 1808 864 per
1872 831 1875 864 2

421 876 594 934 nuptias
620 896 630 933 3
651 874 725 919 scd
747 876 822 919 has
841 875 1056 934 pertinere
1076 875 1130 920 ad
1154 891 1262 936 opus
1285 885 1515 934 parentum
1537 909 1547 930 ,
1581 890 1710 919 nemo
1731 876 1808 936 qui
1872 895 1875 901 ·

422 947 620 1002 dubitet,
645 962 754 1008 quos
776 948 822 990 in
841 947 918 991 hac
937 947 1244 992 commixtione
1263 963 1352 992 non
1381 961 1576 1007 peccasse
1592 946 1811 1006 praemise·
1872 984 1875 990 .

422 1028 486 1062 rat
518 1038 527 1063 :
558 1027 633 1063 aut
661 1019 694 1063 si
723 1019 1008 1063 concessionis
1043 1019 1171 1078 hujus
1208 1018 1440 1077 poeniteret
1472 1016 1808 1076 disputatorem,
1873 1056 1874 1059 ,

421 1090 531 1134 sicut
561 1105 783 1149 processus
815 1090 955 1149 operis
990 1089 1212 1132 indicabat
1244 1109 1254 1144 ς
1283 1089 1561 1147 profiteretur
1594 1102 1684 1131 esse
1719 1103 1812 1132 reos

421 1170 637 1220 parentes,
664 1177 851 1221 quorum
877 1169 1099 1205 conventu
1118 1174 1299 1218 regnum
1318 1160 1361 1202 in
1383 1159 1611 1217 imaginem
1632 1159 1709 1203 Dei
1724 1159 1812 1204 dia-

422 1232 511 1276 boli
535 1242 760 1291 pararetur
782 1235 793 1257 ¹
830 1252 836 1275 :
875 1241 918 1275 et
954 1230 1100 1275 addidi
1127 1266 1138 1286 ,
1169 1230 1431 1275 necessariiis
1465 1230 1809 1288 disputationum
1872 1250 1874 1288 j

422 1301 657 1361 gradibus,
701 1318 779 1361 per
812 1301 1021 1360 originale
1053 1311 1282 1361 peccatum
1322 1310 1542 1345 auctorem
1578 1316 1812 1361 corporum
1872 1339 1873 1345 ,

423 1373 647 1417 diabolum
680 1372 847 1416 definiri
877 1392 884 1417 :
910 1372 1012 1432 quia
1034 1372 1066 1415 si
1096 1387 1172 1431 per
1193 1373 1405 1430 originem
1424 1371 1587 1415 malum
1607 1373 1649 1415 in
1672 1372 1813 1416 homi-
1872 1413 1874 1421 ,

421 1443 575 1499 nibus,
608 1460 686 1503 per
708 1442 874 1487 malum
892 1443 963 1502 jus
989 1442 1153 1487 diaboli
1179 1443 1221 1486 in
1247 1443 1443 1487 homines
1479 1464 1489 1499 3
1513 1441 1716 1487 diabolus
1751 1452 1813 1486 est
1872 1447 1875 1487 ἕ

423 1525 574 1559 auctor
591 1515 819 1560 hominum
840 1550 850 1569 ,
878 1531 899 1558 a
922 1530 1010 1574 quo
1028 1524 1091 1558 est
1111 1515 1234 1574 origo
1252 1515 1539 1559 nascentium.
1571 1517 1681 1568 Quae
1698 1530 1812 1574 quo-

422 1586 539 1629 niam
568 1587 613 1629 in
646 1595 772 1630 antro
809 1587 1152 1631 Manichaeorum
1182 1584 1474 1629 Traducianos
1507 1600 1597 1630 esse
1637 1585 1810 1630 clusura
1872 1590 1884 1634 ζζ

422 1657 768 1716 deprehenderat
803 1678 811 1703 ε
848 1659 956 1702 verti
979 1657 1144 1702 clavem
1164 1693 1173 1709 ‚
1202 1666 1251 1701 ut
1272 1657 1511 1717 praeberem
1542 1657 1677 1716 captis
1698 1657 1813 1701 effu-
1872 1671 1884 1718 3¹

423 1729 540 1786 gium
563 1750 574 1786 3
612 1729 909 1790 admonuique
927 1765 938 1784 ,
970 1739 1020 1774 ut
1043 1730 1077 1773 si
1105 1744 1203 1773 vere
1227 1745 1250 1772 a
1280 1732 1369 1773 Deo
1399 1727 1594 1772 crederet
1618 1728 1814 1773 homines

424 1800 530 1853 fieri,
547 1815 743 1860 pureque
765 1801 1048 1845 confiteretur
1065 1816 1154 1844 esse
1176 1803 1381 1860 conjuges
1400 1800 1669 1854 innocentes,
1688 1799 1815 1843 intel·

423 1870 575 1929 ligeret
601 1872 712 1915 trahi
735 1887 823 1916 non
854 1887 976 1931 posse
1009 1887 1061 1915 ex
1087 1871 1152 1915 his
1179 1870 1388 1930 originale
1409 1879 1654 1930 peccatum.
1687 1872 1815 1916 Certe

424 1956 512 1985 non
536 1951 687 2000 peccat
707 1977 717 1996 ,
744 1943 921 2001 inquam
946 1977 956 1997 ,
987 1942 1067 1986 iste
1090 1942 1166 2000 qui
1191 1942 1382 1986 nascitur
1402 1977 1412 1997 ,
1436 1957 1526 1986 non
1557 1949 1710 2001 peccat
1741 1939 1814 1984 ille
1871 1938 1884 1993 }÷

424 2014 499 2073 qui
515 2014 663 2071 genuit
680 2049 690 2068 ,
712 2029 800 2058 non
822 2014 1065 2073 peccatiste
1080 2014 1156 2072 qui
1171 2012 1367 2057 condidit
1381 2015 1419 2057 ²:
1440 2028 1518 2072 per
1539 2028 1645 2072 quas
1668 2014 1811 2066 rimas,
1871 2011 1884 2058 ΞῘ

425 2085 536 2127 inter
556 2092 617 2127 tot
641 2084 837 2143 praesidia
856 2084 1135 2138 innocentiae,
1157 2093 1383 2143 peecatum
1403 2084 1528 2142 fingis
1550 2083 1816 2140 ingressum?
1870 2095 1884 2143 3:

426 2155 543 2207 Quid
566 2156 730 2214 potuit,
757 2171 862 2214 rogo
878 2191 887 2209 ,
912 2157 1122 2210 sanetius,
1160 2156 1267 2215 quid
1284 2156 1452 2210 verius,
1483 2153 1591 2215 quid
1606 2154 1811 2208 lucidius,
1870 2143 1872 2150 ,

426 2226 530 2285 quid
552 2225 740 2280 brevius,
762 2227 1017 2286 firmiusque
1039 2226 1257 2285 componi,
1284 2241 1416 2285 quam
1431 2234 1529 2285 post
1547 2225 1628 2270 tria
1642 2234 1814 2283 sumpta
1870 2243 1884 2285 4

425 2312 523 2356 quae
544 2297 720 2341 inimico
746 2297 1014 2342 concedente
1031 2313 1300 2356 susceperam
1319 2332 1331 2352 ,
1355 2296 1561 2340 inferrem
1584 2305 1812 2356 quartum,
1882 2342 1884 2349 ,

428 2369 473 2411 in
505 2383 594 2428 quo
623 2377 714 2411 erat·
750 2383 916 2412 summa
952 2368 1173 2413 conclusio
1197 2370 1214 2412 P
1235 2371 1342 2413 Nam
1375 2383 1475 2412 cum
1499 2384 1589 2412 uno
1606 2382 1814 2412 nonnun-

427 2453 575 2499 quam,
597 2447 672 2482 aut
693 2438 867 2482 duobus
885 2439 1082 2498 sumptis,
1104 2438 1280 2482 tertium
1303 2438 1542 2482 necessario
1565 2437 1811 2497 colligatur,

428 2525 513 2568 qua
536 2509 631 2568 lege
653 2509 760 2553 mihi
775 2519 872 2569 post
889 2510 967 2554 tria
991 2525 1207 2564 concessa,
1228 2519 1432 2570 quartum
1451 2509 1570 2569 quod
1584 2509 1649 2553 his
1672 2508 1812 2553 adhae-
1869 2496 1884 2556 ,ἰ

477 2619 485 2633 ¹
511 2613 588 2644 Vide
603 2611 658 2643 lib.
680 2623 701 2643 ιι
726 2613 766 2644 de
791 2613 927 2655 Nuptiis,
957 2623 1027 2655 cap.
1055 2622 1110 2655 ¹27,
1139 2617 1172 2646 ct
1197 2613 1252 2646 lili.
1273 2618 1437 2646 incontra
1465 2613 1580 2646 Julian.
1604 2623 1679 2655 cap.
1704 2611 1813 2654 24-—
1868 2625 1884 2641 -ι

430 2675 442 2690 ²
466 2668 543 2700 Vide
560 2668 613 2699 lib.
634 2679 656 2701 ιι
674 2668 714 2700 dc
731 2668 869 2711 Nuptiis,
885 2679 959 2711 cap.
979 2672 1033 2701 28.
