1884 3285
1842 0 1877 182 i

1846 188 1872 232 μὶ

430 252 514 288 272
866 262 899 285 s.
937 257 1169 287 Aucus‘nm
1201 258 1383 286 Emscom
1846 249 1872 298 ἦρ

429 335 471 369 et
492 339 670 383 peccare
687 332 730 367 et
745 338 832 368 non
853 338 1030 382 peccare
1052 340 1188 384 posse.
1208 327 1371 368 Tecum
1388 338 1491 381 ergo
1509 332 1650 382 putat,
1668 338 1691 368 a
1705 333 1815 368 tem·
1846 302 1878 385 ¹⁵5

428 410 533 453 pore
542 395 810 454 baptismatis
824 395 989 454 imponi
1000 396 1248 440 hominibus
1258 398 1551 439 necessitatem
1564 395 1684 449 boni,
1697 395 1817 454 quod
1847 395 1880 442 lt

429 479 555 524 aeque
574 464 731 509 falsum
749 474 827 519 est,
840 480 970 524 quam
988 464 1108 525 quod
1123 475 1170 510 tu
1182 475 1323 525 putaS,
1339 475 1439 509 ante
1453 465 1690 524 baptisma
1680 479 1816 509 messe
1848 480 1877 513 ι

428 534 680 579 hominibus
694 535 991 579 necessitatem
1009 534 1197 579 faciendi
1211 535 1328 578 mali.
1342 537 1452 579 Nam
1470 550 1570 579 cum
1587 533 1691 578 dicis
1713 542 1783 578 tu:
1794 552 1813 575 η
1848 524 1877 595 ᾗς

430 607 528 650 Non
544 615 685 665 potest
703 606 835 651 homo
858 606 963 650 boni
986 606 1152 666 aliquid
1176 606 1306 660 velle,
1341 606 1421 649 nisi
1439 605 1670 666 adjuvetur
1691 605 1745 649 ab
1762 620 1818 650 eo
1849 605 1881 687 {52

430 676 506 735 qui
524 677 688 721 malum
705 693 793 722 non
803 686 945 736 potest
960 676 1094 722 velle:
1117 697 1136 719 «
1156 677 1484 736 participatione
1501 677 1655 736 utique
1672 675 1820 734 gratiae
1850 653 1881 755 ij

430 756 473 791 et
501 757 669 792 naturae
704 749 833 793 bonae
876 749 939 792 vis
975 749 1197 792 hominem
1242 747 1571 807 possibilitatem
1614 746 1821 806 consequi
1851 746 1863 788 ἔ4

430 815 618 861 faciendi
645 818 780 863 boni·
771 818 926 879 ,quod
957 818 1064 863 dicis
1094 828 1240 862 tamen
1269 835 1292 862 a
1328 828 1523 877 tempore
1554 816 1856 880 baptismatis
1851 807 1856 849 3

430 902 555 946 posse
577 890 849 948 contingere.
876 893 994 933 Inter
1011 890 1426 948 impietatemigitur
1448 888 1616 933 medius
1635 888 1821 932 ettimo-
1852 905 1855 950 ss

430 974 542 1013 rem,
572 960 628 1003 ad
652 960 867 1004 Joviniani
887 961 1151 1005 consortium
1186 959 1452 1019 confugisti,
1484 961 1559 1003 sed
1589 957 1822 1004 Manichaei
1852 960 1857 994 ἓ

429 1029 616 1089 lupanar
643 1032 833 1076 necdum
855 1032 1082 1092 reliquisti.
1121 1034 1432 1075 Verumtamen
1462 1041 1585 1075 tanto
1615 1039 1659 1074 te
1690 1031 1822 1074 inno·
1854 1031 1858 1076 ἶ

431 1101 598 1145 centior
633 1103 914 1157 Jovinianus‚
955 1111 1121 1162 quanto
1157 1102 1388 1146 Joviniano
1427 1100 1651 1160 profanior
1682 1100 1824 1144 Mani·
1854 1099 1859 1150 s»

431 1170 591 1213 chaeus.
620 1172 677 1214 Ut
711 1171 828 1214 enim
858 1172 1002 1215 adhuc
1026 1171 1200 1215 brevius
1235 1171 1354 1229 quod
1389 1171 1552 1228 egimus
1576 1169 1822 1228 colligatur,
1854 1204 1858 1220 ,

429 1239 696 1283 Manichaeus
716 1239 821 1284 dicit
843 1260 850 1284 :
875 1244 925 1284 In
948 1240 1152 1285 omnibus
1170 1239 1422 1284 hominibus
1436 1240 1683 1299 inSpiratrix
1701 1238 1826 1282 malae

431 1308 667 1353 voluntatis
694 1310 974 1354 tenebrarum
1006 1320 1161 1355 natura
1187 1309 1430 1369 delinquit,
1465 1319 1508 1353 et
1537 1309 1657 1353 aliud
1686 1307 1827 1352 facere
1855 1312 1859 1355 ἶ

430 1394 521 1423 non
542 1389 697 1438 potest.
724 1383 789 1424 Tu
821 1382 954 1426 dicis:
978 1384 1030 1424 In
1050 1381 1222 1425 cunctis
1239 1380 1492 1424 hominibus
1510 1379 1637 1438 primi
1661 1378 1827 1437 peccati
1856 1370 1859 1443 ξ

431 1450 622 1495 tenebris
659 1451 850 1498 infecta.
897 1461 939 1495 et
975 1467 1051 1510 per
1089 1452 1173 1496 hoc
1208 1450 1332 1494 malae
1386 1449 1623 1494 voluntatis
1674 1458 1825 1493 auctor
1856 1445 1860 1500 i

431 1530 588 1565 natura
609 1522 853 1582 delinquit,
883 1532 925 1567 et
947 1523 1114 1567 bonum
1139 1522 1251 1566 velle
1277 1537 1365 1566 non
1382 1531 1541 1581 potest.
1571 1520 1828 1566 Jovinianus
1855 1517 1862 1600 ἓ

432 1589 563 1636 dicit:
590 1592 802 1637 Voluntas
826 1593 1006 1654 quidem
1024 1594 1270 1647 hominum,
1297 1591 1372 1636 sed
1389 1591 1595 1651 usquead
1613 1591 1860 1651 baptisma
1856 1605 1868 1649 ῥ’,

433 1660 682 1722 delinquit3
721 1674 870 1724 postea
899 1674 1046 1709 autem
1085 1665 1164 1708 nisi
1197 1664 1362 1708 bonum
1406 1662 1516 1707 velle
1547 1678 1636 1707 non
1667 1671 1825 1722 potest.
1857 1658 1861 1763 ἱ

432 1732 674 1789 Catholici,
701 1735 746 1778 id
764 1744 855 1786 est,
887 1750 965 1779 nos
992 1734 1209 1789 dicimus,
1244 1733 1365 1793 quod
1387 1733 1441 1777 ab
1467 1732 1593 1776 initio
1615 1747 1752 1792 usque
1774 1731 1829 1776 ad

432 1801 564 1846 finem
600 1804 691 1848 sine
720 1804 867 1865 aliquo
899 1804 1167 1850 naturalium
1197 1814 1384 1859 coactu,
1415 1803 1617 1848 voluntas
1653 1813 1696 1848 et
1728 1811 1829 1847 ante
1857 1765 1867 1860 i

431 1871 682 1932 baptisma
671 1891 718 1918 in
742 1891 1013 1936 unoquoque
1037 1875 1270 1936 delinquit,
1296 1891 1396 1935 quae
1420 1874 1528 1919 illo·
1518 1890 1612 1934 ipso
1634 1884 1830 1934 tempore
1858 1865 1863 1926 i

432 1958 522 2002 quo
545 1953 722 2002 peccat,
745 1955 1003 2004 potestatem
1038 1947 1172 1990 habet
1194 1946 1398 1990 recedere
1418 1962 1442 1990 a
1463 1946 1603 2001 malo,
1625 1953 1667 1989 et
1690 1931 1869 1989 facere}-

432 2013 624 2068 bonum,
656 2025 708 2059 ut
733 2025 904 2061 constet
933 2017 1041 2061 ratio
1070 2016 1298 2061 libertatis.
1326 2019 1529 2060 Vestrum
1550 2017 1698 2075 itaque
1720 2011 1863 2058 nulli
1859 1990 1874 2062 i·

434 2083 612 2142 quidem
641 2086 798 2130 veritas
819 2086 1075 2143 dogmatum
1103 2096 1272 2131 constat
1307 2106 1316 2131 :
1351 2095 1498 2130 tamen
1527 2101 1627 2130 cum
1651 2085 1707 2128 ab
1741 2099 1830 2129 uno
1859 2083 1863 2137 ξ

435 2153 650 2214 principio
677 2158 830 2202 erroris
864 2156 1033 2202 fueritis
1062 2158 1250 2216 egressi,
1275 2157 1346 2202 vel
1377 2157 1522 2201 minus
1548 2157 1831 2200 inhonestum
1859 2148 1864 2198 l

439 2234 546 2280 erat,
571 2225 605 2269 si
628 2243 727 2286 quae
749 2236 1081 2287 consequuntur
1107 2227 1357 2273 admitteres
1383 2248 1394 2284 3
1421 2237 1464 2272 et
1487 2227 1589 2287 quia
1611 2242 1711 2271 cum
1733 2228 1830 2271 Ma·
1860 2222 1862 2227 ’

438 2294 608 2339 nichaeo
631 2295 753 2351 dicis,
779 2306 933 2341 natura
958 2297 1086 2352 mala,
1121 2297 1166 2341 id
1190 2307 1268 2352 est,
1294 2313 1446 2341 manca
1475 2297 1674 2340 libertate
1696 2294 1830 2339 delin-
1860 2316 1865 2353 ,¹

436 2364 528 2423 qui,
541 2365 702 2410 diceres
723 2381 824 2410 cum
844 2366 1014 2421 eodem,
1037 2365 1161 2411 nullo
1182 2366 1302 2410 illam
1317 2376 1444 2425 pacto
1463 2381 1586 2424 posse
1602 2364 1827 2409 mundari:
1860 2359 1865 2413 ξ

437 2436 555 2493 quod
590 2436 769 2495 quidem
798 2436 900 2481 alibi
928 2438 1152 2493 affirmas·
1179 2436 1254 2481 sed
1276 2435 1398 2496 quod
1418 2436 1655 2480 necessario
1678 2449 1831 2480 conse-
1860 2417 1865 2470 i

437 2503 566 2548 batui
583 2505 856 2565 adjungeres,
875 2507 975 2552 ideo
995 2508 1032 2550 ei
1051 2522 1161 2566 opus
1184 2522 1274 2552 non
1291 2522 1380 2550 esse
1402 2506 1670 2566 baptismatis
1691 2520 1827 2550 sacra·
1861 2526 1865 2544 ε

438 2574 607 2620 mentis.
633 2578 722 2621 Aut
750 2576 785 2622 si
808 2592 911 2622 cum
940 2578 1195 2632 Joviniano‚
1229 2594 1253 2623 a
1279 2587 1474 2636 tempore
1496 2585 1711 2636 susceptae
1733 2563 1871 2623 fidei}
