1821 3264
251 246 395 274 omnus
427 246 600 273 namma.
635 246 800 274 con-riu
832 247 1000 275 summ.
1038 249 1120 275 Lm.
1159 250 1206 274 11.
1345 237 1429 276 367

43 309 278 372 aliquando
301 325 390 355 non
419 325 575 371 posse:
595 312 696 371 quia
720 313 933 357 naturalia
956 314 1012 358 ab
1035 314 1159 359 initio
1180 314 1434 359 substantiae

0 397 14 431 Β
45 396 181 442 usque
202 379 258 425 ad
286 382 518 425 terminum
540 380 654 425 illius
679 393 1016 440 perseverant.»

46 475 51 478 ·
102 455 394 496 Anons‘mvus.
433 455 526 496 Hoc
545 461 588 495 et
609 451 664 495 de
681 463 819 498 morte
842 469 983 513 posses
1000 454 1166 511 dicere·
1186 469 1287 499 nam
1305 456 1433 499 etiam

43 537 148 569 cum
164 523 255 582 ipsa
272 523 526 567 nascimur:
552 542 571 565 a
596 525 765 582 Corpus
786 525 902 568 enim
926 535 1148 569 mortuum
1171 534 1233 569 est
1257 534 1433 584 plopter

0 594 22 659 [Ι
46 611 68 636 »
92 596 349 653 peccatum1
385 613 394 638 ι
432 592 537 637 »sed
570 602 612 637 et
644 593 679 638 si
710 610 799 638 non
829 605 1006 655 propter
1034 605 1261 655 peccatum
1280 631 1291 649 ‚
1321 597 1434 640 sicut

41 663 235 723 desipitis
257 684 268 721 3
292 664 510 709 nascimur
530 673 679 708 tamen
707 667 798 710 sino
832 667 1104 712 dubitatione
1126 667 1330 711 mortales
1355 685 1364 710 :
1391 675 1434 709 et

39 742 188 780 tamen
229 749 344 778 mors
384 744 513 794 atque
555 735 794 781 mortalitas
840 753 929 782 non
969 739 1083 791 erit,
1131 735 1433 782 immortaliter

39 804 284 851 viventibus
311 805 451 850 nobis.
480 806 598 850 Sicut
631 820 732 864 ergo
761 822 878 851 mors
911 808 1134 866 originalis
1162 816 1224 851 cst
1243 842 1253 862 ‚
1288 817 1332 851 et
1364 817 1433 851 ta-

38 876 304 934 meffpotuit
325 891 430 930 esse,
455 885 597 935 potest
626 892 716 920 non
739 892 846 931 esse,
881 877 1033 922 melius
1059 888 1206 922 nostra
1229 886 1433 922 manente

36 955 192 994 natura
218 965 227 991 z
252 948 310 990 sic
341 955 384 990 et
406 946 616 1005 originale
647 957 875 1006 peccatum
891 983 902 1003 ‚
927 957 970 992 et
989 949 1134 1008 potuit
1158 964 1271 1003 esse,
1297 963 1432 1007 gene-

7 1067 9 1071 !
35 1017 200 1061 ratione
220 1025 436 1075 tractum3
472 1026 516 1061 et
546 1027 686 1077 potest
718 1034 808 1063 non
837 1033 927 1063 esse
947 1053 958 1074 ,
993 1019 1318 1077 regeneratione
1352 1018 1432 1063 de-

7 1115 9 1117 ·
37 1096 240 1132 tractum.

93 1160 314 1203 LXXVII.
335 1160 360 1202 J
366 1176 562 1203 [Lmivts.
588 1161 708 1205 «Nec
730 1175 753 1204 a
776 1163 890 1218 Lege
911 1168 1132 1204 ostensum
1152 1169 1244 1215 est,
1271 1159 1338 1205 vel
1362 1175 1432 1204 os-

34 1228 154 1274 tendi
177 1230 320 1289 potuit
354 1250 365 1288 3
399 1230 503 1290 quia
534 1245 764 1290 nunquam
798 1229 1021 1308 legislator
1061 1247 1198 1291 usque
1236 1231 1291 1275 ad
1319 1231 1432 1275 hanc

0 1354 5 1360 Ι
30 1301 197 1345 veniret
219 1301 490 1355 amentiam,
517 1310 565 1345 ut
588 1301 844 1361 praeciperet
875 1301 1114 1362 cuiquam:
1137 1301 1234 1347 Noli
1259 1302 1340 1354 ita,
1361 1300 1431 1344 vel

0 1367 5 1378 ”
32 1370 93 1415 ita
122 1372 274 1416 nasci:
299 1381 344 1416 et
375 1335 496 1431 quod
528 1371 754 1417 admoneri
786 1387 876 1416 non
904 1371 1053 1417 decuit
1083 1381 1133 1416 ut
1169 1372 1428 1431 corrigatur,

27 1440 196 1501 justum
223 1457 313 1486 esse
335 1458 424 1487 non
446 1451 588 1501 potest
609 1452 659 1486 ut
680 1442 951 1502 puniatur.»

38 1549 41 1552 .
93 1515 385 1557 ΑυαῑεΤω-ιε.
423 1516 519 1559 Non
550 1514 802 1572 praecipitur
837 1513 1005 1557 homini
1046 1528 1136 1572 quo
1170 1511 1301 1556 modo
1330 1527 1432 1555 nas-

0 1577 2 1588 *
33 1592 156 1628 catur
178 1603 187 1628 z
212 1582 288 1627 sed
307 1593 575 1643 praeceptum
593 1594 657 1628 est
676 1599 765 1643 quo
786 1583 920 1629 modo
939 1582 1013 1627 ille
1030 1584 1212 1632 viveret,
1239 1597 1433 1642 praecep-

28 1662 216 1714 tumque
230 1654 438 1713 violavit3
462 1671 486 1700 a
508 1671 597 1715 quo
619 1665 799 1715 parente
812 1664 1041 1715 peccatum
1062 1654 1268 1713 originale
1288 1653 1431 1698 dedu-

31 1725 159 1770 citur.
186 1727 442 1785 Praecipitur
463 1728 595 1772 etiam
618 1736 668 1771 ut
682 1725 824 1771 infans
838 1726 1198 1780 circumcidatur,
1222 1725 1430 1769 damnan-

28 1794 112 1841 dus
147 1797 228 1841 nisi
258 1797 595 1842 circumcidatur
630 1815 638 1842 :
677 1797 748 1841 cui
780 1807 929 1841 tamen
964 1812 1055 1842 non
1090 1796 1232 1840 solum
1264 1794 1431 1854 aliquid

33 1866 176 1923 aliud,
201 1869 274 1912 sed
287 1884 368 1913 nec
389 1869 539 1913 saltem
558 1868 829 1913 circumcisio
858 1868 948 1927 ipsa
966 1867 1229 1926 praecipitur.
1258 1869 1320 1910 Ac
1356 1881 1431 1924 per

29 1938 116 1982 hoc
130 1973 142 1993 ‚
162 1953 253 1982 non
274 1938 454 1998 quidem
478 1939 730 1999 praecipitur
748 1939 917 1982 homini
939 1954 1028 1998 quo
1057 1938 1188 1982 modo
1205 1945 1428 1981 nascatur:

36 2009 265 2054 «Mundus
284 2018 432 2054 tamen
452 2025 542 2054 non
562 2018 627 2053 est
647 2025 670 2052 a
686 2009 811 2053 sorde
833 2009 1017 2068 peccati,
1042 2024 1124 2052 nec
1145 2007 1290 2052 infans
1307 2008 1430 2067 cujus

26 2095 57 2121 »n
73 2089 139 2124 est
158 2080 290 2124 unius
305 2080 401 2124 diei
421 2081 509 2125 vita
531 2095 661 2140 super
686 2089 843 2124 terram
868 2083 899 2123 2.
931 2098 951 2121 »
987 2082 1099 2137 Lege
1130 2078 1261 2123 verba
1291 2077 1429 2122 sancti

28 2149 117 2195 Joh
144 2169 154 2195 ε
179 2159 222 2194 et
241 2150 433 2195 invenies
460 2159 501 2194 te
527 2165 616 2195 esse
641 2150 894 2195 mendacem
916 2184 927 2205 ‚
956 2149 1167 2209 loquente
1190 2147 1266 2193 illo
1294 2161 1428 2207 quem

24 2221 149 2265 aneus
166 2220 276 2265 dixit
298 2236 388 2265 esse
412 2236 628 2265 veracem.

91 2294 336 2337 LXXVIII.
363 2295 590 2337 humus.
617 2294 710 2337 «Et
741 2290 862 2351 quod
892 2306 1030 2350 usque
1064 2289 1119 2334 ad
1142 2293 1302 2348 Legem
1336 2297 1426 2344 est,

34 2364 279 2408 ostenditur
296 2380 386 2409 non
403 2379 493 2408 esse
508 2373 604 2423 post
620 2366 777 2422 Legem
789 2398 799 2418 ‚
827 2362 1078 2407 ostenditur
1098 2370 1318 2420 postremo
1339 2374 1429 2405 non

29 2448 124 2479 lesse
139 2443 234 2494 post
256 2435 494 2480 Christum.
527 2456 543 2474 »

95 2508 385 2550 Aust-snmus.
423 2508 489 2549 Ita
527 2513 670 2547 reatus
702 2503 831 2563 hujus
864 2501 1028 2561 peccati
1054 2499 1300 2545 ostenditur
1334 2515 1427 2544 non
1483 2545 1490 2551 ,

85 2594 95 2612 ¹
115 2591 207 2622 Rom.
230 2599 289 2630 vu,
312 2600 364 2623 ιο.
379 2605 421 2614 —-
436 2595 450 2612 2
468 2588 545 2631 Job,
565 2597 631 2628 xiv,
651 2585 685 2626 Δ.
