1821 3264
263 259 404 286 OPERIS
440 253 610 282 IMPEnF.
647 247 806 275 CONTRA
842 244 1009 272 JULIAN.
1046 243 1128 269 Lm.
1165 241 1194 265 1.
1335 225 1417 262 213

47 329 110 383 lis,
129 325 304 384 adoptio
326 323 512 367 filiorum
539 314 628 368 Dei,
646 312 936 369 municipatus
959 304 1194 352 Jerusalem
1217 300 1421 353 coelestiS,

47 395 345 448 sanctificatio,
372 401 501 451 atque
523 388 566 430 in
589 382 748 429 Christi
769 381 961 424 membra
984 376 1205 422 translatio
1225 408 1235 428 ,
1262 381 1304 416 et
1326 385 1426 430 pos-

48 470 175 514 sessio
199 466 322 525 regni
343 462 552 507 coelorum
573 459 590 500 '1'
614 453 814 499 Haeccine
837 460 902 495 tot
923 463 1102 492 munera
1122 455 1210 489 tam
1233 456 1429 487 necessa-

50 541 127 595 ria,
158 547 223 583 tot
246 534 508 594 imaginibus
535 528 618 572 suis
646 524 817 569 nullum
844 519 1086 566 secundum
1103 531 1179 561 vos
1203 521 1432 573 peccatum

49 608 308 656 habentibus
324 611 503 663 negaret
520 604 650 652 Deus,
672 609 802 656 penes
817 607 949 653 quem
967 603 1136 634 summa
1149 593 1336 645 potestas
1352 590 1431 635 est,

51 696 150 726 cum
167 680 251 723 hoc
270 675 527 720 beneficium
547 684 634 714 non
654 683 675 711 a
694 681 737 711 se
754 663 985 724 prohibeat
1001 659 1202 704 voluntas
1223 652 1435 699 contraria

50 748 362 812 parvulorum?
382 748 446 789 Tu
463 750 577 787 certe
593 747 642 783 ut
658 738 769 780 hanc
786 752 807 778 a
827 733 947 778 vobis
962 727 1197 775 amolireris
1210 722 1434 774 invidiam,

51 838 137 883 qua
165 818 360 864 dicimini
387 812 574 875 parvulis
604 807 806 868 baptismi
836 804 1013 864 gratiam
1039 801 1268 856 denegare,
1294 791 1441 838 dixisti

53 891 172 955 quod
197 905 290 935 eam
322 887 519 947 gratiam,
549 882 625 942 qui
655 878 873 939 aliquibus
901 872 1143 932 negandam
1174 875 1316 928 putat,
1343 877 1440 908 om-

53 964 175 1008 nium
203 962 420 1005 bonorum
451 952 764 999 execrationem
796 953 1025 991 mereatur.
1061 944 1159 987 Non
1189 938 1321 997 igitur
1348 946 1440 977 eam

56 1033 129 1078 Dei
153 1027 462 1089 omnipotentis
479 1023 660 1085 aequitas
676 1027 853 1077 negaret
869 1009 1263 1060 innumerabilibus
1280 1019 1444 1065 parvu-

54 1103 120 1158 lis,
141 1103 217 1162 qui
238 1102 330 1145 sine
351 1099 433 1142 hac
454 1095 536 1140 sub
559 1094 649 1153 ejus
670 1086 987 1148 omnipotentia
1008 1082 1272 1130 moriuntur,
1295 1076 1328 1120 si
1344 1073 1447 1118 mali

54 1171 166 1217 nihil
186 1172 231 1215 in
253 1171 345 1230 ejus
365 1165 537 1212 occulto
554 1162 719 1224 judicio
738 1165 1025 1204 mererentur.
1050 1156 1085 1198 A
1106 1165 1195 1212 quo
1210 1146 1373 1208 judicio
1393 1144 1447 1187 de

57 1245 188 1301 stirpe
212 1240 352 1285 Adam
373 1234 649 1283 venientibus
666 1230 871 1277 omnibus
888 1226 1038 1270 debito
1057 1259 1070 1279 ,
1089 1222 1356 1282 quicumque
1379 1230 1447 1258 se-

60 1312 255 1359 cundum
273 1309 450 1367 gratiam
471 1341 482 1361 ‚
499 1320 586 1350 non
604 1302 845 1348 secundum
868 1297 1067 1342 debitum
1085 1294 1342 1341 liberantur,
1361 1300 1450 1330 non

58 1386 102 1430 in
130 1384 215 1428 suis
238 1380 419 1433 meritis,
448 1376 521 1421 sed
544 1377 589 1419 in
616 1373 802 1419 Domino
827 1370 1081 1429 glorientur.
1099 1366 1186 1408 Vos
1209 1374 1309 1417 ergo
1327 1359 1359 1401 si
1378 1372 1451 1400 ca-

59 1471 154 1500 rere
174 1452 305 1499 vultis
322 1448 558 1510 opprobrio
576 1481 586 1501 ,
608 1459 696 1504 quo
713 1439 919 1486 Ecclesiae
938 1434 1164 1482 catholicae
1179 1427 1454 1474 detestabiles

60 1525 165 1569 facti
194 1523 322 1577 estis,
353 1520 477 1564 sinite
504 1516 724 1562 Christum
757 1508 946 1570 parvulis
977 1520 1066 1550 esse
1092 1507 1238 1547 Jesum
1265 1501 1296 1541 Ἰ.
1327 1494 1454 1549 Quod

61 1594 240 1640 omnino
274 1607 363 1636 non
394 1590 502 1642 erit,
540 1587 572 1630 si
601 1599 689 1628 non
718 1582 777 1625 eis
806 1577 1001 1624 conferet
1029 1583 1206 1635 propter
1229 1566 1349 1629 quod
1373 1567 1456 1609 hoc

61 1679 221 1710 nomen
249 1661 431 1720 accepit,
456 1658 500 1701 id
529 1665 608 1710 est,
636 1653 669 1698 si
694 1667 781 1696 non
814 1665 886 1694 eos
911 1647 1049 1691 salvos
1073 1643 1201 1688 faciet
1225 1656 1247 1683 a
1271 1637 1457 1697 peccatis

62 1749 227 1781 eorum.
265 1735 358 1776 Hoc
390 1730 522 1787 igitur
555 1727 610 1769 de
643 1725 722 1768 ista
758 1720 892 1779 gratia
929 1717 1060 1761 dicite
1082 1749 1093 1770 ,
1134 1721 1183 1756 ut
1218 1709 1458 1754 offensione

63 1804 408 1852 Christianorum
439 1798 493 1841 de
521 1811 607 1856 qua
635 1788 951 1850 conquerimini
979 1784 1157 1830 careatis
1175 1816 1185 1835 ,
1211 1779 1330 1839 quod
1352 1776 1459 1819 dixit

63 1874 303 1922 catholicus
324 1873 478 1917 doctus
496 1868 736 1924 doctorque
754 1859 988 1919 Gregorius
1007 1858 1041 1911 2,
1063 1858 1280 1899 Venerare
1302 1847 1459 1892 nativi-

65 1956 214 2000 tatem,
240 1959 319 2003 per
336 1955 466 2002 quam
493 1949 675 1982 terrenae
697 1930 934 1977 nativitatis
956 1925 1141 1972 vinculis
1165 1915 1373 1966 liberatus
1396 1931 1455 1959 es,

65 2017 196 2063 Nullo
226 2016 373 2075 itaque
400 2011 532 2055 modo
567 2008 619 2052 ad
646 2007 773 2050 istam
803 2002 983 2060 gratiam
1016 1997 1229 2057 pertinere
1257 1987 1460 2050 parvulos

66 2085 359 2138 confitemini,
386 2079 582 2142 quandiu
604 2076 769 2135 negatis
791 2087 862 2116 eos
884 2069 1109 2115 nativitate
1132 2061 1299 2109 coelesti
1322 2076 1344 2103 a
1370 2067 1458 2102 tei-2

69 2174 184 2203 renae
207 2154 444 2200 nativitatis
470 2149 654 2196 vinculis
677 2145 868 2190 liberari.

130 2230 245 2272 LIV.
283 2228 512 2270 Jtrmmrs.
544 2240 563 2261 «
590 2222 698 2272 Quae
720 2214 952 2275 quoniam,
978 2219 1028 2253 ut
1052 2209 1173 2253 locus
1194 2203 1367 2250 interim
1392 2201 1463 2244 hic

69 2298 339 2360 patiebatur,
363 2292 553 2345 munivi,
578 2296 847 2334 revertamur
864 2282 940 2327 illo
960 2279 1078 2325 unde
1096 2276 1274 2337 digressi
1289 2286 1461 2325 sumus,

70 2370 124 2414 de
146 2371 230 2413 hoc
253 2369 345 2427 ipso
363 2401 373 2421 ‚
402 2364 672 2420 ubicumque
701 2366 998 2417 opportunum
1029 2350 1182 2402 fuerit,
1203 2346 1374 2406 plenius
1398 2342 1464 2385 lo-

72 2440 231 2485 cuturi.
252 2441 366 2482 Ecce
383 2443 546 2495 quanta
563 2428 846 2477 confessionis
861 2426 959 2470 luce
976 2458 986 2479 ,
1008 2431 1051 2466 et
1069 2435 1141 2465 eos
1159 2419 1232 2478 qui
1251 2414 1463 2474 baptisma

36 2508 37 2511 ¹
75 2508 263 2570 parvulis
289 2508 577 2564 denegarent,
603 2511 645 2545 et
667 2515 742 2544 vos
764 2498 840 2558 qui
861 2497 951 2555 ejus
975 2489 1231 2552 praejudicio
1250 2485 1463 2547 justitiam

123 2597 131 2613 ¹
150 2593 264 2626 Matth.
284 2604 306 2633 ι,
326 2600 378 2622 ¹21.
396 2608 433 2613 .„
446 2596 459 2612 ²
481 2591 611 2628 Gregor.
630 2584 778 2616 Nazianz.
797 2581 827 2611 in
843 2579 957 2612 christi
975 2575 1109 2609 Nativit.
