<?xml version="1.0" encoding="UTF-8"?>
<!DOCTYPE html PUBLIC "-//W3C//DTD XHTML 1.0 Transitional//EN"
    "http://www.w3.org/TR/xhtml1/DTD/xhtml1-transitional.dtd">
<html xmlns="http://www.w3.org/1999/xhtml" xml:lang="en" lang="en">
 <head>
  <title>
</title>
<meta http-equiv="Content-Type" content="text/html;charset=utf-8" />
  <meta name='ocr-system' content='tesseract 3.04.00' />
  <meta name='ocr-capabilities' content='ocr_page ocr_carea ocr_par ocr_line ocrx_word'/>
</head>
<body>
  <div class='ocr_page' id='page_1' title='image "./operaomniaaccura36auguuoft/operaomniaaccura36auguuoft_0324.png"; bbox 0 0 1884 3285; ppageno 0'>
   <div class='ocr_carea' id='block_1_1' title="bbox 464 236 1418 274">
    <p class='ocr_par' dir='ltr' id='par_1_1' title="bbox 464 236 1418 274">
     <span class='ocr_line' id='line_1_1' title="bbox 464 236 1418 274; baseline -0.009 0"><span class='ocrx_word' id='word_1_1' title='bbox 464 236 545 274; x_wconf 70' lang='lat'>24²2</span> <span class='ocrx_word' id='word_1_2' title='bbox 906 242 938 269; x_wconf 85' lang='lat' dir='ltr'>s.</span> <span class='ocrx_word' id='word_1_3' title='bbox 976 240 1205 268; x_wconf 67' lang='lat' dir='ltr'>Ateus&#39;rnvi</span> <span class='ocrx_word' id='word_1_4' title='bbox 1241 240 1418 266; x_wconf 69' lang='lat' dir='ltr'>srlscom</span> 
     </span>
    </p>
   </div>
   <div class='ocr_carea' id='block_1_2' title="bbox 442 305 1884 2541">
    <p class='ocr_par' dir='ltr' id='par_1_2' title="bbox 442 305 1884 2543">
     <span class='ocr_line' id='line_1_2' title="bbox 458 305 1832 368; baseline -0.006 -16"><span class='ocrx_word' id='word_1_5' title='bbox 458 310 556 368; x_wconf 80' lang='lat' dir='ltr'>quia</span> <span class='ocrx_word' id='word_1_6' title='bbox 581 317 659 361; x_wconf 79' lang='lat' dir='ltr'>est,</span> <span class='ocrx_word' id='word_1_7' title='bbox 685 306 907 365; x_wconf 81' lang='lat' dir='ltr'>quomodo</span> <span class='ocrx_word' id='word_1_8' title='bbox 925 306 962 348; x_wconf 88' lang='lat' dir='ltr'>ei</span> <span class='ocrx_word' id='word_1_9' title='bbox 975 305 1124 349; x_wconf 89' lang='lat' dir='ltr'>obsisti</span> <span class='ocrx_word' id='word_1_10' title='bbox 1141 312 1297 363; x_wconf 84' lang='lat' dir='ltr'>potest,</span> <span class='ocrx_word' id='word_1_11' title='bbox 1323 312 1371 346; x_wconf 91' lang='lat' dir='ltr'>ut</span> <span class='ocrx_word' id='word_1_12' title='bbox 1392 316 1480 346; x_wconf 89' lang='lat' dir='ltr'>non</span> <span class='ocrx_word' id='word_1_13' title='bbox 1494 308 1711 359; x_wconf 82' lang='lat' dir='ltr'>peccetur,</span> <span class='ocrx_word' id='word_1_14' title='bbox 1734 317 1832 362; x_wconf 83' lang='lat' dir='ltr'>quae</span> 
     </span>
     <span class='ocr_line' id='line_1_3' title="bbox 457 371 1652 436; baseline -0.008 -14"><span class='ocrx_word' id='word_1_15' title='bbox 457 378 603 436; x_wconf 82' lang='lat' dir='ltr'>repelli</span> <span class='ocrx_word' id='word_1_16' title='bbox 619 393 706 421; x_wconf 89' lang='lat' dir='ltr'>non</span> <span class='ocrx_word' id='word_1_17' title='bbox 728 385 883 435; x_wconf 82' lang='lat' dir='ltr'>potest.</span> <span class='ocrx_word' id='word_1_18' title='bbox 909 384 957 419; x_wconf 80' lang='lat' dir='ltr'>ut</span> <span class='ocrx_word' id='word_1_19' title='bbox 979 392 1003 419; x_wconf 88' lang='lat' dir='ltr'>a</span> <span class='ocrx_word' id='word_1_20' title='bbox 1028 375 1191 434; x_wconf 89' lang='lat' dir='ltr'>peccati</span> <span class='ocrx_word' id='word_1_21' title='bbox 1213 388 1342 432; x_wconf 89' lang='lat' dir='ltr'>opere</span> <span class='ocrx_word' id='word_1_22' title='bbox 1365 371 1608 416; x_wconf 71' lang='lat' dir='ltr'>desinatur?</span> <span class='ocrx_word' id='word_1_23' title='bbox 1633 389 1652 412; x_wconf 79' lang='lat'>»</span> 
     </span>
     <span class='ocr_line' id='line_1_4' title="bbox 513 442 1832 503; baseline -0.005 -11"><span class='ocrx_word' id='word_1_24' title='bbox 513 465 791 492; x_wconf 67' lang='lat' dir='ltr'>At&#39;GL&#39;STINITS.</span> <span class='ocrx_word' id='word_1_25' title='bbox 827 445 1027 491; x_wconf 89' lang='lat' dir='ltr'>Secundo</span> <span class='ocrx_word' id='word_1_26' title='bbox 1061 445 1172 489; x_wconf 91' lang='lat' dir='ltr'>libro</span> <span class='ocrx_word' id='word_1_27' title='bbox 1207 454 1282 489; x_wconf 88' lang='lat' dir='ltr'>tuo</span> <span class='ocrx_word' id='word_1_28' title='bbox 1312 445 1402 503; x_wconf 86' lang='lat' dir='ltr'>jam</span> <span class='ocrx_word' id='word_1_29' title='bbox 1438 442 1637 501; x_wconf 84' lang='lat' dir='ltr'>respondi</span> <span class='ocrx_word' id='word_1_30' title='bbox 1676 450 1832 501; x_wconf 87' lang='lat' dir='ltr'>quarto</span> 
     </span>
     <span class='ocr_line' id='line_1_5' title="bbox 452 511 1830 577; baseline -0.006 -15"><span class='ocrx_word' id='word_1_31' title='bbox 452 532 565 573; x_wconf 82' lang='lat' dir='ltr'>meo,</span> <span class='ocrx_word' id='word_1_32' title='bbox 588 527 718 577; x_wconf 86' lang='lat' dir='ltr'>teque</span> <span class='ocrx_word' id='word_1_33' title='bbox 732 517 875 560; x_wconf 85' lang='lat' dir='ltr'>inania</span> <span class='ocrx_word' id='word_1_34' title='bbox 897 516 1051 559; x_wconf 82' lang='lat' dir='ltr'>dixisse</span> <span class='ocrx_word' id='word_1_35' title='bbox 1068 515 1262 560; x_wconf 89' lang='lat' dir='ltr'>convici:</span> <span class='ocrx_word' id='word_1_36' title='bbox 1282 513 1357 558; x_wconf 89' lang='lat' dir='ltr'>sed</span> <span class='ocrx_word' id='word_1_37' title='bbox 1380 511 1555 557; x_wconf 90' lang='lat' dir='ltr'>videant</span> <span class='ocrx_word' id='word_1_38' title='bbox 1567 511 1644 571; x_wconf 88' lang='lat' dir='ltr'>qui</span> <span class='ocrx_word' id='word_1_39' title='bbox 1662 511 1830 568; x_wconf 85' lang='lat' dir='ltr'>legunt,</span> 
     </span>
     <span class='ocr_line' id='line_1_6' title="bbox 452 580 1835 648; baseline -0.006 -16"><span class='ocrx_word' id='word_1_40' title='bbox 452 597 601 632; x_wconf 90' lang='lat' dir='ltr'>utrum</span> <span class='ocrx_word' id='word_1_41' title='bbox 623 587 975 648; x_wconf 90' lang='lat' dir='ltr'>respondendum</span> <span class='ocrx_word' id='word_1_42' title='bbox 995 587 1049 630; x_wconf 92' lang='lat' dir='ltr'>sit</span> <span class='ocrx_word' id='word_1_43' title='bbox 1068 586 1250 640; x_wconf 88' lang='lat' dir='ltr'>homini,</span> <span class='ocrx_word' id='word_1_44' title='bbox 1272 585 1348 644; x_wconf 86' lang='lat' dir='ltr'>qui</span> <span class='ocrx_word' id='word_1_45' title='bbox 1365 584 1410 627; x_wconf 93' lang='lat' dir='ltr'>in</span> <span class='ocrx_word' id='word_1_46' title='bbox 1423 592 1588 627; x_wconf 88' lang='lat' dir='ltr'>tantam</span> <span class='ocrx_word' id='word_1_47' title='bbox 1610 580 1835 640; x_wconf 83' lang='lat' dir='ltr'>progredi-</span> 
     </span>
     <span class='ocr_line' id='line_1_7' title="bbox 454 652 1834 711; baseline -0.005 -8"><span class='ocrx_word' id='word_1_48' title='bbox 454 668 524 703; x_wconf 87' lang='lat' dir='ltr'>tur</span> <span class='ocrx_word' id='word_1_49' title='bbox 546 659 757 703; x_wconf 85' lang='lat' dir='ltr'>insaniam</span> <span class='ocrx_word' id='word_1_50' title='bbox 769 693 779 711; x_wconf 94' lang='lat'>,</span> <span class='ocrx_word' id='word_1_51' title='bbox 808 667 856 701; x_wconf 88' lang='lat' dir='ltr'>ut</span> <span class='ocrx_word' id='word_1_52' title='bbox 872 672 971 701; x_wconf 92' lang='lat' dir='ltr'>cum</span> <span class='ocrx_word' id='word_1_53' title='bbox 988 656 1176 700; x_wconf 79' lang='lat' dir='ltr'>fateatur</span> <span class='ocrx_word' id='word_1_54' title='bbox 1198 655 1361 699; x_wconf 87' lang='lat' dir='ltr'>malum</span> <span class='ocrx_word' id='word_1_55' title='bbox 1376 668 1465 697; x_wconf 89' lang='lat' dir='ltr'>esse</span> <span class='ocrx_word' id='word_1_56' title='bbox 1485 662 1708 711; x_wconf 89' lang='lat' dir='ltr'>peccatum</span> <span class='ocrx_word' id='word_1_57' title='bbox 1721 685 1733 707; x_wconf 86' lang='lat'>‚</span> <span class='ocrx_word' id='word_1_58' title='bbox 1750 652 1834 696; x_wconf 76' lang='lat' dir='ltr'>bo-</span> 
     </span>
     <span class='ocr_line' id='line_1_8' title="bbox 453 724 1836 784; baseline -0.006 -12"><span class='ocrx_word' id='word_1_59' title='bbox 453 744 553 772; x_wconf 89' lang='lat' dir='ltr'>nam</span> <span class='ocrx_word' id='word_1_60' title='bbox 588 744 676 772; x_wconf 86' lang='lat' dir='ltr'>esse</span> <span class='ocrx_word' id='word_1_61' title='bbox 710 728 826 771; x_wconf 82' lang='lat' dir='ltr'>dicat</span> <span class='ocrx_word' id='word_1_62' title='bbox 857 726 1251 784; x_wconf 87' lang='lat' dir='ltr'>concupiscentiam</span> <span class='ocrx_word' id='word_1_63' title='bbox 1275 733 1565 783; x_wconf 86' lang='lat' dir='ltr'>peccatorum.</span> <span class='ocrx_word' id='word_1_64' title='bbox 1599 724 1656 766; x_wconf 93' lang='lat' dir='ltr'>Et</span> <span class='ocrx_word' id='word_1_65' title='bbox 1688 731 1836 766; x_wconf 89' lang='lat' dir='ltr'>tamen</span> 
     </span>
     <span class='ocr_line' id='line_1_9' title="bbox 452 792 1834 857; baseline -0.006 -15"><span class='ocrx_word' id='word_1_66' title='bbox 452 799 712 857; x_wconf 89' lang='lat' dir='ltr'>respondere</span> <span class='ocrx_word' id='word_1_67' title='bbox 733 797 1052 856; x_wconf 84' lang='lat' dir='ltr'>compellimur,</span> <span class='ocrx_word' id='word_1_68' title='bbox 1077 796 1273 840; x_wconf 87' lang='lat' dir='ltr'>nolentes</span> <span class='ocrx_word' id='word_1_69' title='bbox 1295 795 1490 838; x_wconf 89' lang='lat' dir='ltr'>deserere</span> <span class='ocrx_word' id='word_1_70' title='bbox 1508 793 1736 836; x_wconf 87' lang='lat' dir='ltr'>hominum</span> <span class='ocrx_word' id='word_1_71' title='bbox 1765 792 1834 834; x_wconf 89' lang='lat' dir='ltr'>in-</span> 
     </span>
     <span class='ocr_line' id='line_1_10' title="bbox 453 863 1832 927; baseline -0.005 -15"><span class='ocrx_word' id='word_1_72' title='bbox 453 869 577 927; x_wconf 83' lang='lat' dir='ltr'>genia</span> <span class='ocrx_word' id='word_1_73' title='bbox 603 868 806 922; x_wconf 87' lang='lat' dir='ltr'>tradiora,</span> <span class='ocrx_word' id='word_1_74' title='bbox 833 867 889 910; x_wconf 88' lang='lat' dir='ltr'>ad</span> <span class='ocrx_word' id='word_1_75' title='bbox 911 883 1020 926; x_wconf 91' lang='lat' dir='ltr'>quos</span> <span class='ocrx_word' id='word_1_76' title='bbox 1047 868 1140 911; x_wconf 87' lang='lat' dir='ltr'>istae</span> <span class='ocrx_word' id='word_1_77' title='bbox 1162 867 1319 911; x_wconf 86' lang='lat' dir='ltr'>litterae</span> <span class='ocrx_word' id='word_1_78' title='bbox 1347 865 1568 924; x_wconf 88' lang='lat' dir='ltr'>potuerint</span> <span class='ocrx_word' id='word_1_79' title='bbox 1593 863 1832 923; x_wconf 88' lang='lat' dir='ltr'>pervenire.</span> 
     </span>
     <span class='ocr_line' id='line_1_11' title="bbox 453 934 1836 997; baseline -0.004 -15"><span class='ocrx_word' id='word_1_80' title='bbox 453 939 570 992; x_wconf 86' lang='lat' dir='ltr'>Quid</span> <span class='ocrx_word' id='word_1_81' title='bbox 593 947 656 982; x_wconf 90' lang='lat' dir='ltr'>est</span> <span class='ocrx_word' id='word_1_82' title='bbox 673 954 777 997; x_wconf 86' lang='lat' dir='ltr'>ergo</span> <span class='ocrx_word' id='word_1_83' title='bbox 796 938 916 997; x_wconf 89' lang='lat' dir='ltr'>quod</span> <span class='ocrx_word' id='word_1_84' title='bbox 934 938 1123 997; x_wconf 89' lang='lat' dir='ltr'>loqueris</span> <span class='ocrx_word' id='word_1_85' title='bbox 1136 973 1147 991; x_wconf 91' lang='lat'>,</span> <span class='ocrx_word' id='word_1_86' title='bbox 1173 938 1366 981; x_wconf 84' lang='lat' dir='ltr'>nesciens</span> <span class='ocrx_word' id='word_1_87' title='bbox 1394 936 1499 996; x_wconf 89' lang='lat' dir='ltr'>quid</span> <span class='ocrx_word' id='word_1_88' title='bbox 1517 934 1734 994; x_wconf 82' lang='lat' dir='ltr'>loquaris?</span> <span class='ocrx_word' id='word_1_89' title='bbox 1752 936 1836 978; x_wconf 87' lang='lat' dir='ltr'>Er-</span> 
     </span>
     <span class='ocr_line' id='line_1_12' title="bbox 453 1004 1834 1067; baseline -0.003 -15"><span class='ocrx_word' id='word_1_90' title='bbox 453 1024 590 1067; x_wconf 84' lang='lat' dir='ltr'>go-ne</span> <span class='ocrx_word' id='word_1_91' title='bbox 630 1017 673 1052; x_wconf 90' lang='lat' dir='ltr'>et</span> <span class='ocrx_word' id='word_1_92' title='bbox 710 1009 755 1051; x_wconf 91' lang='lat' dir='ltr'>in</span> <span class='ocrx_word' id='word_1_93' title='bbox 783 1007 978 1067; x_wconf 77' lang='lat' dir='ltr'>paradiso</span> <span class='ocrx_word' id='word_1_94' title='bbox 1007 1017 1106 1052; x_wconf 88' lang='lat' dir='ltr'>ante</span> <span class='ocrx_word' id='word_1_95' title='bbox 1137 1007 1373 1051; x_wconf 86' lang='lat' dir='ltr'>malesuadi</span> <span class='ocrx_word' id='word_1_96' title='bbox 1405 1021 1570 1050; x_wconf 87' lang='lat' dir='ltr'>venena</span> <span class='ocrx_word' id='word_1_97' title='bbox 1608 1004 1834 1062; x_wconf 88' lang='lat' dir='ltr'>serpentis,</span> 
     </span>
     <span class='ocr_line' id='line_1_13' title="bbox 453 1073 1838 1137; baseline -0.005 -14"><span class='ocrx_word' id='word_1_98' title='bbox 453 1089 553 1123; x_wconf 88' lang='lat' dir='ltr'>ante</span> <span class='ocrx_word' id='word_1_99' title='bbox 575 1088 824 1137; x_wconf 82' lang='lat' dir='ltr'>corruptam</span> <span class='ocrx_word' id='word_1_100' title='bbox 847 1093 1045 1122; x_wconf 86' lang='lat' dir='ltr'>sermone</span> <span class='ocrx_word' id='word_1_101' title='bbox 1064 1078 1272 1135; x_wconf 82' lang='lat' dir='ltr'>sacrilego</span> <span class='ocrx_word' id='word_1_102' title='bbox 1290 1076 1578 1129; x_wconf 85' lang='lat' dir='ltr'>voluntatem,</span> <span class='ocrx_word' id='word_1_103' title='bbox 1596 1074 1734 1117; x_wconf 84' lang='lat' dir='ltr'>illiciti</span> <span class='ocrx_word' id='word_1_104' title='bbox 1752 1073 1838 1117; x_wconf 90' lang='lat' dir='ltr'>cibi</span> 
     </span>
     <span class='ocr_line' id='line_1_14' title="bbox 451 1143 1838 1207; baseline -0.003 -15"><span class='ocrx_word' id='word_1_105' title='bbox 451 1148 589 1192; x_wconf 89' lang='lat' dir='ltr'>libido</span> <span class='ocrx_word' id='word_1_106' title='bbox 607 1150 697 1207; x_wconf 85' lang='lat' dir='ltr'>jam</span> <span class='ocrx_word' id='word_1_107' title='bbox 720 1148 829 1191; x_wconf 76' lang='lat' dir='ltr'>fuit?</span> <span class='ocrx_word' id='word_1_108' title='bbox 854 1150 909 1191; x_wconf 92' lang='lat' dir='ltr'>Et</span> <span class='ocrx_word' id='word_1_109' title='bbox 930 1147 1050 1206; x_wconf 85' lang='lat' dir='ltr'>quod</span> <span class='ocrx_word' id='word_1_110' title='bbox 1071 1145 1386 1190; x_wconf 82' lang='lat' dir='ltr'>intolerabilius</span> <span class='ocrx_word' id='word_1_111' title='bbox 1407 1144 1582 1197; x_wconf 86' lang='lat' dir='ltr'>dicitur,</span> <span class='ocrx_word' id='word_1_112' title='bbox 1603 1143 1658 1187; x_wconf 90' lang='lat' dir='ltr'>ad</span> <span class='ocrx_word' id='word_1_113' title='bbox 1676 1143 1838 1188; x_wconf 85' lang='lat' dir='ltr'>malum</span> 
     </span>
     <span class='ocr_line' id='line_1_15' title="bbox 450 1212 1840 1276; baseline -0.002 -15"><span class='ocrx_word' id='word_1_114' title='bbox 450 1218 742 1276; x_wconf 84' lang='lat' dir='ltr'>provocabat,</span> <span class='ocrx_word' id='word_1_115' title='bbox 771 1226 814 1260; x_wconf 91' lang='lat' dir='ltr'>et</span> <span class='ocrx_word' id='word_1_116' title='bbox 847 1216 960 1260; x_wconf 80' lang='lat' dir='ltr'>mala</span> <span class='ocrx_word' id='word_1_117' title='bbox 989 1232 1078 1261; x_wconf 88' lang='lat' dir='ltr'>non</span> <span class='ocrx_word' id='word_1_118' title='bbox 1109 1215 1216 1259; x_wconf 77' lang='lat' dir='ltr'>fuiti&gt;</span> <span class='ocrx_word' id='word_1_119' title='bbox 1243 1224 1286 1258; x_wconf 92' lang='lat' dir='ltr'>et</span> <span class='ocrx_word' id='word_1_120' title='bbox 1319 1215 1527 1259; x_wconf 83' lang='lat' dir='ltr'>videbant</span> <span class='ocrx_word' id='word_1_121' title='bbox 1549 1212 1613 1257; x_wconf 87' lang='lat' dir='ltr'>illi</span> <span class='ocrx_word' id='word_1_122' title='bbox 1645 1213 1840 1262; x_wconf 82' lang='lat' dir='ltr'>homines</span> 
     </span>
     <span class='ocr_line' id='line_1_16' title="bbox 452 1283 1838 1346; baseline -0.002 -15"><span class='ocrx_word' id='word_1_123' title='bbox 452 1286 645 1331; x_wconf 81' lang='lat' dir='ltr'>fructum</span> <span class='ocrx_word' id='word_1_124' title='bbox 677 1288 780 1345; x_wconf 82' lang='lat' dir='ltr'>ligni</span> <span class='ocrx_word' id='word_1_125' title='bbox 812 1287 1052 1346; x_wconf 88' lang='lat' dir='ltr'>prohibiti,</span> <span class='ocrx_word' id='word_1_126' title='bbox 1091 1296 1134 1330; x_wconf 91' lang='lat' dir='ltr'>et</span> <span class='ocrx_word' id='word_1_127' title='bbox 1167 1285 1525 1345; x_wconf 80' lang='lat' dir='ltr'>concupiscebat,</span> <span class='ocrx_word' id='word_1_128' title='bbox 1565 1283 1640 1329; x_wconf 89' lang='lat' dir='ltr'>sed</span> <span class='ocrx_word' id='word_1_129' title='bbox 1673 1293 1722 1328; x_wconf 91' lang='lat' dir='ltr'>ut</span> <span class='ocrx_word' id='word_1_130' title='bbox 1749 1299 1838 1329; x_wconf 90' lang='lat' dir='ltr'>non</span> 
     </span>
     <span class='ocr_line' id='line_1_17' title="bbox 452 1354 1838 1415; baseline -0.003 -14"><span class='ocrx_word' id='word_1_131' title='bbox 452 1358 788 1411; x_wconf 87' lang='lat' dir='ltr'>manducarent,</span> <span class='ocrx_word' id='word_1_132' title='bbox 807 1357 1157 1415; x_wconf 89' lang='lat' dir='ltr'>concupiscentia</span> <span class='ocrx_word' id='word_1_133' title='bbox 1176 1356 1350 1415; x_wconf 85' lang='lat' dir='ltr'>spiritus</span> <span class='ocrx_word' id='word_1_134' title='bbox 1368 1355 1506 1398; x_wconf 89' lang='lat' dir='ltr'>carnis</span> <span class='ocrx_word' id='word_1_135' title='bbox 1526 1354 1838 1412; x_wconf 85' lang='lat' dir='ltr'>concupiscen-</span> 
     </span>
     <span class='ocr_line' id='line_1_18' title="bbox 451 1424 1838 1487; baseline -0.003 -16"><span class='ocrx_word' id='word_1_136' title='bbox 451 1428 524 1472; x_wconf 85' lang='lat' dir='ltr'>tiae</span> <span class='ocrx_word' id='word_1_137' title='bbox 547 1428 847 1487; x_wconf 70' lang='lat' dir='ltr'>repugnabat,</span> <span class='ocrx_word' id='word_1_138' title='bbox 871 1436 914 1470; x_wconf 91' lang='lat' dir='ltr'>et</span> <span class='ocrx_word' id='word_1_139' title='bbox 937 1426 1142 1469; x_wconf 89' lang='lat' dir='ltr'>vivebant</span> <span class='ocrx_word' id='word_1_140' title='bbox 1159 1425 1205 1469; x_wconf 92' lang='lat' dir='ltr'>in</span> <span class='ocrx_word' id='word_1_141' title='bbox 1226 1425 1324 1469; x_wconf 89' lang='lat' dir='ltr'>loco</span> <span class='ocrx_word' id='word_1_142' title='bbox 1346 1424 1421 1469; x_wconf 92' lang='lat' dir='ltr'>illo</span> <span class='ocrx_word' id='word_1_143' title='bbox 1445 1434 1578 1468; x_wconf 86' lang='lat' dir='ltr'>tantae</span> <span class='ocrx_word' id='word_1_144' title='bbox 1600 1424 1838 1468; x_wconf 85' lang='lat' dir='ltr'>beatitudi-</span> 
     </span>
     <span class='ocr_line' id='line_1_19' title="bbox 453 1494 1838 1555; baseline -0.001 -15"><span class='ocrx_word' id='word_1_145' title='bbox 453 1497 520 1541; x_wconf 92' lang='lat' dir='ltr'>nis</span> <span class='ocrx_word' id='word_1_146' title='bbox 536 1512 623 1541; x_wconf 92' lang='lat' dir='ltr'>non</span> <span class='ocrx_word' id='word_1_147' title='bbox 640 1497 847 1540; x_wconf 83' lang='lat' dir='ltr'>habentes</span> <span class='ocrx_word' id='word_1_148' title='bbox 864 1498 908 1539; x_wconf 90' lang='lat' dir='ltr'>in</span> <span class='ocrx_word' id='word_1_149' title='bbox 922 1511 966 1540; x_wconf 92' lang='lat' dir='ltr'>se</span> <span class='ocrx_word' id='word_1_150' title='bbox 980 1497 1080 1555; x_wconf 90' lang='lat' dir='ltr'>ipsis</span> <span class='ocrx_word' id='word_1_151' title='bbox 1098 1511 1249 1555; x_wconf 86' lang='lat' dir='ltr'>pacem</span> <span class='ocrx_word' id='word_1_152' title='bbox 1266 1494 1423 1538; x_wconf 87' lang='lat' dir='ltr'>mentis</span> <span class='ocrx_word' id='word_1_153' title='bbox 1447 1504 1490 1538; x_wconf 90' lang='lat' dir='ltr'>et</span> <span class='ocrx_word' id='word_1_154' title='bbox 1505 1494 1720 1553; x_wconf 79' lang='lat' dir='ltr'>corporis?</span> <span class='ocrx_word' id='word_1_155' title='bbox 1741 1497 1838 1540; x_wconf 93' lang='lat' dir='ltr'>Non</span> 
     </span>
     <span class='ocr_line' id='line_1_20' title="bbox 453 1563 1839 1626; baseline -0.001 -15"><span class='ocrx_word' id='word_1_156' title='bbox 453 1582 591 1626; x_wconf 86' lang='lat' dir='ltr'>usque</span> <span class='ocrx_word' id='word_1_157' title='bbox 604 1567 712 1610; x_wconf 88' lang='lat' dir='ltr'>adeo</span> <span class='ocrx_word' id='word_1_158' title='bbox 724 1567 947 1610; x_wconf 90' lang='lat' dir='ltr'>dementes</span> <span class='ocrx_word' id='word_1_159' title='bbox 966 1565 1081 1619; x_wconf 88' lang='lat' dir='ltr'>estis,</span> <span class='ocrx_word' id='word_1_160' title='bbox 1095 1574 1144 1608; x_wconf 92' lang='lat' dir='ltr'>ut</span> <span class='ocrx_word' id='word_1_161' title='bbox 1156 1565 1234 1608; x_wconf 86' lang='lat' dir='ltr'>ista</span> <span class='ocrx_word' id='word_1_162' title='bbox 1245 1563 1453 1622; x_wconf 82' lang='lat' dir='ltr'>credatis3</span> <span class='ocrx_word' id='word_1_163' title='bbox 1469 1580 1558 1608; x_wconf 88' lang='lat' dir='ltr'>non</span> <span class='ocrx_word' id='word_1_164' title='bbox 1578 1579 1715 1624; x_wconf 90' lang='lat' dir='ltr'>usque</span> <span class='ocrx_word' id='word_1_165' title='bbox 1730 1565 1839 1610; x_wconf 88' lang='lat' dir='ltr'>adeo</span> 
     </span>
     <span class='ocr_line' id='line_1_21' title="bbox 452 1633 1838 1695; baseline -0.001 -15"><span class='ocrx_word' id='word_1_166' title='bbox 452 1637 729 1695; x_wconf 88' lang='lat' dir='ltr'>impudentes</span> <span class='ocrx_word' id='word_1_167' title='bbox 746 1670 757 1690; x_wconf 90' lang='lat'>,</span> <span class='ocrx_word' id='word_1_168' title='bbox 782 1646 832 1680; x_wconf 92' lang='lat' dir='ltr'>ut</span> <span class='ocrx_word' id='word_1_169' title='bbox 860 1637 940 1680; x_wconf 86' lang='lat' dir='ltr'>ista</span> <span class='ocrx_word' id='word_1_170' title='bbox 973 1635 1140 1679; x_wconf 90' lang='lat' dir='ltr'>dicatis.</span> <span class='ocrx_word' id='word_1_171' title='bbox 1166 1637 1282 1693; x_wconf 81' lang='lat' dir='ltr'>Ergo</span> <span class='ocrx_word' id='word_1_172' title='bbox 1310 1633 1554 1692; x_wconf 84' lang='lat' dir='ltr'>intelligite,</span> <span class='ocrx_word' id='word_1_173' title='bbox 1582 1634 1651 1678; x_wconf 88' lang='lat' dir='ltr'>vel</span> <span class='ocrx_word' id='word_1_174' title='bbox 1674 1634 1838 1679; x_wconf 89' lang='lat' dir='ltr'>intelli-</span> 
     </span>
     <span class='ocr_line' id='line_1_22' title="bbox 452 1703 1839 1765; baseline 0.001 -15"><span class='ocrx_word' id='word_1_175' title='bbox 452 1707 652 1765; x_wconf 84' lang='lat' dir='ltr'>gentibus</span> <span class='ocrx_word' id='word_1_176' title='bbox 661 1708 909 1765; x_wconf 89' lang='lat' dir='ltr'>obstrepere</span> <span class='ocrx_word' id='word_1_177' title='bbox 921 1721 1031 1750; x_wconf 86' lang='lat' dir='ltr'>vana</span> <span class='ocrx_word' id='word_1_178' title='bbox 1048 1705 1310 1764; x_wconf 84' lang='lat' dir='ltr'>loquacitate</span> <span class='ocrx_word' id='word_1_179' title='bbox 1330 1703 1480 1748; x_wconf 87' lang='lat' dir='ltr'>nolite.</span> <span class='ocrx_word' id='word_1_180' title='bbox 1497 1704 1714 1748; x_wconf 83' lang='lat' dir='ltr'>Praecessit</span> <span class='ocrx_word' id='word_1_181' title='bbox 1725 1706 1839 1751; x_wconf 88' lang='lat' dir='ltr'>mala</span> 
     </span>
     <span class='ocr_line' id='line_1_23' title="bbox 452 1774 1837 1836; baseline 0 -15"><span class='ocrx_word' id='word_1_182' title='bbox 452 1777 669 1831; x_wconf 88' lang='lat' dir='ltr'>voluntas,</span> <span class='ocrx_word' id='word_1_183' title='bbox 695 1792 782 1836; x_wconf 86' lang='lat' dir='ltr'>qua</span> <span class='ocrx_word' id='word_1_184' title='bbox 804 1777 991 1834; x_wconf 84' lang='lat' dir='ltr'>serpenti</span> <span class='ocrx_word' id='word_1_185' title='bbox 1013 1775 1200 1818; x_wconf 86' lang='lat' dir='ltr'>subdolo</span> <span class='ocrx_word' id='word_1_186' title='bbox 1228 1774 1498 1831; x_wconf 70' lang='lat' dir='ltr'>crederetur,</span> <span class='ocrx_word' id='word_1_187' title='bbox 1523 1787 1566 1817; x_wconf 88' lang='lat' dir='ltr'>et</span> <span class='ocrx_word' id='word_1_188' title='bbox 1594 1784 1741 1819; x_wconf 91' lang='lat' dir='ltr'>secuta</span> <span class='ocrx_word' id='word_1_189' title='bbox 1773 1785 1837 1821; x_wconf 86' lang='lat' dir='ltr'>est</span> 
     </span>
     <span class='ocr_line' id='line_1_24' title="bbox 453 1844 1838 1906; baseline 0 -16"><span class='ocrx_word' id='word_1_190' title='bbox 453 1847 565 1891; x_wconf 87' lang='lat' dir='ltr'>mala</span> <span class='ocrx_word' id='word_1_191' title='bbox 582 1847 953 1906; x_wconf 85' lang='lat' dir='ltr'>concupiscentia,</span> <span class='ocrx_word' id='word_1_192' title='bbox 974 1861 1059 1905; x_wconf 85' lang='lat' dir='ltr'>qua</span> <span class='ocrx_word' id='word_1_193' title='bbox 1082 1845 1182 1889; x_wconf 81' lang='lat' dir='ltr'>cibo</span> <span class='ocrx_word' id='word_1_194' title='bbox 1196 1845 1434 1888; x_wconf 82' lang='lat' dir='ltr'>inhiaretur</span> <span class='ocrx_word' id='word_1_195' title='bbox 1453 1844 1618 1888; x_wconf 88' lang='lat' dir='ltr'>illicito.</span> <span class='ocrx_word' id='word_1_196' title='bbox 1644 1847 1742 1889; x_wconf 90' lang='lat' dir='ltr'>Non</span> <span class='ocrx_word' id='word_1_197' title='bbox 1759 1845 1838 1890; x_wconf 84' lang='lat' dir='ltr'>ita-</span> 
     </span>
     <span class='ocr_line' id='line_1_25' title="bbox 452 1912 1838 1977; baseline -0.001 -17"><span class='ocrx_word' id='word_1_198' title='bbox 452 1933 538 1977; x_wconf 92' lang='lat' dir='ltr'>que</span> <span class='ocrx_word' id='word_1_199' title='bbox 560 1917 621 1960; x_wconf 89' lang='lat' dir='ltr'>ibi</span> <span class='ocrx_word' id='word_1_200' title='bbox 639 1918 969 1977; x_wconf 83' lang='lat' dir='ltr'>qualiscumque</span> <span class='ocrx_word' id='word_1_201' title='bbox 985 1915 1200 1974; x_wconf 84' lang='lat' dir='ltr'>cupiditas</span> <span class='ocrx_word' id='word_1_202' title='bbox 1225 1913 1535 1974; x_wconf 88' lang='lat' dir='ltr'>qualicumque</span> <span class='ocrx_word' id='word_1_203' title='bbox 1557 1912 1838 1959; x_wconf 81' lang='lat' dir='ltr'>reluctataest</span> 
     </span>
     <span class='ocr_line' id='line_1_26' title="bbox 452 1985 1837 2045; baseline -0.001 -14"><span class='ocrx_word' id='word_1_204' title='bbox 452 1987 694 2044; x_wconf 67' lang='lat' dir='ltr'>voluntati,</span> <span class='ocrx_word' id='word_1_205' title='bbox 720 1986 795 2030; x_wconf 91' lang='lat' dir='ltr'>sed</span> <span class='ocrx_word' id='word_1_206' title='bbox 816 1988 855 2030; x_wconf 90' lang='lat' dir='ltr'>ei</span> <span class='ocrx_word' id='word_1_207' title='bbox 878 1986 1021 2045; x_wconf 90' lang='lat' dir='ltr'>potius</span> <span class='ocrx_word' id='word_1_208' title='bbox 1039 1986 1284 2043; x_wconf 81' lang='lat' dir='ltr'>depravatae</span> <span class='ocrx_word' id='word_1_209' title='bbox 1305 1985 1539 2044; x_wconf 82' lang='lat' dir='ltr'>depravata</span> <span class='ocrx_word' id='word_1_210' title='bbox 1559 1985 1749 2028; x_wconf 89' lang='lat' dir='ltr'>servivit.</span> <span class='ocrx_word' id='word_1_211' title='bbox 1774 1988 1837 2029; x_wconf 88' lang='lat' dir='ltr'>Ac</span> 
     </span>
     <span class='ocr_line' id='line_1_27' title="bbox 450 2053 1884 2116; baseline -0.001 -15"><span class='ocrx_word' id='word_1_212' title='bbox 450 2071 527 2116; x_wconf 88' lang='lat' dir='ltr'>per</span> <span class='ocrx_word' id='word_1_213' title='bbox 545 2057 627 2101; x_wconf 91' lang='lat' dir='ltr'>hoc</span> <span class='ocrx_word' id='word_1_214' title='bbox 653 2058 851 2116; x_wconf 86' lang='lat' dir='ltr'>quamvis</span> <span class='ocrx_word' id='word_1_215' title='bbox 864 2058 953 2115; x_wconf 75' lang='lat' dir='ltr'>jam</span> <span class='ocrx_word' id='word_1_216' title='bbox 973 2065 1157 2114; x_wconf 87' lang='lat' dir='ltr'>utraque</span> <span class='ocrx_word' id='word_1_217' title='bbox 1186 2054 1300 2098; x_wconf 87' lang='lat' dir='ltr'>mala</span> <span class='ocrx_word' id='word_1_218' title='bbox 1316 2064 1447 2109; x_wconf 91' lang='lat' dir='ltr'>esset,</span> <span class='ocrx_word' id='word_1_219' title='bbox 1467 2062 1614 2098; x_wconf 87' lang='lat' dir='ltr'>tamen</span> <span class='ocrx_word' id='word_1_220' title='bbox 1635 2053 1836 2099; x_wconf 87' lang='lat' dir='ltr'>voluntas</span> <span class='ocrx_word' id='word_1_221' title='bbox 1883 2097 1884 2100; x_wconf 75' lang='grc'>,</span> 
     </span>
     <span class='ocr_line' id='line_1_28' title="bbox 448 2114 1884 2187; baseline -0.002 -16"><span class='ocrx_word' id='word_1_222' title='bbox 448 2129 755 2187; x_wconf 84' lang='lat' dir='ltr'>cupiditatem,</span> <span class='ocrx_word' id='word_1_223' title='bbox 787 2142 877 2171; x_wconf 88' lang='lat' dir='ltr'>non</span> <span class='ocrx_word' id='word_1_224' title='bbox 905 2127 1177 2171; x_wconf 90' lang='lat' dir='ltr'>voluntatem</span> <span class='ocrx_word' id='word_1_225' title='bbox 1200 2125 1412 2185; x_wconf 87' lang='lat' dir='ltr'>cupiditas</span> <span class='ocrx_word' id='word_1_226' title='bbox 1440 2125 1564 2169; x_wconf 86' lang='lat' dir='ltr'>duxit</span> <span class='ocrx_word' id='word_1_227' title='bbox 1586 2140 1702 2170; x_wconf 85' lang='lat' dir='ltr'>:non</span> <span class='ocrx_word' id='word_1_228' title='bbox 1726 2141 1835 2184; x_wconf 79' lang='lat' dir='ltr'>prae·</span> <span class='ocrx_word' id='word_1_229' title='bbox 1883 2114 1884 2146; x_wconf 77' lang='lat'>3</span> 
     </span>
     <span class='ocr_line' id='line_1_29' title="bbox 447 2195 1833 2255; baseline 0 -12"><span class='ocrx_word' id='word_1_230' title='bbox 447 2199 571 2243; x_wconf 89' lang='lat' dir='ltr'>cessit</span> <span class='ocrx_word' id='word_1_231' title='bbox 600 2198 887 2252; x_wconf 83' lang='lat' dir='ltr'>voluntatem,</span> <span class='ocrx_word' id='word_1_232' title='bbox 915 2212 995 2241; x_wconf 90' lang='lat' dir='ltr'>nec</span> <span class='ocrx_word' id='word_1_233' title='bbox 1019 2197 1173 2240; x_wconf 85' lang='lat' dir='ltr'>restitit</span> <span class='ocrx_word' id='word_1_234' title='bbox 1204 2196 1432 2241; x_wconf 87' lang='lat' dir='ltr'>voluntati.</span> <span class='ocrx_word' id='word_1_235' title='bbox 1460 2195 1656 2255; x_wconf 88' lang='lat' dir='ltr'>Denique</span> <span class='ocrx_word' id='word_1_236' title='bbox 1675 2196 1711 2239; x_wconf 87' lang='lat' dir='ltr'>si</span> <span class='ocrx_word' id='word_1_237' title='bbox 1732 2205 1833 2241; x_wconf 86' lang='lat' dir='ltr'>ante</span> 
     </span>
     <span class='ocr_line' id='line_1_30' title="bbox 445 2267 1884 2329; baseline 0 -17"><span class='ocrx_word' id='word_1_238' title='bbox 445 2271 610 2329; x_wconf 87' lang='lat' dir='ltr'>peccati</span> <span class='ocrx_word' id='word_1_239' title='bbox 632 2271 1050 2314; x_wconf 86' lang='lat' dir='ltr'>consummationem</span> <span class='ocrx_word' id='word_1_240' title='bbox 1073 2270 1128 2312; x_wconf 86' lang='lat' dir='ltr'>ab</span> <span class='ocrx_word' id='word_1_241' title='bbox 1149 2283 1278 2327; x_wconf 90' lang='lat' dir='ltr'>opere</span> <span class='ocrx_word' id='word_1_242' title='bbox 1302 2267 1454 2312; x_wconf 87' lang='lat' dir='ltr'>illicito</span> <span class='ocrx_word' id='word_1_243' title='bbox 1472 2276 1737 2312; x_wconf 86' lang='lat' dir='ltr'>averteretur</span> <span class='ocrx_word' id='word_1_244' title='bbox 1754 2281 1833 2312; x_wconf 88' lang='lat' dir='ltr'>vo·</span> <span class='ocrx_word' id='word_1_245' title='bbox 1882 2283 1884 2306; x_wconf 54' lang='grc' dir='ltr'><strong>ὲ</strong></span> 
     </span>
     <span class='ocr_line' id='line_1_31' title="bbox 444 2337 1884 2398; baseline -0.002 -15"><span class='ocrx_word' id='word_1_246' title='bbox 444 2340 606 2395; x_wconf 86' lang='lat' dir='ltr'>luntas,</span> <span class='ocrx_word' id='word_1_247' title='bbox 628 2342 719 2384; x_wconf 89' lang='lat' dir='ltr'>sine</span> <span class='ocrx_word' id='word_1_248' title='bbox 748 2340 897 2384; x_wconf 84' lang='lat' dir='ltr'>labore</span> <span class='ocrx_word' id='word_1_249' title='bbox 925 2338 1016 2383; x_wconf 84' lang='lat' dir='ltr'>ulto</span> <span class='ocrx_word' id='word_1_250' title='bbox 1037 2338 1249 2398; x_wconf 88' lang='lat' dir='ltr'>cupiditas</span> <span class='ocrx_word' id='word_1_251' title='bbox 1283 2337 1432 2382; x_wconf 87' lang='lat' dir='ltr'>illicita</span> <span class='ocrx_word' id='word_1_252' title='bbox 1454 2337 1690 2381; x_wconf 84' lang='lat' dir='ltr'>sedaretur.</span> <span class='ocrx_word' id='word_1_253' title='bbox 1719 2337 1830 2381; x_wconf 88' lang='lat' dir='ltr'>Hinc</span> <span class='ocrx_word' id='word_1_254' title='bbox 1882 2351 1884 2392; x_wconf 84' lang='lat'>!</span> 
     </span>
     <span class='ocr_line' id='line_1_32' title="bbox 443 2399 1884 2477; baseline -0.003 -23"><span class='ocrx_word' id='word_1_255' title='bbox 443 2411 628 2471; x_wconf 82' lang='lat' dir='ltr'>loquens</span> <span class='ocrx_word' id='word_1_256' title='bbox 647 2413 798 2455; x_wconf 80' lang='lat' dir='ltr'>beatus</span> <span class='ocrx_word' id='word_1_257' title='bbox 823 2410 1119 2463; x_wconf 87' lang='lat' dir='ltr'>Aml›rosius¹,</span> <span class='ocrx_word' id='word_1_258' title='bbox 1145 2411 1273 2463; x_wconf 87' lang='lat' dir='ltr'>Caro,</span> <span class='ocrx_word' id='word_1_259' title='bbox 1297 2409 1465 2468; x_wconf 85' lang='lat' dir='ltr'>inquit,</span> <span class='ocrx_word' id='word_1_260' title='bbox 1492 2408 1535 2452; x_wconf 89' lang='lat' dir='ltr'>in</span> <span class='ocrx_word' id='word_1_261' title='bbox 1555 2418 1752 2452; x_wconf 87' lang='lat' dir='ltr'>naturam</span> <span class='ocrx_word' id='word_1_262' title='bbox 1768 2423 1830 2451; x_wconf 88' lang='lat' dir='ltr'>re·</span> <span class='ocrx_word' id='word_1_263' title='bbox 1881 2399 1884 2477; x_wconf 56' lang='grc'>1</span> 
     </span>
     <span class='ocr_line' id='line_1_33' title="bbox 442 2480 1828 2541; baseline -0.002 -15"><span class='ocrx_word' id='word_1_264' title='bbox 442 2500 581 2541; x_wconf 77' lang='lat' dir='ltr'>gressa</span> <span class='ocrx_word' id='word_1_265' title='bbox 605 2483 764 2541; x_wconf 82' lang='lat' dir='ltr'>vigoris</span> <span class='ocrx_word' id='word_1_266' title='bbox 786 2483 852 2526; x_wconf 87' lang='lat' dir='ltr'>sui</span> <span class='ocrx_word' id='word_1_267' title='bbox 875 2482 1068 2540; x_wconf 86' lang='lat' dir='ltr'>agnoscit</span> <span class='ocrx_word' id='word_1_268' title='bbox 1101 2481 1318 2534; x_wconf 83' lang='lat' dir='ltr'>altricem,</span> <span class='ocrx_word' id='word_1_269' title='bbox 1344 2489 1476 2540; x_wconf 90' lang='lat' dir='ltr'>atque</span> <span class='ocrx_word' id='word_1_270' title='bbox 1498 2495 1605 2524; x_wconf 87' lang='lat' dir='ltr'>ausu</span> <span class='ocrx_word' id='word_1_271' title='bbox 1631 2480 1828 2538; x_wconf 83' lang='lat' dir='ltr'>deposito</span> 
     </span>
    </p>
   </div>
   <div class='ocr_carea' id='block_1_3' title="bbox 488 2563 1114 2608">
    <p class='ocr_par' dir='ltr' id='par_1_3' title="bbox 488 2563 1114 2608">
     <span class='ocr_line' id='line_1_34' title="bbox 488 2563 1114 2608; baseline -0.005 -9"><span class='ocrx_word' id='word_1_272' title='bbox 488 2574 492 2588; x_wconf 76' lang='lat'>⁸</span> <span class='ocrx_word' id='word_1_273' title='bbox 518 2568 663 2599; x_wconf 36' lang='lat' dir='ltr'>intimos.</span> <span class='ocrx_word' id='word_1_274' title='bbox 685 2568 715 2599; x_wconf 87' lang='lat' dir='ltr'>in</span> <span class='ocrx_word' id='word_1_275' title='bbox 735 2569 811 2600; x_wconf 86' lang='lat' dir='ltr'>Luc.</span> <span class='ocrx_word' id='word_1_276' title='bbox 832 2577 904 2608; x_wconf 74' lang='lat' dir='ltr'>cap.</span> <span class='ocrx_word' id='word_1_277' title='bbox 926 2575 987 2606; x_wconf 77' lang='lat' dir='ltr'>xii,</span> <span class='ocrx_word' id='word_1_278' title='bbox 1009 2577 1038 2598; x_wconf 84' lang='lat' dir='ltr'>v.</span> <span class='ocrx_word' id='word_1_279' title='bbox 1061 2563 1114 2598; x_wconf 87' lang='lat'>52.</span> 
     </span>
    </p>
   </div>
   <div class='ocr_carea' id='block_1_4' title="bbox 1874 2545 1884 3285">
    <p class='ocr_par' dir='ltr' id='par_1_4' title="bbox 1874 2545 1884 3285">
     <span class='ocr_line' id='line_1_35' title="bbox 1879 2545 1884 2715; baseline 0 -34"><span class='ocrx_word' id='word_1_280' title='bbox 1879 2545 1884 2715; x_wconf 71' lang='lat'><em>3</em></span> 
     </span>
     <span class='ocr_line' id='line_1_36' title="bbox 1879 2720 1884 2864; baseline 0 -42"><span class='ocrx_word' id='word_1_281' title='bbox 1879 2720 1884 2864; x_wconf 65' lang='grc' dir='ltr'><strong>ς</strong></span> 
     </span>
     <span class='ocr_line' id='line_1_37' title="bbox 1877 2904 1882 3084; baseline 0 0"><span class='ocrx_word' id='word_1_282' title='bbox 1877 2904 1882 3084; x_wconf 69' lang='grc' dir='ltr'>ἔ</span> 
     </span>
     <span class='ocr_line' id='line_1_38' title="bbox 1874 3087 1882 3198; baseline 0 -8"><span class='ocrx_word' id='word_1_283' title='bbox 1874 3087 1882 3198; x_wconf 66' lang='lat' dir='ltr'>l,</span> 
     </span>
     <span class='ocr_line' id='line_1_39' title="bbox 1875 3198 1884 3285; baseline 0 0"><span class='ocrx_word' id='word_1_284' title='bbox 1875 3198 1884 3285; x_wconf 74' lang='lat' dir='ltr'>l</span> 
     </span>
    </p>
   </div>
  </div>
 </body>
</html>
