1821 3264
246 267 392 298 omnus
424 270 600 297 lMPERF.
635 268 800 297 CONTRA
832 269 1002 297 suum.
1039 270 1121 297 Lm.
1158 271 1206 296 11.
1341 258 1425 297 333

43 344 107 381 ret
128 370 139 390 ‚
164 350 253 380 non
286 335 436 381 liceret
457 335 616 379 inferre
634 336 652 378 P
674 337 730 379 Et
748 336 830 380 hoc
858 335 1035 396 quidem
1063 335 1107 379 in
1127 334 1317 380 secunda
1340 334 1419 379 dis-

41 406 265 467 putatione
293 425 301 451 ε
333 416 539 451 caeterum
577 405 622 448 in
651 405 820 465 priore,
855 407 1050 466 quinque
1075 406 1181 449 mihi
1220 415 1295 450 aut
1332 420 1427 449 am-

39 477 152 537 plius
174 476 492 533 conceduntur,
519 484 618 536 post
639 492 738 536 quae
755 477 804 520 sit
832 476 1023 535 legitima
1048 477 1294 536 invictaque
1318 491 1427 522 con-

40 547 220 593 clusio.»

98 622 390 664 AUGIJSTINIJS.
418 618 528 663 Vide
550 632 682 678 quam
709 633 785 678 per
815 618 953 662 multa
976 618 1140 677 vageris
1160 652 1170 671 ,
1196 618 1351 662 timens
1373 632 1428 661 ne

40 689 236 749 Apostoli
263 690 394 734 verba
429 689 520 733 sine
541 688 626 733 tuis
661 688 922 748 praejudiciis
949 688 1096 732 audita
1131 696 1173 732 te
1201 687 1425 740 damnent,

40 760 152 805 sicut
183 761 272 820 jam
305 760 498 804 Ecclesia
527 758 740 804 catholica
767 759 990 818 judicante
1022 759 1301 802 damnarunt.
1346 756 1430 802 Sed

40 846 268 875 excurrere
309 846 397 891 quo
440 829 628 875 volueris
654 864 665 884 ,
708 844 925 873 remorare
966 837 1181 889 quantum
1210 827 1397 872 volueris
1416 861 1427 881 ,

40 901 283 961 multiplica
311 916 440 960 gyros
469 910 567 946 tuos
595 915 945 961 quaquaversum
978 899 1163 944 volueris
1186 917 1194 943 :
1229 897 1432 958 quando·

41 987 229 1032 cumque
258 971 316 1016 ad
347 973 499 1016 eadem
521 971 655 1016 verba
680 971 873 1016 veritatis
895 970 1016 1014 navis
1037 968 1306 1013 fallaciarum
1337 978 1432 1013 tua-

40 1059 137 1089 rum
153 1043 416 1101 pervenerit,
442 1043 534 1087 sine
556 1042 694 1087 dubio
716 1040 1006 1100 naufragabis,

99 1116 308 1158 XXVIII.
335 1116 563 1158 Jcmmcs.
589 1133 608 1156 «
630 1115 726 1157 Jam
750 1113 879 1172 igitur
904 1111 959 1156 ad
983 1126 1084 1156 eum
1107 1119 1428 1156 convertamur.

41 1184 230 1229 Dederas
276 1185 383 1228 mihi
404 1220 415 1239 ,
454 1194 682 1244 peccatum
720 1199 829 1244 opus
866 1199 955 1228 esse
994 1183 1229 1228 voluntatis
1266 1201 1275 1227 :
1310 1181 1432 1241 potui

41 1255 186 1300 statim
219 1255 362 1300 dicere
384 1265 718 1316 consequenter,
744 1255 956 1301 Voluntas
976 1265 1121 1300 autem
1146 1270 1244 1315 quae
1266 1263 1430 1313 peccet,

43 1327 88 1371 in
106 1326 295 1386 parvulis
315 1327 437 1371 nulla
457 1337 536 1382 est,
557 1337 787 1387 peccatum
808 1328 940 1386 igitur
959 1327 1005 1371 in
1027 1325 1216 1386 parvulis
1238 1341 1327 1370 non
1351 1334 1429 1369 est.

43 1400 207 1442 Verum
221 1407 271 1443 ut
284 1397 483 1457 pluribus
500 1399 752 1457 premereris
766 1399 964 1451 testibus,
980 1396 1242 1455 interrogavi
1255 1398 1430 1450 sensim,

42 1483 119 1528 per
141 1467 252 1528 quid
272 1468 357 1512 hoc
376 1477 606 1528 peccatum
634 1469 904 1513 inveniretur
926 1468 970 1511 in
992 1467 1174 1527 parvulo
1201 1488 1212 1524 3
1236 1482 1291 1509 ne
1322 1466 1433 1510 forte

41 1553 120 1597 per
141 1537 411 1583 voluntatem
434 1540 452 1582 P
483 1542 586 1583 Post
607 1537 750 1598 quod,
779 1547 822 1581 te
844 1538 1126 1591 connivente,
1148 1536 1316 1595 suscepi
1338 1535 1434 1579 nul-

43 1608 130 1654 lam
152 1610 198 1653 in
219 1625 271 1655 eo
292 1609 424 1654 fuisse
445 1609 755 1654 conscientiam
777 1609 1014 1655 voluntatis
1037 1627 1045 1654 :
1069 1608 1260 1668 adjunxi,
1282 1622 1336 1650 ne
1358 1621 1434 1666 per

44 1680 229 1739 primam
266 1680 442 1740 culpam
478 1680 776 1725 membrorum
813 1680 1074 1725 lineamenta
1108 1678 1341 1723 traxisset?
1360 1676 1435 1720 sed

46 1751 140 1796 haec
163 1767 188 1797 a
211 1755 301 1796 Deo
333 1750 561 1796 informari
581 1786 592 1806 ,
619 1761 662 1795 et
683 1766 758 1810 per
786 1751 870 1796 hoc
898 1752 1012 1795 bona
1035 1765 1125 1794 esse
1147 1762 1431 1794 concesseras.

47 1823 185 1867 Petivi
223 1823 402 1868 tertium
423 1857 435 1878 ,
471 1832 618 1867 utrum
656 1837 729 1880 per
762 1822 1000 1880 ingressum
1036 1821 1192 1865 animae
1214 1854 1224 1874 ,
1266 1828 1434 1863 reatum

48 1893 280 1940 advectum
312 1896 521 1954 putares?
542 1893 618 1938 sed
636 1894 749 1938 hanc
768 1909 856 1938 esse
882 1908 1039 1938 novam
1056 1928 1066 1947 ,
1092 1908 1171 1936 nec
1193 1890 1436 1950 quidquam

47 1965 284 2009 seminibus
321 1965 481 2009 debere
509 1964 751 2009 constabat.
791 1965 944 2008 Intulit
966 1963 1192 2022 deinceps,
1217 1977 1272 2005 ne
1296 1963 1311 2017 (
1333 1960 1435 2020 quia

49 2034 157 2079 nihil
179 2034 260 2079 tibi
292 2035 347 2079 de
363 2035 430 2079 his
453 2045 714 2079 remanserat
736 2033 1010 2093 arguendum
1033 2035 1049 2091 )
1072 2031 1261 2091 nuptias,
1284 2030 1330 2074 id
1353 2038 1433 2083 est,

51 2105 406 2150 commixtionem
429 2121 662 2165 corporum
684 2140 695 2160 ,
720 2105 884 2149 diaboli
905 2119 1015 2164 opus
1035 2104 1243 2148 vocares?
1271 2101 1346 2145 sed
1361 2101 1438 2144 has

51 2176 268 2236 pertinere
299 2177 355 2220 ad
381 2186 612 2236 parentum
648 2191 856 2235 operam,
890 2185 933 2219 te
973 2189 1151 2235 quoquc
1183 2180 1403 2217 annuente
1423 2205 1435 2226 ,

52 2247 303 2292 monstravi.
336 2247 424 2292 Illis
446 2248 574 2306 igitur
597 2247 798 2292 omnibus
820 2262 919 2307 quae
941 2261 1070 2305 supra
1094 2245 1280 2288 diximus
1308 2243 1439 2287 abso—

52 2317 172 2375 lutis,
198 2319 402 2379 conjuges
423 2319 500 2379 qui
522 2318 696 2363 fuerant
716 2333 844 2363 causa
867 2318 1047 2377 peccati,
1068 2315 1223 2361 tradux
1246 2323 1319 2359 tua
1341 2313 1437 2357 dia-

53 2390 157 2435 bolo
187 2391 478 2450 mancipabat.
517 2394 617 2435 Post
633 2406 731 2451 quae
751 2390 912 2445 omnia,
939 2388 1058 2449 quod
1079 2388 1155 2433 tibi
1172 2387 1438 2446 propinqua-

53 2461 130 2506 bat
161 2461 349 2521 impegi,
375 2471 424 2506 ut
457 2460 646 2506 dicerem
669 2460 844 2506 credere
883 2470 925 2505 te
963 2457 1187 2504 diabolum
1216 2465 1438 2500 auctorem

55 2547 289 2592 corporum
304 2567 315 2589 ,
355 2533 426 2577 cui
463 2532 778 2578 commixtionis
815 2545 992 2590 operam
1012 2565 1023 2586 ,
1065 2529 1157 2574 sine
1194 2543 1281 2587 qua
1317 2526 1438 2584 origo
1460 2564 1467 2569 .

56 2619 288 2664 corporum
317 2619 405 2650 esse
433 2619 523 2650 non
556 2613 748 2665 poterat,
777 2603 1039 2663 deputasses.
1067 2603 1123 2646 Et
1142 2599 1238 2645 haec
1259 2597 1436 2658 quidem
