1884 3285
450 217 530 257 176
883 220 914 248 s.
952 220 1179 248 Aucus‘rim
1217 221 1391 248 zriscori

444 300 487 334 et
517 287 751 333 secundum
788 287 870 330 hoc
899 300 987 329 esse
1020 283 1300 342 intelligenda
1318 319 1329 339 ‚
1358 285 1478 344 quod
1500 286 1821 333 absolutissimis
1854 294 1861 333 ’.

445 360 678 418 Scripturae
710 365 867 400 sanctae
903 355 1230 400 auctoritatibus
1268 364 1311 398 et
1348 355 1626 414 insuperabili
1655 359 1821 403 ratione

442 430 653 472 firmatur.
684 427 726 472 Si
747 425 922 487 quidem
948 426 1030 469 hoc
1050 426 1160 484 ipso,
1186 440 1314 484 quam
1339 426 1391 468 sit
1413 425 1570 469 divinae
1594 428 1716 485 Legis
1739 429 1822 472 im-
1855 478 1858 481 ,

443 498 604 558 peritus
629 498 838 556 interpres
860 505 902 540 et
927 495 1132 554 profanus
1152 504 1350 553 apparet,
1366 495 1561 555 quisquis
1580 505 1706 555 putat
1729 499 1820 557 ejus
1854 490 1861 523 '⁶

441 568 661 612 sanctione
683 566 882 618 defendi,
899 565 1019 624 quod
1037 565 1203 624 justitia
1228 580 1316 608 non
1337 574 1477 623 potest
1496 565 1718 610 vindicari.
1740 585 1758 608 η

500 642 791 682 Auens-rmus.
818 636 905 678 Vos
931 634 1047 693 quod
1085 633 1251 687 dicitis,
1279 635 1420 692 potius
1453 650 1541 678 non
1564 645 1706 694 potest
1732 635 1821 680 ulla

433 708 614 768 justitiae
632 708 796 750 ratione
818 703 1010 748 defendi.
1035 703 1144 756 Quia
1161 706 1172 729 ¹
1192 704 1357 747 miseria
1386 705 1552 761 generis
1581 705 1776 760 humani,
1798 722 1820 749 a

439 794 525 838 qua
550 775 720 820 nullum
751 774 976 818 hominum
1002 774 1056 816 ab
1087 782 1237 816 exortu
1262 789 1396 833 usquc
1422 774 1474 817 ad
1508 775 1675 818 obitum
1698 776 1818 819 vide-

438 862 550 901 mus,
575 845 785 898 alienum,
809 859 895 888 non
918 844 1106 902 pertinet
1128 844 1182 886 ad
1201 843 1511 901 omnipotentis
1527 844 1819 904 justumjudi-
1858 838 1868 875 ‘-

436 918 550 962 cium
564 951 575 971 ‚
597 917 631 960 si
650 931 739 959 non
758 923 822 958 est
843 913 1052 971 originale
1076 922 1315 972 peccatum.

497 990 572 1031 IV.
605 989 831 1030 JuuANirs.
873 1004 892 1025 «
926 986 1032 1028 Nam
1069 984 1103 1026 si
1132 987 1219 1026 Lex
1246 984 1318 1026 Dei
1342 983 1437 1026 sons
1460 993 1524 1028 est
1545 999 1592 1028 ac
1619 986 1819 1043 magistra
1859 1031 1863 1045 ι

431 1058 609 1118 justitiae
627 1078 638 1115 3
657 1054 821 1099 auxiliis
834 1069 1009 1113 quoque
1028 1054 1132 1112 ejus,
1156 1053 1229 1095 Dei
1249 1053 1428 1111 aequitas
1442 1054 1636 1112 adjuvari
1659 1064 1815 1112 potest,
1859 1072 1864 1079 ·

435 1125 681 1186 impugnari
703 1140 790 1168 non
817 1132 969 1182 potest.
996 1123 1174 1167 Nullum
1195 1137 1296 1180 ergo
1319 1123 1633 1166 adminiculum
1657 1124 1818 1183 iniqui·

434 1198 512 1241 tati
541 1197 595 1240 de
625 1194 740 1239 illius
772 1194 1003 1251 Scripturas
1030 1192 1194 1235 viribus
1228 1193 1467 1249 comparari
1494 1202 1647 1237 natura
1673 1209 1814 1239 rerum

432 1268 548 1322 sinit,
573 1281 670 1325 quae
698 1266 809 1308 hanc
837 1279 966 1307 unam
991 1261 1349 1321 promulgationis
1372 1278 1542 1307 causam
1567 1265 1742 1319 habuit,
1770 1276 1817 1310 ut

432 1340 522 1398 ejus
559 1334 842 1389 testimoniis,
876 1333 1074 1377 remediis
1096 1368 1105 1386 ‚
1144 1333 1270 1376 minis
1290 1367 1300 1386 ‚
1338 1333 1578 1378 ultionibus
1610 1335 1816 1396 iniquitas

431 1407 663 1453 deleretur.

491 1481 781 1522 AUGUSTfflUs.
805 1475 909 1533 Ejus
937 1472 1189 1516 testimoniis
1211 1471 1471 1527 declaratur,
1496 1493 1515 1514 «
1543 1474 1664 1532 quod
1684 1475 1815 1520 homo

435 1567 455 1591 »
476 1549 656 1593 vanitati
679 1544 827 1590 similis
844 1546 984 1588 factus
1001 1552 1088 1595 est,
1114 1541 1203 1586 dies
1228 1544 1319 1601 ejus
1338 1543 1458 1587 velut
1477 1545 1630 1588 umbra
1656 1555 1813 1604 praete·
1861 1571 1865 1607 ς

434 1638 454 1661 »
481 1620 661 1662 1·eunt·2.
693 1634 713 1656 υ
742 1617 854 1660 Cum
886 1629 970 1673 qua
1001 1628 1100 1656 eum
1132 1614 1321 1657 vanitate
1355 1614 1470 1657 nasei
1495 1648 1506 1667 ,
1550 1630 1638 1658 non
1674 1615 1814 1660 solum
1862 1658 1865 1667 ,

429 1688 616 1733 veridica
651 1686 870 1744 Scriptura
899 1699 984 1743 qua
1011 1683 1231 1741 plangitur
1251 1717 1261 1736 ,
1287 1685 1568 1727 verumetiam
1601 1685 1813 1730 laboriosa
1862 1670 1884 1730 Ϊ.

429 1769 473 1804 et
490 1771 732 1802 aerumnosa
749 1770 852 1799 cura
872 1769 956 1813 qua
976 1752 1190 1806 eruditur,
1210 1753 1414 1796 ostendit.
1438 1757 1487 1796 In
1507 1755 1597 1814 ejus
1613 1756 1814 1801 remediis

428 1828 601 1886 legitur,
619 1827 746 1870 etiarn
764 1839 862 1868 cum
883 1821 1086 1882 parvulus
1112 1830 1237 1865 natus
1261 1822 1406 1876 fuerit,
1432 1823 1705 1869 offerendum
1722 1841 1812 1870 esse

428 1898 682 1943 sacrificium
699 1911 776 1954 pro
791 1903 969 1953 peccato
980 1894 1010 1934 3.
1031 1895 1080 1936 In
1096 1894 1186 1951 ejus
1202 1892 1329 1936 minis
1345 1892 1520 1950 legitur,
1538 1895 1810 1941 interituram

427 1969 559 2013 fuisse
579 1967 765 2010 animam
782 1962 971 2022 parvuli,
989 1963 1023 2005 si
1043 1961 1113 2005 dic
1135 1977 1223 2005 non
1241 1962 1585 2007 circumderetur
1607 1975 1760 2011 octavo
1776 1967 1808 2009 ⁴.

428 2043 479 2084 In
497 2039 586 2097 ejus
605 2034 844 2080 ultionibus
860 2033 1034 2090 legitur,
1053 2033 1192 2091 jussos
1210 2031 1398 2075 interimi
1417 2035 1544 2077 etiam
1565 2035 1809 2092 parvulos⁵‚

427 2123 613 2169 quorum
639 2114 836 2165 parentes
856 2102 910 2146 ad
932 2101 1198 2145 iracundiam
1222 2107 1734 2161 provocaveruntDeum,
1762 2116 1810 2151 ut

429 2178 725 2224 internecione
749 2173 902 2218 bellica
925 2172 1218 2216 delere11tur6.

487 2253 541 2294 V.
564 2251 789 2293 hirmin-ns.
830 2264 851 2286 «
881 2243 996 2290 Nihil
1021 2259 1122 2302 ergo
1156 2260 1232 2301 per
1264 2249 1421 2303 Legem
1458 2246 1533 2289 Dei
1569 2247 1637 2304 agi
1669 2256 1811 2306 potest

425 2330 575 2367 contra
599 2323 734 2364 Deum
751 2317 875 2375 Legis
898 2325 1136 2359 auctorem.
1157 2318 1255 2368 Quo
1270 2331 1359 2359 uno
1381 2317 1642 2375 compendio
1660 2318 1808 2363 exclu-

425 2394 544 2437 ditur
577 2389 756 2450 quidem
790 2385 1007 2447 quidquid
1036 2385 1089 2429 ab
1122 2386 1365 2429 errantibus
1393 2387 1618 2431 consuevit
1646 2389 1805 2448 objici:

474 2500 484 2517 ¹
504 2497 652 2535 Prosper.
672 2494 818 2524 Sentent.
835 2489 911 2531 276,
925 2505 963 2511 -
981 2495 992 2510 ²
1021 2489 1095 2520 rsal.
1116 2499 1222 2529 cuin,
1242 2489 1323 2530 lp*-
1337 2487 1349 2511 3
1369 2489 1472 2521 Levit.
1492 2500 1549 2526 xn,
1580 2493 1612 2523 8.
1629 2507 1669 2513 -
1682 2490 1699 2522 4
1727 2493 1806 2526 Gen,

425 2560 507 2591 xvn,
528 2550 579 2581 30.
596 2545 663 2571 —5
681 2548 773 2580 Num.
793 2555 850 2587 ιιι,
874 2545 929 2585 35,
949 2549 981 2577 et
999 2547 1092 2577 Deut·
1115 2555 1156 2581 xi,
1174 2543 1227 2586 34-
1240 2561 1278 2568 -
1292 2543 1306 2568 6
1324 2546 1493 2587 Josue,v1‚
1514 2556 1569 2585 αι,
1584 2550 1617 2578 et
1635 2557 1667 2586 x,
1687 2546 1740 2580 32·

1865 3176 1873 3285 ..ι-αι...
1865 3139 1871 3164 „-
