1821 3264
238 292 382 320 OPERIS
416 294 593 320 IMPERF.
628 295 789 322 CONTRA
824 298 993 325 Ji‘mAN.
1032 299 1113 324 Lm.
1153 300 1198 325 11.
1334 286 1417 326 453

89 358 175 402 CC.
212 359 439 400 JcJJANis.
462 376 480 398 «
500 360 727 402 Peccatum
748 369 909 414 autem,
935 363 1091 421 inquit,
1115 378 1202 407 non
1227 364 1418 422 imputa-

35 446 54 470 »
79 437 166 483 tur,
188 443 289 472 cum
307 427 374 471 lex
391 443 480 472 non
498 431 582 473 est¹
609 447 617 472 :
639 448 659 470 «
683 446 769 488 qua
783 433 1010 487 sententia,
1029 433 1138 478 sicut
1156 443 1198 478 et
1215 434 1419 479 omnibus

30 498 155 543 dictis
174 498 282 553 suis,
308 499 557 557 opinionem
581 498 768 543 traducis
793 502 1026 546 interemit,
1056 521 1076 544 »

88 572 381 613 Amus‘rnwxs.
420 569 552 612 Plane
584 584 684 613 eum
720 570 787 613 lex
821 586 910 614 non
940 581 1028 626 est,
1062 587 1150 616 non
1181 574 1422 632 imputatur

29 649 281 699 peccatum3
300 639 374 683 sed
392 641 447 683 ab
471 640 718 684 hominibus
736 676 745 694 ,
765 642 840 699 qui
858 641 1154 686 inscrutabilia
1169 644 1334 702 judicia
1348 645 1426 688 Dei

31 712 242 756 nesciunt.
275 713 383 756 Nam
409 712 440 754 si
470 714 581 755 ‘Deus
608 722 835 770 peccatum
860 728 946 756 non
978 714 1187 772 imputat,
1225 729 1325 757 eum
1356 714 1424 757 lex

29 798 118 827 non
142 792 232 840 est3
264 798 350 843 qua
381 782 556 826 tandem
574 783 740 842 justitia
769 783 845 827 Dei
870 785 944 844 qui
971 785 1062 828 sine
1088 784 1184 843 lege
1213 800 1422 844 peecave-

30 862 159 908 runt,
184 853 275 897 sine
295 853 389 911 lege
406 852 613 912 peribunt
625 855 674 894 2?

90 926 186 969 CCI
218 927 444 969 «IULIANUS.
487 943 506 966 «
533 927 640 970 Nam
664 925 697 968 si
729 933 829 968 ante
854 924 991 983 legem
1015 940 1105 969 non
1128 925 1339 984 imputata
1362 935 1426 970 est

29 995 193 1054 peccati
227 994 406 1049 tradux,
452 1004 547 1053 post
578 995 717 1052 legem
747 1004 890 1039 autem
922 1010 1011 1039 non
1048 994 1158 1049 fuit,
1196 1012 1420 1056 nunquam

30 1065 208 1110 omnino
234 1080 322 1125 quo
346 1073 521 1108 noceret
553 1066 743 1110 hnmano
771 1067 917 1125 generi
942 1066 1058 1110 virus
1082 1066 1284 1110 obtinuit.
1311 1070 1426 1110 Ante

30 1135 168 1193 legem
196 1135 313 1178 enim
340 1135 602 1194 imputatum
643 1151 730 1180 non
757 1145 819 1180 est
840 1136 1038 1180 naturale
1066 1145 1317 1196 peceatum,
1344 1136 1426 1180 sub

32 1206 125 1264 lege
142 1206 407 1265 imputatum
429 1221 516 1250 non
543 1216 621 1261 est,
647 1207 747 1266 quia
772 1207 815 1250 in
841 1207 963 1250 nullo
983 1222 1179 1266 unquam
1199 1206 1296 1251 loeo
1319 1206 1425 1265 legis

30 1277 99 1322 vel
118 1286 405 1321 monstratum
424 1278 505 1321 hoe
523 1277 591 1321 vel
608 1278 873 1337 imputatum
891 1280 1087 1322 docetur.
1111 1282 1303 1336 Apparet
1318 1292 1420 1335 ergo

30 1347 307 1406 Apostolum,
319 1357 547 1407 peccatum
563 1356 662 1392 ante
676 1348 814 1407 legem
824 1346 1237 1402 liberaevoluntatis,
1252 1356 1346 1407 post
1360 1347 1424 1391 le-

29 1434 124 1477 gem
147 1428 294 1463 autem
315 1420 714 1478 praevaricationem
735 1419 916 1464 totidem
936 1419 1084 1463 liberae
1101 1419 1338 1464 voluntatis
1355 1434 1423 1463 ar-

30 1505 177 1549 guere.
208 1508 226 1531 ι)

89 1564 379 1605 Aucusrnvcs.
417 1561 457 1605 Si
482 1560 525 1603 in
543 1559 638 1618 lege
659 1574 749 1604 non
777 1558 1020 1604 ostenditur
1040 1558 1246 1616 originale
1268 1574 1424 1618 pecca-

30 1639 122 1675 tum
146 1665 156 1685 ,
198 1646 275 1675 cur
314 1646 415 1688 ergo
451 1631 497 1674 in
530 1630 624 1687 lege
663 1631 805 1674 anima
840 1629 1008 1688 parvuli
1044 1639 1197 1674 octavo
1228 1629 1299 1673 die
1332 1645 1422 1674 non

28 1701 269 1745 circumcisi
292 1700 346 1744 de
373 1715 530 1759 genere
559 1715 637 1743 suo
659 1699 774 1743 dicta
805 1709 868 1743 est
892 1699 1120 1742 interire³P
1143 1701 1233 1743 Cur
1254 1698 1421 1742 infante

30 1780 159 1826 nato,
193 1771 461 1816 offerebatur
491 1771 745 1814 sacrificium
778 1785 856 1829 pro
884 1769 1119 1828 peccat04‘?
1149 1771 1245 1812 Jam
1274 1783 1422 1827 quaeso

30 1853 123 1887 tace
145 1862 153 1887 z
175 1841 352 1886 attende
369 1841 579 1886 infantem
594 1877 604 1897 ,
626 1851 669 1885 et
686 1842 854 1885 imitare
869 1856 957 1885 non
972 1839 1150 1884 fantem.

91 1915 226 1958 CCII.
263 1916 491 1958 Junmrs.
532 1933 551 1955 «
579 1917 640 1957 Ac
671 1929 748 1972 per
769 1913 875 1966 hoc,
912 1921 1078 1956 constat
1101 1910 1209 1954 nibil
1239 1925 1339 1954 eum
1368 1910 1424 1954 de

30 1993 207 2044 peccato
230 1983 421 2027 traducis
449 1984 698 2027 elocutum?
716 1998 814 2042 quae
839 1983 1034 2042 quamvis
1056 1982 1227 2040 copiosa
1251 1989 1418 2035 essent,

32 2055 86 2100 ad
110 2056 387 2114 probandum
421 2054 529 2098 nihil
559 2055 815 2112 Apostolum
840 2055 895 2097 de
923 2053 1136 2107 naturali,
1166 2051 1309 2111 (quod
1333 2066 1423 2095 esse

31 2141 119 2170 non
142 2135 308 2185 potest,
334 2134 375 2168 ct
398 2141 419 2169 a
443 2125 691 2170 Manichaeis
710 2126 939 2183 fingitur,)
957 2125 1134 2168 sensisse
1149 2131 1351 2182 peccato,
1371 2136 1422 2164 ex

32 2197 300 2241 abundantia
330 2206 475 2239 tamen
512 2196 639 2238 etiam
673 2194 992 2238 distinctionem
1036 2193 1295 2247 inculcavit,
1332 2207 1421 2236 non

33 2281 182 2311 omnes
206 2267 382 2311 omnino
405 2265 505 2309 Adee
528 2265 881 2324 praevaricatione
906 2263 1122 2322 pollutos;
1144 2262 1421 2321 quandoqui-

33 2337 132 2381 dem
156 2338 285 2380 etiam
304 2337 358 2379 de
382 2336 473 2390 his,
495 2337 538 2378 in
557 2336 717 2395 quibus
739 2350 817 2393 pro
837 2335 1064 2393 iniquitate
1089 2341 1287 2390 regnaret
1314 2332 1422 2375 intc-

34 2409 140 2452 ritus
160 2443 169 2462 ,
190 2407 489 2451 invenirentur
505 2406 705 2465 plurimi,
726 2406 798 2464 qui
818 2420 840 2448 a
856 2402 1211 2463 praevaricatione
1228 2402 1335 2445 Adae
1350 2400 1423 2444 do-

34 2486 239 2523 cerentur
260 2476 403 2520 alieni.
430 2496 448 2518 »

96 2553 387 2593 Aucusrinus.
424 2546 703 2592 Calumniose
718 2580 729 2600 ,
750 2545 948 2602 linguose
973 2562 982 2587 :
1012 2544 1209 2587 «Omnes
1230 2541 1449 2587 homines-

86 2641 95 2656 ¹
122 2637 212 2668 Rom.
233 2644 267 2674 v,
290 2633 394 2667 13.--
413 2640 423 2656 ²
438 2633 484 2665 Id.
505 2643 540 2674 11,
562 2640 612 2664 12.
631 2629 695 2655 —3
714 2633 795 2663 Gen.
816 2640 893 2670 xvn,
916 2628 967 2670 14.
985 2626 1055 2658 —4
1076 2626 1180 2661 Levit.
1201 2636 1258 2668 ιιι,
1277 2626 1310 2658 6.
