1884 3285
424 282 508 322 364
860 295 894 320 s.
931 291 1161 322 Atreus-nm
1194 294 1374 322 muscom

425 378 445 401 »
470 359 731 404 subintravit
755 367 804 402 ut
825 359 1071 404 abundaret
1096 359 1305 405 delictum
1322 362 1354 404 ¹.
1377 378 1396 402 »
1421 359 1506 406 Sed
1535 361 1635 421 quia
1656 376 1806 408 verum
1845 367 1848 406 ζ
1868 384 1870 389 v

422 428 493 474 ille
515 429 639 485 dixit,
664 439 713 474 tu
743 429 851 474 nihil
869 429 1000 489 dicis,
1029 439 1072 475 et
1094 439 1241 476 tamen
1265 430 1467 486 dicendo,
1487 432 1690 478 haeretica
1706 448 1808 493 per·
1846 427 1848 462 ἶ
1880 424 1881 428 “

420 501 576 545 tinacia
594 501 867 546 contradicis.

481 573 638 616 LXXI.
663 575 688 616 J
694 588 890 617 maius.
916 574 1105 616 «Verum
1134 588 1188 616 ne
1220 571 1368 617 videar
1396 572 1466 617 hic
1504 573 1632 617 nimis
1663 583 1806 620 tecum
1848 573 1884 618 js·

420 657 545 701 agere
559 643 768 687 tenaciter
785 678 795 697 ,
821 643 1159 703 acquiescamus,
1183 642 1304 704 quod
1323 662 1342 684 «
1358 658 1495 703 usque
1515 643 1569 687 ad
1587 647 1762 703 Legem,
1785 664 1806 688 »
1850 654 1867 686 ἰ,

419 727 557 773 usque
578 713 632 757 ad
653 714 874 758 Christum
897 714 1031 773 possit
1054 714 1239 774 intelligi
1264 733 1273 760 :
1301 712 1504 758 concedis
1535 730 1636 772 ergo
1659 730 1811 773 pecca·
1850 719 1884 773 ·1]

423 792 512 828 tum
532 784 614 828 hoc
635 785 756 844 quod
777 783 882 829 dicis
899 785 1125 844 originale,
1148 801 1237 830 non
1260 800 1350 829 esse
1365 795 1463 845 post
1485 785 1705 830 Christum
1722 787 1740 830 Ξ)
1755 789 1811 832 Et
1852 789 1884 836 21⁴

419 855 674 914 quomodo,
708 865 750 901 et
783 857 828 900 in
861 857 1172 916 Apostolorum
1210 858 1441 912 membris,
1478 867 1519 901 et
1543 858 1587 901 in
1609 858 1810 902 omnibus
1854 867 1855 871 ’

419 925 661 984 baptizatis,
677 936 719 970 et
738 942 874 987 usque
886 927 1017 972 hodie
1035 937 1131 987 post
1145 937 1209 973 tot
1225 927 1383 973 saecula
1401 929 1614 972 adventus
1633 928 1807 983 Christi,
1854 957 1855 962 =

418 1010 528 1054 opus
549 996 712 1042 diaboli
736 1032 746 1052 2
774 997 978 1042 fruticem
1011 997 1266 1042 adversariae
1301 999 1525 1057 potestatis
1543 1033 1553 1053 ,
1581 998 1811 1059 legemque

419 1069 583 1127 peccati
606 1084 796 1124 manere,
822 1070 985 1128 vigere,
1002 1069 1147 1113 vivere
1170 1069 1312 1113 dicis?

479 1141 768 1182 Areusrmrs.
807 1142 900 1183 Hoc
922 1154 1009 1183 non
1033 1139 1131 1184 dico
1159 1159 1167 1184 :
1193 1138 1302 1183 nihil
1325 1139 1445 1183 dicis.
1471 1138 1604 1184 Aliud
1627 1148 1690 1183 est
1706 1154 1810 1198 pec·
1863 1166 1875 1174 -

1857 1220 1873 1256 'l

417 1218 563 1252 catum
587 1245 597 1263 ,
624 1210 742 1253 aliud
765 1210 1117 1270 concupiscentia
1149 1213 1317 1270 peccati
1339 1246 1349 1265 ,
1375 1212 1446 1255 cui
1475 1225 1563 1254 non
1599 1212 1812 1256 consentit

417 1281 491 1339 qui
510 1295 585 1339 per
599 1281 780 1340 gratiam
800 1282 876 1325 Dei
892 1297 980 1326 non
998 1292 1150 1341 peccat
1167 1302 1175 1327 ς
1194 1283 1390 1343 quamvis
1410 1291 1453 1326 et
1474 1282 1564 1341 ipsa
1581 1283 1812 1341 concupis-
1858 1306 1876 1346 χ

417 1351 556 1395 centia
586 1353 751 1410 peccati
775 1362 955 1397 vocetur
977 1363 1204 1413 peccatum
1225 1388 1236 1407 ,
1258 1353 1361 1413 quia
1390 1362 1568 1412 peccato
1592 1351 1704 1397 facta
1730 1362 1807 1398 est.

419 1422 539 1468 Sicut
560 1423 772 1482 scriptura
795 1424 1006 1484 quaelibet
1023 1460 1033 1479 ,
1059 1440 1213 1468 manus
1236 1426 1328 1484 ejus
1350 1424 1509 1468 dicitur
1531 1425 1653 1484 cujus
1678 1440 1812 1469 manu
1859 1451 1877 1481 ,Δ

417 1493 530 1538 facta
563 1503 640 1538 est.
671 1497 729 1538 De
763 1511 851 1555 quo
873 1505 1019 1540 autem
1037 1495 1204 1540 dictum
1226 1505 1290 1540 est
1314 1512 1324 1539 .·
1354 1514 1373 1536 «
1401 1498 1513 1540 Ecce
1535 1499 1685 1555 Agnus
1707 1496 1808 1551 Dei,
1871 1531 1880 1543 .

421 1584 440 1606 »
459 1580 558 1609 ecce
575 1567 651 1626 qui
675 1566 786 1610 tollit
808 1577 983 1626 peccata
1006 1567 1161 1612 mundi
1186 1571 1202 1593 ‘³
1224 1588 1234 1623 3
1263 1586 1282 1608 η
1309 1568 1399 1627 ipse
1421 1576 1589 1611 reatum
1614 1568 1805 1627 peccati,
1861 1618 1863 1631 1

417 1634 537 1695 quod
570 1637 849 1694 generatione
881 1638 1096 1693 trahitur,
1121 1637 1447 1696 regeneratione
1475 1637 1696 1696 dissolvit,
1720 1638 1810 1698 ipse
1862 1651 1881 1682 ³3

418 1707 625 1765 Spiritum
663 1706 830 1751 donans
864 1707 968 1752 facit
990 1724 1080 1753 non
1114 1723 1296 1767 regnare
1324 1717 1553 1768 peccatum
1583 1709 1629 1752 in
1661 1718 1810 1754 nostro

416 1775 588 1820 mortali
611 1793 794 1837 corpore
824 1778 880 1822 ad
911 1778 1211 1823 obediendum
1246 1779 1608 1839 concupiscentiis
1643 1781 1737 1840 ejus
1760 1781 1807 1838 ³3

416 1847 505 1906 ipse
533 1847 788 1907 quotidiana
810 1848 1097 1907 indulgentia,
1124 1859 1302 1909 propter
1323 1865 1455 1910 quam
1480 1849 1678 1909 quotidie
1698 1849 1809 1895 dici-

414 1934 510 1963 mus
529 1939 537 1964 :
571 1938 591 1962 «
612 1921 790 1965 Dimitte
810 1921 935 1965 nobis
957 1921 1104 1966 debita
1121 1931 1266 1966 nostra
1294 1923 1326 1976 ⁴,
1356 1940 1375 1962 »
1398 1921 1431 1965 si
1447 1921 1555 1981 quid
1577 1923 1809 1982 concupis-

414 1994 554 2035 centia
598 1992 764 2050 peccati
804 1993 936 2036 etiam
969 1993 1082 2037 hene
1123 1993 1362 2038 resistendo
1399 1993 1665 2037 certantibus
1694 1992 1808 2038 male

416 2063 690 2120 persuaserit,
707 2063 947 2108 misericors
969 2062 1086 2109 delet
1111 2084 1122 2120 3
1144 2065 1234 2124 ipse
1258 2065 1375 2124 gravi
1397 2064 1523 2109 ruina
1541 2063 1666 2109 elisos
1683 2064 1809 2123 erigit
1866 2077 1884 2128 ,ᾗ

416 2132 678 2190 poenitentes
697 2154 708 2190 3
728 2133 818 2193 ipse
840 2134 915 2178 ubi
938 2149 1026 2179 non
1047 2135 1182 2194 possit
1195 2136 1372 2179 omnino
1394 2135 1580 2194 peccari,
1598 2134 1810 2194 perducet
1876 2135 1884 2191 [t

415 2202 739 2261 constituetque
762 2212 1007 2263 regnantes,
1025 2205 1203 2265 quando
1227 2205 1388 2250 dicitur
1406 2224 1415 2251 ε
1434 2224 1454 2248 «
1477 2205 1557 2250 Ubi
1578 2214 1657 2260 est,
1673 2220 1807 2261 mors,

417 2291 437 2313 η
460 2274 683 2318 contentio
707 2283 782 2318 tua
806 2276 824 2318 Ρ
849 2275 927 2319 ubi
949 2286 1042 2331 est,
1063 2292 1178 2321 mors
1194 2312 1204 2331 ,
1233 2276 1409 2322 aculeus
1439 2286 1540 2321 tuus
1568 2279 1586 2321 Ρ
1618 2277 1809 2322 Aculeus
1876 2286 1884 2301 “·

1877 2347 1884 2361 ἡ

419 2361 438 2383 »
465 2352 609 2387 autem
643 2344 793 2388 mortis
817 2353 880 2388 est
910 2354 1138 2404 peccatum
1162 2349 1192 2390 ⁵.
1231 2366 1250 2388 »
1272 2350 1384 2391 Ecce
1406 2347 1630 2407 quomodo
1653 2362 1807 2406 pecca-

417 2424 508 2459 tum
527 2410 681 2459 mundi
710 2418 856 2473 Agnus
883 2414 955 2460 ille
984 2417 1060 2461 Dei
1085 2416 1228 2472 tollit,
1258 2419 1379 2478 quod
1414 2420 1501 2463 Lex
1523 2417 1693 2462 auferre
1717 2433 1806 2462 non
1870 2418 1872 2427 '

418 2486 573 2545 potuit.

467 2593 475 2609 ⁸
503 2590 593 2619 Rom.
623 2600 655 2627 v,
683 2597 736 2620 20.
751 2605 793 2612 —-
809 2595 821 2610 ²
846 2591 938 2622 Joan.
964 2600 986 2631 1,
1007 2588 1141 2632 29.—3
1158 2592 1253 2624 Rom.
1280 2602 1325 2632 vn,
1348 2599 1398 2623 12.
1416 2590 1480 2621 -4
1501 2591 1613 2623 matth.
1633 2601 1677 2631 vi,
1700 2599 1805 2623 1¹2.—

421 2641 434 2665 5
458 2654 467 2675 1
486 2645 559 2675 Cor.
580 2654 634 2682 xv,
656 2644 694 2676 35
714 2649 744 2675 et
766 2644 817 2677 36.
