1821 3264
0 0 29 136 i

22 144 26 247 ὲ

235 257 378 285 opums
411 257 589 284 IMPERF.
624 254 787 283 CONTRA
821 256 988 284 stium.
1026 258 1109 284 Lm.
1147 259 1193 285 11.
1327 246 1409 286 373

0 323 134 371 idum
160 356 171 377 ,
196 324 213 380 )
249 323 294 365 in
322 325 489 381 generis
516 322 695 365 humani
726 337 815 366 non
855 323 1011 381 injusta
1043 323 1276 368 afflictione
1307 339 1413 382 cog-

0 407 193 458 ginosces.

0 465 10 514 i·
87 464 182 507 XC.
223 464 452 507 himinis.
484 483 504 505 «
529 465 570 508 Si
592 463 708 518 haec,
732 464 938 523 inquam,
964 473 1119 509 cuncta
1142 466 1186 509 in
1207 466 1285 509 Dei
1306 466 1415 510 ima-

30 534 176 594 ginem
203 534 331 592 primi
363 533 548 578 hominis
579 534 741 578 invexit
776 535 1008 594 iniquitas,
1045 535 1323 580 manifestum
1352 545 1416 580 est

27 604 152 648 nimis
172 619 262 647 esse
287 603 550 649 imbecillam
574 605 733 649 Christi
757 606 936 664 gratiam
958 605 1005 649 in
1028 606 1114 649 suis
1134 607 1410 662 muneribus,

0 682 122 736 iquae
138 675 245 719 nihil
265 676 384 735 quod
397 676 462 719 his
477 684 541 719 tot
556 675 793 720 trabalibus
811 676 933 720 malis
950 677 1198 721 mederetur
1214 678 1379 721 invenit
1401 697 1410 722 ε

0 725 99 797 laut
124 746 157 789 si
176 746 367 800 invenit,
389 747 570 791 affirma.
599 747 774 804 Singula
795 747 909 790 enim
931 762 1049 791 nunc
1072 747 1249 805 singulis
1267 746 1414 791 confe-

0 801 180 865 luamus.
214 817 255 861 Si
285 816 426 860 Adam
454 826 610 875 praeter
633 816 871 860 voluntatis
899 833 1030 876 opera
1049 852 1060 873 ,
1085 819 1218 878 ipsius
1241 827 1410 862 naturae

0 867 217 938 2⁴instituta
243 887 476 941 subvertit,
502 887 608 931 nihil
630 887 784 931 debuit
806 889 941 947 magis
958 889 1177 943 Christus,
1201 905 1332 949 quam
1360 906 1409 934 ea

0 966 120 1019 'tquae
142 956 286 1001 abillo
309 956 482 1002 fuerant
504 957 603 1002 elisa
623 993 633 1014 ‚
659 973 856 1018 reparare
874 994 884 1014 ‚
906 959 971 1003 his
992 959 1197 1004 videlicet
1222 961 1410 1020 vestigiis

0 1029 180 1089 [quibus
203 1027 275 1072 ille
297 1029 542 1073 subruerat.
567 1047 587 1069 »

0 1035 16 1164 Ἴ
81 1103 372 1144 Amissum-s.
401 1102 494 1143 Hoc
511 1098 639 1154 facit,
660 1098 734 1143 sed
750 1114 836 1143 non
855 1099 1076 1158 quomodo
1097 1109 1146 1144 tu
1163 1101 1240 1144 vis.
1267 1120 1285 1142 «
1305 1101 1410 1154 Quis

0 1167 45 1229 i»
70 1170 186 1214 enim
215 1171 420 1230 cognovit
451 1180 641 1214 mentem
667 1171 865 1227 Domini,
906 1181 981 1216 aut
1009 1172 1107 1232 quis
1144 1172 1408 1216 consiliarius

0 1241 44 1283 ἱ»
69 1242 159 1300 ejus
183 1239 321 1285 fuit1‘?
344 1260 364 1283 »

3 1318 6 1322 ”
77 1313 196 1357 XCI.
233 1315 460 1357 Jcmmts.
501 1332 521 1355 «
549 1313 598 1357 Id
622 1322 708 1367 est,
739 1323 790 1357 ut
816 1314 861 1357 in
892 1315 1055 1373 nuptiis
1087 1314 1406 1372 baptizatorum

0 1385 5 1435 ᾗ
18 1384 272 1444 neutiquam
288 1385 520 1428 sentiretur
536 1384 670 1428 libido
689 1405 699 1440 3
725 1399 805 1429 nec
827 1384 978 1428 eodem
996 1386 1128 1429 modo
1141 1419 1152 1439 ‚
1169 1400 1258 1444 quo
1276 1385 1405 1428 etiam

3 1453 271 1498 'caeterarum
295 1455 517 1512 gentium,
544 1455 747 1513 genitalia
774 1463 1067 1499 moverentur.
1097 1473 1116 1495 »

76 1527 368 1569 Arorsrmrs.
403 1527 501 1569 Non
530 1539 632 1583 ergo
657 1523 906 1568 debuerunt
940 1524 1166 1583 baptizatae
1198 1539 1297 1568 cum
1330 1539 1406 1582 ge-

16 1594 124 1639 mitu
161 1611 337 1654 parere3
383 1595 592 1656 quoniam
626 1595 730 1648 hoc,
768 1593 908 1655 (quod
943 1609 1101 1653 negare
1134 1610 1223 1638 non
1260 1596 1405 1653 potes)

22 1679 151 1725 poena
166 1675 228 1709 est
244 1666 436 1709 foeminae
454 1665 717 1724 peccatricis.

0 1732 3 1744 ⁸
73 1739 215 1782 XCII.
253 1740 479 1782 Juumus.
521 1757 541 1780 «
573 1737 809 1781 Recederet
848 1746 1068 1795 postremo
1104 1746 1202 1796 post
1236 1737 1405 1782 donum

15 1808 164 1867 gratiae
194 1809 447 1853 coeuntium
482 1808 648 1867 pudor,
688 1823 767 1852 nec.
801 1807 883 1851 iret
910 1823 987 1866 per
1017 1809 1211 1852 membra
1247 1809 1404 1868 quietis

12 1880 194 1924 imitatio
206 1916 221 1936 ,
241 1896 322 1925 nec
339 1890 592 1939 paterentur
609 1895 758 1924 sensus
776 1894 908 1923 onera
924 1878 1190 1937 dulcedinis3
1214 1879 1403 1924 liberum

11 1959 230 2010 postremo
250 1951 479 2010 baptizatis
504 1950 759 1995 redderetur
783 1949 1031 2004 arbitrium,
1059 1959 1107 1994 ut
1129 1965 1207 2009 per
1229 1966 1401 1995 correc-

32 2022 173 2067 ionem
197 2032 388 2078 naturae,
415 2022 594 2082 expulsa
615 2022 711 2081 lege
734 2022 924 2081 peccati,
949 2030 1038 2065 tam
1069 2021 1270 2080 possibile
1292 2037 1400 2066 con-

12 2094 190 2138 fitereris
208 2110 298 2139 esse
314 2094 572 2139 mortalibus
590 2130 599 2148 ‚
618 2094 754 2137 nitere
773 2092 1005 2153 splendore
1022 2094 1248 2147 virtutum,
1270 2109 1400 2153 quam

10 2166 209 2209 sordibus
227 2167 405 2210 horrere
426 2166 632 2209 vitiorum
654 2184 662 2209 ε
684 2165 770 2208 imo
785 2164 957 2222 penitus
975 2179 1056 2208 nec
1077 2164 1279 2208 mortales
1293 2199 1303 2219 ,
1324 2165 1399 2224 qui

11 2237 290 2280 sacramentis
311 2237 594 2289 imbuuntur,
620 2251 710 2279 esse
727 2234 952 2279 deberent.
977 2253 998 2276 »

72 2310 366 2351 Ais-Grs‘rimts.
397 2309 452 2350 Et
476 2316 644 2360 tamen,
670 2304 858 2358 Juliane,
884 2304 990 2348 tales
1013 2306 1185 2364 nuptias
1203 2305 1249 2347 in
1273 2320 1399 2363 para-

11 2375 102 2420 diso
134 2377 396 2420 constituere
419 2392 508 2421 non
537 2386 580 2420 te
608 2375 771 2434 pudet,
798 2374 875 2418 ubi
903 2376 1155 2419 coeuntium
1180 2374 1397 2419 confiteris

10 2448 239 2505 pudorem.
271 2450 462 2506 Ergo-ne
488 2446 654 2507 aliquid
677 2445 931 2505 pudendum
953 2455 1045 2489 erat
1061 2480 1071 2499 ‚
1096 2446 1171 2488 ubi
1190 2445 1295 2488 nihil
1315 2445 1396 2489 nisi

9 2516 277 2562 laudandum
295 2554 305 2574 ,
343 2519 418 2577 qui
451 2533 579 2577 supra
607 2526 765 2562 cuncta
794 2515 1039 2560 laudandus
1061 2524 1152 2569 est,
1185 2515 1398 2560 Conditor

60 2608 67 2623 ¹
91 2603 148 2633 lsai
183 2613 232 2642 u,
261 2602 310 2643 13,
332 2607 364 2634 et
386 2605 477 2634 Rom.
499 2613 543 2641 υ,
566 2601 616 2642 34.
