1821 3264
247 220 398 266 ¹omnus
432 240 606 267 xmpnnf.
641 240 803 268 CONTRA
837 243 1004 270 sur-itu.
1043 244 1123 270 ΜΒ.
1164 246 1191 269 1.
1335 235 1416 273 272)

36 298 212 358 quidem
236 317 461 362 nunquam
482 318 573 348 eam
596 319 670 363 per
687 316 884 351 exortum
905 309 968 352 sui
993 319 1162 353 constat
1179 311 1420 368 habuisse,)

36 368 236 415 voluntas
256 374 513 431 appetendae
529 375 689 434 jugiter
712 378 933 435 pravitatis
954 380 1241 424 incumberet.
1270 384 1325 424 Et
1346 381 1421 425 ad«

10 463 13 467 ·
31 440 177 500 Jungis
192 475 203 497 ,
230 459 250 484 »
275 443 486 489 Voluntas
503 461 602 505 quae
619 446 755 492 libera
771 449 891 492 estin
908 450 1027 494 malis
1045 486 1055 505 ,
1076 450 1214 495 libera
1233 453 1276 496 in
1295 452 1420 496 bonis

36 525 126 556 non
148 521 211 556 est
229 531 239 557 ε
269 532 285 553 «
313 530 400 559 non
419 516 585 561 minore
607 517 736 576 plane
758 519 952 563 stultitiae
974 521 1261 580 professione,
1289 539 1418 582 quam

35 580 308 640 profanitatis
325 621 335 641 ‚
373 585 559 632 liberum
590 603 738 645 vocas,
764 589 884 650 quod
911 590 1016 637 dicis
1039 593 1118 636 nisi
1142 609 1281 638 unum
1310 593 1420 638 velle

35 667 126 697 non
142 668 279 713 posse.
307 674 326 697 »

94 727 387 772 Amusmus.
426 729 468 773 Si
493 728 681 773 liberum
703 747 793 776 non
813 741 875 776 est
893 768 903 787 ‚
925 734 1004 777 nisi
1028 735 1147 795 quod
1171 735 1261 780 duo
1281 746 1423 795 potest

35 793 147 838 velle
164 829 175 850 ‚
202 795 247 840 id
277 806 340 842 est
357 833 368 853 ,
393 807 436 843 et
464 798 628 844 bonum
659 810 702 845 et
730 803 923 862 malum3
951 804 1063 848 liber
1087 809 1199 850 Deus
1221 823 1311 852 non
1335 818 1419 864 est,

36 865 113 925 qui
142 866 302 912 malum
335 885 422 913 non
447 880 588 929 potest
615 871 749 928 velle,
780 873 834 918 de
858 891 948 935 quo
975 877 1106 920 etiam
1127 878 1218 936 ipsc
1248 878 1419 934 dixisti,

35 951 275 999 verumque
302 940 445 986 dixisti
475 961 483 986 :
524 962 544 986 «
570 946 684 988 Deus
704 960 794 989 esse
823 946 903 991 nisi
923 948 1066 1007 justus
1097 965 1185 993 non
1210 960 1366 1008 potest.
1400 970 1419 992 »

39 1009 205 1055 Siccine
226 1015 364 1057 Deum
387 1013 538 1060 laudas
554 1050 565 1071 ,
588 1025 636 1060 ut
659 1017 697 1060 ei
715 1017 884 1063 auferas
907 1018 1186 1064 libertatem?
1208 1038 1262 1066 an
1284 1023 1425 1080 potius

33 1079 274 1140 intelligere
289 1084 422 1128 debes
436 1100 525 1130 csse
546 1087 783 1146 quamdam
802 1089 973 1135 beatam
989 1093 1281 1137 necessitatem
1301 1129 1310 1149 ,
1333 1110 1419 1154 qua

35 1154 150 1197 Deus
172 1152 357 1214 injustus
379 1172 466 1201 non
491 1166 633 1215 potest
655 1161 778 1203 esse?

92 1224 166 1269 CI.
198 1226 425 1272 JULIANL‘S.
456 1247 476 1270 «
498 1229 583 1272 Sed
599 1229 701 1273 licet
721 1229 842 1274 nulla
860 1246 910 1275 ex
927 1241 1049 1291 parte
1066 1243 1426 1288 constesftamen

36 1294 143 1353 quid
165 1295 359 1341 attuleris
383 1299 573 1357 prudens
596 1300 732 1344 lector
754 1302 964 1347 attendat.
991 1306 1324 1349 Consentiamus
1349 1322 1427 1350 vo-

35 1363 249 1410 luntatem
281 1366 572 1413 liberam'dici'
600 1386 722 1429 posse
741 1407 751 1426 ,
783 1389 883 1431 quae
906 1373 1070 1417 bonum
1103 1376 1213 1419 velle
1236 1392 1324 1419 uon
1352 1393 1427 1435 po-

40 1443 122 1481 test
147 1455 155 1480 :
180 1437 292 1481 hanc
321 1447 465 1482 autem
489 1439 761 1485 voluntatem
785 1443 829 1486 in
855 1444 1113 1502 baptismate
1135 1447 1285 1490 asseris
1313 1447 1426 1490 libe—

38 1509 122 1552 rari
149 1523 157 1549 :
191 1511 418 1568 Interrogo
435 1545 446 1565 ‚
478 1511 532 1554 ad
559 1527 689 1571 quem
718 1513 898 1557 modum
922 1515 1133 1560 liberatur
1151 1552 1161 1571 ,
1189 1527 1238 1561 ut
1260 1518 1428 1561 bonum

37 1593 207 1639 semper
237 1574 350 1625 velle
383 1590 586 1640 cogatur,
613 1593 655 1628 et
677 1584 840 1629 malum
869 1586 979 1630 velle
1002 1603 1091 1631 non
1117 1589 1276 1647 possit?
1299 1605 1350 1632 an
1378 1597 1426 1632 ut

37 1662 274 1714 utrumque
295 1655 429 1714 possit
447 1657 680 1714 appetere?
708 1657 787 1701 Hic
812 1667 858 1701 tu
879 1658 912 1702 si
936 1661 1210 1717 responderis
1227 1696 1237 1715 ‚
1270 1670 1320 1704 ut
1345 1663 1427 1706 bo-

0 1746 2 1753 ·
37 1740 143 1770 num
166 1741 334 1786 semper
356 1727 467 1770 velle
489 1737 670 1785 cogatur
694 1748 702 1772 ;
728 1745 859 1787 quam
882 1731 936 1773 sis
959 1731 1244 1776 Jovinianista
1261 1767 1272 1787 ,
1298 1733 1427 1776 etiam

36 1795 127 1854 ipse
148 1798 386 1854 cognoscis.
410 1798 453 1842 Si
471 1806 617 1842 autem
635 1798 791 1843 dixeris
806 1834 817 1854 ,
839 1800 1071 1853 Quomodo
1089 1811 1231 1860 potest
1248 1817 1336 1846 esse
1352 1819 1429 1847 vo-

36 1864 182 1910 luntas
211 1866 348 1911 libera
364 1902 375 1922 ,
407 1868 441 1912 si
466 1868 632 1913 bonum
654 1885 822 1929 semper
849 1870 962 1914 velle
984 1874 1196 1930 cogatur?
1224 1876 1426 1932 Respon-

37 1935 141 1992 deo,
166 1938 399 1990 Quomodo
421 1938 649 1983 dicebatur
672 1949 772 1984 ante
793 1941 994 1985 voluntas
1020 1941 1156 1987 libera
1171 1978 1182 1998 ‚
1207 1944 1239 1987 si
1262 1944 1424 1988 malum

37 2006 150 2052 velle
186 2009 494 2054 tantummodo
530 2011 792 2068 cogebatur?
831 2013 872 2057 Si
901 2028 1004 2071 ergo
1039 2013 1336 2072 responderis,
1369 2014 1428 2059 sic

38 2077 132 2122 fieri
155 2088 247 2135 post
267 2080 481 2138 baptisma
503 2080 688 2124 liberam
716 2083 985 2127 voluntatem
1005 2118 1015 2138 ,
1042 2093 1092 2128 ut
1119 2094 1163 2129 et
1185 2100 1363 2144 peccare
1386 2095 1430 2129 et

37 2163 127 2193 non
148 2164 328 2208 peccare
348 2152 508 2210 possit3
532 2152 615 2197 hoc
642 2153 735 2212 ipso
759 2155 1062 2213 pronuntiabis
1089 2148 1279 2200 liberum
1310 2156 1428 2200 arbi-

37 2219 170 2264 trium
191 2237 281 2266 non
302 2221 455 2277 fuisse,
483 2238 584 2267 cum
608 2233 845 2285 utrumque
867 2237 1164 2286 non-poterat.
1201 2227 1427 2273 Clauderis

39 2291 236 2352 undique
264 2293 568 2353 disputationis
595 2305 681 2340 tuae
708 2295 873 2357 laqueis
900 2299 1162 2344 :arbitrium
1197 2309 1297 2343 ante
1319 2300 1429 2359 bap-

38 2361 163 2407 tisma
179 2362 367 2408 liberum
388 2364 492 2422 fuit3
513 2364 766 2412 facultatem
784 2369 938 2413 habuit
957 2368 1142 2414 faciendi
1169 2371 1292 2424 boni,
1316 2371 1427 2415 sicut

38 2429 288 2478 facultatem
313 2435 469 2480 habuit
490 2435 676 2482 faciendi
694 2437 798 2482 mali
826 2459 834 2483 z
862 2450 904 2483 et
929 2440 1068 2484 omnis
1094 2440 1308 2499 dogmatis
1333 2441 1423 2493 tui,
1456 2433 1459 2435 i

39 2520 128 2564 quo
148 2502 313 2550 malum
333 2506 531 2552 naturale
553 2508 806 2566 persuades,
832 2526 959 2554 scena
977 2510 1184 2554 coll-abitu
1193 2528 1223 2553 r.
1254 2531 1272 2550 u
1456 2561 1464 2568 ,

99 2578 390 2621 Amusnncs.
427 2580 488 2621 De
525 2579 767 2624 Manichaeo
800 2590 842 2624 et
875 2581 1106 2626 joviniano
1129 2582 1218 2641 jani
1250 2597 1318 2625 rne
1349 2582 1425 2624 tibi

1176 2653 1238 2691 18.
