1821 3264
0 0 8 213 f

0 228 3 331 ῑ

255 237 398 266 OPERIS
430 237 607 265 lMPERF.
643 236 806 266 CONTRA
837 238 1005 268 JULIAN.
1041 240 1123 268 LIB.
1160 242 1190 267 1.
1336 227 1420 266 257

41 300 294 357 substantia,
316 301 391 346 sed
411 302 492 347 sub
514 311 691 362 peccato
712 318 790 348 suo
810 320 925 349 ream
950 304 1055 350 dicit
1079 305 1286 350 serviliter
1314 303 1425 349 deti-

41 371 145 415 neri.
163 374 224 416 Ac
233 387 309 431 per
323 373 421 426 hoc,
436 383 478 417 et·
495 372 549 416 de
569 373 660 431 ipso
672 372 902 418 liberatore
917 375 1104 420 multum
1125 376 1179 420 ab
1202 391 1253 420 eo
1275 370 1421 420 nostra

41 441 205 486 diversa
227 443 438 487 sententia
459 452 521 487 est
548 461 557 487 ι
579 443 843 488 Manichaeus
867 445 982 488 enirn
1012 445 1117 489 dicit
1131 461 1239 505 opus
1261 461 1351 490 esse
1371 445 1427 489 li-

44 512 242 557 beratore
262 548 273 568 ‚
308 523 357 557 ut
380 530 402 558 a
424 514 549 558 nobis
583 523 782 558 naturam
810 526 978 574 separet
1004 516 1188 560 alienam
1215 536 1223 560 :
1256 532 1333 561 nos
1355 532 1429 560 au-

41 591 157 637 tem,
187 592 237 627 ut
258 593 380 628 sanet
409 593 451 628 et
484 584 671 629 vivificet
701 595 908 630 nostram.
950 589 1015 630 Tu
1049 601 1149 644 ergo
1187 586 1431 646 adjutorem

40 653 271 698 Manichaei
294 663 336 697 te
364 669 452 698 non
473 669 561 698 esse
584 655 765 698 ostende
781 690 791 710 ,
819 656 852 698 si
875 666 1020 714 potes,
1041 657 1118 715 qui
1145 656 1336 700 miserias
1358 657 1433 700 ho-

40 722 225 777 minum,
244 738 344 767 cum
364 723 521 783 quibus
537 739 608 768 eos
631 725 766 779 nasci,
790 726 994 785 quoniam
1015 726 1106 769 sine
1128 725 1263 770 dubio
1283 726 1429 779 sentit,

40 792 131 835 sine
157 791 294 837 dubio
328 794 543 837 consentit
575 808 709 852 genus
745 795 986 839 humanum
1007 830 1017 850 ‚
1054 796 1206 840 nolens
1243 796 1438 839 tribuere

40 873 218 922 peccato
239 864 399 908 vitiatae
422 873 591 907 naturae
611 875 771 908 nostrae
793 900 803 920 ‚
823 866 929 910 facis
952 875 1001 910 ut
1024 882 1094 911 cas
1115 866 1189 910 ille
1212 868 1438 926 permixtae

41 934 166 977 nobis
187 943 354 978 naturae
376 934 539 977 tribuat
568 934 734 977 alienae.

100 1004 339 1047 LXXXVI,
373 1005 599 1047 JcLifflus.
639 1023 658 1045 «
685 1006 905 1048 Caeterum
937 1004 1027 1049 duo
1050 1005 1129 1048 ista
1151 1020 1250 1064 quae
1267 1006 1434 1064 jungis,

42 1071 231 1116 liberum
257 1082 300 1116 et
323 1088 412 1117 non
433 1072 619 1117 liberum
636 1108 646 1128 ,
669 1073 712 1116 id
732 1083 810 1128 est,
831 1073 1019 1118 liberum
1047 1084 1091 1118 et
1110 1076 1354 1134 captivum,
1381 1074 1445 1118 illi

42 1142 221 1202 quidem
243 1143 304 1187 rei
326 1143 380 1187 de
408 1159 494 1203 qua
527 1144 668 1201 agitur
693 1178 704 1198 ,
731 1145 964 1188 convenire
997 1160 1085 1189 non
1114 1155 1297 1204 possunt
1324 1165 1332 1189 :
1362 1146 1440 1188 tibi

43 1226 145 1256 vero
157 1213 386 1256 stultitiam
403 1212 683 1271 singularem,
709 1213 1027 1272 impudentiam
1046 1230 1220 1269 novam,
1245 1215 1441 1273 impieta-

43 1291 130 1326 tem
148 1292 338 1327 veterem
358 1284 496 1327 inesse
518 1292 746 1327 testantur.
765 1302 783 1324 »

103 1355 394 1397 AUG‘tJSTINUs.
419 1353 597 1397 Liberos
620 1353 803 1397 dicimus
826 1355 879 1398 ad
902 1354 1103 1398 facienda
1126 1371 1254 1414 opera
1271 1356 1442 1414 pietatis

47 1438 140 1478 eos,
172 1424 333 1483 quibus
368 1424 474 1468 dicit
503 1424 735 1482 Apostolus
770 1444 777 1468 :
821 1444 839 1466 «
873 1428 1000 1470 Nunc
1034 1436 1181 1470 autem
1211 1426 1383 1470 liberati
1425 1443 1446 1469 a

49 1511 69 1533 »
91 1503 284 1552 peccato,
304 1494 414 1538 servi
433 1502 578 1538 autem
593 1493 696 1538 faeti
720 1497 825 1547 Deo,
851 1495 1021 1538 habetis
1038 1495 1230 1540 fructum
1245 1506 1435 1540 vestrum

48 1581 68 1604 »
89 1563 135 1606 in
152 1563 553 1618 sanctificationem,
575 1565 706 1607 finem
729 1579 831 1608 vero
854 1565 987 1609 vitam
1010 1574 1216 1609 aeternam
1234 1568 1294 1608 ¹.»
1313 1569 1440 1610 Hunc

47 1634 94 1677 in
114 1635 456 1679 sanctificatione
479 1634 691 1689 fructum,
719 1636 795 1694 qui
819 1634 987 1680 fructus
1012 1637 1164 1695 procul
1186 1637 1321 1681 dubio
1335 1638 1442 1681 cha-

47 1705 148 1750 ritas
167 1715 246 1761 est,
266 1715 398 1766 atque
421 1721 552 1764 opera
569 1707 659 1765 ejus
673 1741 683 1760 ‚
706 1706 828 1750 nullo
852 1706 983 1751 modo
1001 1708 1159 1751 habere
1175 1724 1402 1766 possumus
1423 1724 1446 1752 a

50 1777 177 1820 nobis
202 1797 213 1835 3
237 1777 312 1820 sed
326 1777 540 1820 habemus
563 1791 638 1836 pes
661 1776 869 1835 Spiritum
895 1787 1109 1833 sanctum,
1136 1778 1212 1837 qui
1235 1780 1362 1822 datus
1380 1787 1446 1823 est

51 1847 189 1891 nobis.
217 1850 279 1891 De
301 1847 394 1906 ipso
424 1847 587 1906 quippe
616 1846 763 1891 fructu
786 1847 1049 1907 loquebatur
1072 1849 1274 1907 magister
1302 1851 1438 1903 Deus,

48 1919 224 1977 quando
242 1917 494 1976 palmitibus
522 1917 567 1960 in
597 1933 640 1961 se
663 1918 940 1961 manentibus
958 1918 1131 1962 dicebat
1157 1937 1166 1962 ι
1195 1936 1213 1958 (ε
1246 1919 1345 1962 Sine
1369 1934 1439 1962 me

53 1988 195 2032 »nihil
219 1988 396 2047 potestis
422 1987 562 2032 facere
577 1991 608 2031 2.
637 2006 656 2028 »
687 1987 770 2032 Sed
789 1988 1017 2032 stultitiam
1032 1988 1295 2047 singularem
1316 1989 1441 2033 nobis

52 2059 190 2103 inesse
205 2059 481 2113 conviciaris,
507 2059 609 2117 quia
631 2061 744 2102 Deus
765 2059 902 2103 virtus
917 2068 995 2113 est,
1017 2074 1096 2102 nec
1115 2059 1159 2102 in
1179 2068 1324 2103 nostra
1355 2061 1441 2102 vir-

55 2138 148 2174 tute
170 2128 430 2174 confidimus
456 2148 464 2173 :
483 2139 526 2172 et
547 2129 863 2188 impudentiam
889 2145 1062 2184 novam,
1089 2129 1191 2188 quia
1213 2132 1442 2189 concupis—

55 2201 242 2245 centiam
265 2200 425 2254 carnis,
454 2215 541 2259 qua
566 2215 666 2244 caro
696 2200 965 2258 concupiscit
994 2198 1197 2244 adversus
1225 2200 1440 2259 spiritum,

55 2288 144 2317 non
165 2281 240 2316 tua
262 2270 406 2315 fronte
428 2270 658 2315 laudamus
684 2289 692 2315 :
718 2279 760 2314 et
791 2271 1059 2330 impietatem
1084 2280 1270 2315 veterem
1293 2307 1303 2326 ‚
1332 2287 1445 2331 quo-

56 2343 174 2386 niam
216 2341 418 2399 dogmata
450 2342 627 2399 antiqua
665 2339 877 2384 catholica
902 2376 913 2395 ‚
948 2357 1046 2400 quae
1083 2342 1329 2385 docuerunt
1367 2340 1443 2399 qui

56 2411 294 2457 Ecclesiam
310 2411 468 2456 Christi
491 2419 590 2454 ante
613 2426 691 2454 nos
709 2411 754 2453 in
774 2411 865 2470 ejus
885 2411 1019 2469 gratia
1033 2426 1131 2454 vera
1149 2411 1309 2469 pietate
1332 2426 1447 2454 rexe-

58 2490 191 2536 runt,
228 2490 378 2525 contra
412 2480 734 2539 perversitatem
759 2489 943 2524 vestram
971 2480 1181 2524 novitiam
1204 2481 1443 2540 quantoul-

109 2571 118 2588 ¹
139 2567 229 2598 Rom.
249 2574 295 2603 vi,
314 2572 369 2596 22.
386 2580 426 2587 —
440 2569 453 2586 2
473 2564 564 2595 Joan.
585 2574 639 2600 xv,
660 2563 691 2594 5.

250 2626 398 2657 CXLlll.
1215 2617 1262 2653 17
