1821 3264
261 266 406 295 OPERIS
439 262 615 291 IMPERF.
650 257 814 287 CONTRA
847 255 1015 285 wuns-
1053 256 1135 283 Lm.
1171 255 1201 282 1.
1341 239 1426 280 267

40 335 231 383 libertas.
258 329 346 389 Ipsi
364 328 492 372 etiam
512 324 675 384 gratiae,
697 320 1009 365 beneficiorum
1032 333 1131 378 quae
1153 316 1283 361 nobis
1305 330 1430 375 praes-

40 411 133 453 tare
154 418 243 448 non
260 400 435 453 desinit,
461 402 689 454 augmenta
712 401 980 451 reputamus.
1014 393 1109 448 Ipsa
1136 388 1269 446 gratia
1292 387 1431 444 legem

40 477 87 522 in
110 471 374 533 adjutorium
399 467 516 512 misit
542 484 552 511 ι
584 463 640 508 ad
669 463 760 522 ejus
791 460 1014 521 spectabat
1052 458 1245 503 officium
1261 491 1272 511 ‚
1298 464 1348 499 ut
1371 470 1432 499 ra·

42 545 172 591 tionis
209 542 401 593 lumem,
438 535 558 598 quod
597 532 819 593 pravitatis
860 529 1055 589 exempla
1095 526 1365 572 hebetabant
1391 533 1434 569 et

42 613 314 665 consuetudo
352 609 552 655 vitiorum
568 640 579 660 ,
619 600 889 647 multimodis
926 598 1246 644 eruditionibus
1279 596 1435 639 excita-

42 695 110 733 ret
125 720 137 738 ‚
162 693 293 743 atque
313 680 502 724 invitatu
524 690 603 720 suo
627 673 808 718 foveret.
843 671 911 715 Ad
939 670 1061 714 istius
1085 683 1186 726 ergo
1205 667 1367 724 gratiae,
1392 664 1436 708 id

43 757 91 803 id
112 764 196 808 est,
233 752 393 797 divinae
423 744 741 793 benevolentiae
759 779 770 801 ,
795 757 895 803 quae
925 741 1056 784 rebus
1093 753 1263 782 causam
1289 735 1434 789 dedit,

43 823 360 889 plenitudinem
385 818 616 879 spectavit,
641 823 692 858 ut
711 813 904 858 Verbum
930 826 1030 855 caro
1060 811 1182 854 fierat
1199 843 1209 863 ,
1236 816 1278 850 et
1305 804 1434 849 habi-

45 905 156 942 taret
183 895 227 938 in
250 892 416 936 nobis2.
456 893 723 946 Resposcens
755 883 871 927 enim
903 884 1016 925 Deus
1048 879 1102 923 ab
1137 877 1322 935 imagine
1358 891 1435 919 sua

46 964 203 1016 amoris
223 963 379 1016 vicem,
404 959 546 1019 palam
562 956 666 1001 fecit
686 968 816 1014 quam
833 960 972 996 totum
996 950 1040 993 in
1055 964 1133 993 nos
1151 944 1440 990 inaestimabili

47 1037 204 1096 egisset
229 1034 405 1085 affectu,
433 1039 482 1074 ut
505 1029 574 1075 vel
596 1042 691 1072 sero
718 1023 1046 1070 redamaremus
1078 1034 1201 1073 eum,
1227 1017 1303 1077 qui
1327 1030 1440 1060 com-

46 1106 259 1152 mendans
282 1102 538 1148 charitatem
563 1113 686 1144 suam
720 1094 869 1149 nobis,
897 1112 917 1135 «
942 1092 1055 1136 Filio
1078 1106 1157 1135 suo
1179 1104 1267 1132 non
1285 1101 1442 1147 peper-

49 1196 71 1226 »
107 1178 182 1230 cit,
208 1175 283 1219 sed
308 1190 386 1232 pro
411 1171 537 1217 nobis
562 1169 686 1215 illum
708 1165 899 1211 traddit3
923 1183 932 1208 :
965 1181 985 1204 »
1011 1162 1220 1221 pollicens
1246 1179 1255 1204 ε
1281 1158 1383 1218 quia
1408 1157 1442 1200 si

47 1248 280 1296 voluissem
309 1245 512 1302 deinceps
542 1238 758 1285 voluntati
781 1238 871 1297 ejus
891 1233 1111 1288 obedire⁴‚
1133 1229 1354 1289 Unigeniti
1376 1227 1442 1272 sui

48 1325 276 1380 praestaret
293 1329 372 1359 nos
395 1328 485 1357 esse
507 1308 755 1356 cohaeredes
771 1310 784 1334 ⁵
808 1326 846 1350 .»

107 1391 399 1433 At-Grsmus.
419 1386 560 1427 Homo
578 1380 822 1437 Pelagiane‚
843 1371 1325 1423 charitasvultbonum‚
1344 1368 1445 1412 chau

48 1459 151 1503 ritas
173 1473 225 1502 ex
248 1459 338 1500 Deo
361 1462 556 1510 est3non
579 1466 656 1510 per
678 1448 784 1507 legis
801 1448 1013 1498 litteram,
1038 1441 1113 1487 sed
1142 1456 1219 1501 per
1243 1439 1444 1498 spiritum

51 1528 199 1589 gratiae
213 1528 245 1570 ⁶.
269 1529 320 1570 In
338 1526 422 1568 hoc
443 1532 506 1567 est
527 1518 844 1581 praedestinatis
863 1514 1129 1575 adjutorium
1153 1511 1294 1554 littera
1308 1544 1318 1563 ‚
1344 1508 1447 1568 quia

47 1597 245 1660 jubendo
266 1605 308 1640 et
328 1610 416 1640 non
439 1592 652 1654 juvando,
678 1589 885 1633 admonet
906 1586 1102 1629 infirmos
1130 1580 1369 1638 confugere
1393 1577 1447 1621 ad

53 1670 250 1729 spiritum
274 1666 437 1725 gratiae.
471 1664 538 1709 Sic
559 1662 655 1720 lege
685 1659 878 1718 legitime
914 1663 1124 1708 utuntur,
1149 1651 1310 1712 quibus
1332 1650 1448 1693 bona

53 1749 133 1795 est,
158 1739 204 1782 id
220 1746 307 1792 est,
326 1736 470 1780 utilis⁷
496 1753 505 1779 2
525 1733 720 1792 alioquin
743 1745 820 1788 per
842 1743 884 1772 se
905 1728 1041 1786 ipsam
1059 1725 1201 1768 littera
1231 1720 1415 1766 occidit8
1435 1739 1446 1776 3

35 1810 129 1870 'qui
147 1807 345 1868 jubendo
372 1807 563 1858 bonum,
598 1811 640 1846 et
675 1815 763 1844 non
791 1797 1017 1856 largiendo
1040 1795 1318 1846 charitatem,
1349 1804 1473 1852 quae-

55 1880 144 1926 sola
167 1878 259 1923 vult
282 1878 465 1930 bonum,
490 1889 584 1918 reos
608 1868 975 1931 praevaricationis
999 1865 1116 1910 facit.

115 1952 250 1995 XCV.
273 1951 297 1992 J
304 1964 500 1992 tumus.
533 1964 551 1986 «
573 1947 678 1989 Haec
701 1956 802 1999 ergo
823 1939 959 1999 gratia
979 1972 989 1992 ,
1015 1951 1115 1996 quae
1134 1934 1176 1977 in
1194 1931 1451 1991 baptismate

57 2037 148 2067 non
175 2021 317 2066 solum
352 2027 530 2079 peccata
561 2013 812 2068 condonat,
837 2010 912 2055 sed
940 2023 1041 2054 cum
1065 2009 1148 2050 hoc
1170 2001 1453 2060 indulgentiae

57 2091 270 2139 beneficio
288 2125 299 2145 ,
324 2099 367 2134 et
389 2087 591 2149 provehit
613 2121 624 2139 ,
651 2094 693 2128 et
723 2084 904 2141 adoptat
929 2115 939 2134 ,
972 2088 1015 2123 et
1037 2082 1259 2122 consecrat
1293 2092 1302 2117 z
1326 2072 1421 2115 haec
1439 2103 1450 2124 ‚

58 2163 237 2223 inquam
257 2196 267 2215 ‚
306 2161 468 2219 gratia,
508 2157 710 2200 meritum
747 2160 888 2197 mutat
920 2163 1116 2201 reorum,
1146 2161 1235 2191 non
1266 2143 1452 2187 liberum

61 2233 208 2279 condit
232 2231 460 2275 arbitrium
486 2249 498 2286 3
522 2227 643 2287 quod
663 2240 714 2268 eo
738 2223 972 2282 accipimus
995 2229 1190 2276 tempore
1212 2229 1300 2274 quo
1328 2227 1450 2256 crea-

62 2318 161 2347 mur
177 2321 186 2346 :
202 2302 368 2346 utimur
386 2309 549 2352 autem,
564 2311 652 2356 quo
667 2293 900 2339 valentiam
919 2292 1032 2334 inter
1049 2289 1216 2332 bonum
1234 2293 1276 2327 et
1290 2281 1456 2325 malum

14 2375 15 2378 ’
64 2372 332 2417 discretionis
354 2368 647 2428 adipiscimur.
665 2367 797 2408 Bonae
816 2364 964 2422 itaque
978 2357 1196 2404 voluntati
1210 2357 1458 2398 innumeras

66 2442 268 2503 adjutorii
298 2439 434 2488 divini
461 2438 607 2482 adesse
640 2435 800 2495 species
827 2448 918 2477 non
947 2443 1154 2488 negamus
1188 2447 1199 2483 3
1233 2423 1308 2468 sed
1329 2422 1387 2464 ita
1409 2427 1459 2463 ut

116 2544 220 2577 usai.
242 2555 313 2584 viu,
332 2551 385 2583 20,
401 2542 495 2582 J’uxta
512 2541 609 2572 LXX.
627 2555 668 2561 ——
688 2544 700 2559 2
719 2539 810 2569 Joan.
830 2546 852 2575 1,
875 2533 925 2575 14.
943 2550 978 2555 -
1001 2531 1013 2553 3
1032 2534 1122 2563 Rom.
1138 2539 1171 2570 v,
1189 2527 1221 2559 8.
1239 2524 1307 2554 —4
1325 2523 1372 2556 Id.
1387 2532 1459 2562 vin,
1490 2569 1498 2575 ,

73 2600 124 2633 32.
139 2616 180 2622 —·
195 2597 307 2632 ⁵1hid.
332 2595 465 2641 17.-6
487 2608 498 2629 1
520 2597 611 2628 Joan.
632 2592 676 2635 iv,
697 2603 728 2634 7.
748 2609 785 2617 --
803 2598 816 2624 7
840 2601 852 2624 ι
873 2589 953 2622 Tim.
975 2599 1000 2628 1,
1020 2586 1053 2619 8.
1069 2601 1110 2609 -
1125 2583 1140 2607 3
1158 2584 1269 2627 2.Cor.
1288 2591 1338 2622 111,
1356 2578 1387 2611 6.
