1821 3264
304 259 356 285 DE
389 254 785 284 PnAEnEsTmA’swNE
817 257 1079 283 mucronum.
1329 248 1350 281 8
1361 248 1377 281 1

14 325 175 384 priores
202 323 308 367 dent
333 330 382 364 ut
409 320 670 364 retribuatur
698 320 782 374 eis,
822 321 875 363 ab
897 321 1015 364 omni
1042 320 1185 364 studio
1215 319 1383 379 pietatis

14 395 187 455 reprimi
201 409 243 438 se
259 401 414 453 putant
429 427 439 446 ,
463 391 631 435 laborat
651 391 921 450 aliquantum
947 393 991 435 in
1014 400 1139 435 aetate
1171 392 1385 451 majorum

12 468 102 527 jam
120 465 334 510 utentium
353 462 583 508 voluntatis
604 462 806 507 arbitrio:
832 463 903 505 sed
922 462 998 506 ubi
1016 462 1188 506 venitur
1209 462 1264 506 ad
1285 477 1386 520 par-

16 537 154 592 vulos,
181 546 224 580 et
241 536 296 580 ad
319 536 458 595 ipsum
481 533 762 579 Mediatorem
787 534 864 578 Dei
890 543 933 578 et
960 535 1209 589 hominum,
1243 534 1389 578 homi-

15 623 115 652 nem
141 608 360 652 Christum
388 607 574 660 Jesum¹,
599 606 736 649 omnis
758 605 904 649 deficit
931 605 1271 663 praecedentium
1294 619 1390 662 gra-

19 680 121 723 tiam
145 678 220 722 Dei
247 679 537 722 humanorum
564 676 737 721 assertio
769 677 1021 720 meritorum
1047 695 1056 720 ;
1083 676 1183 736 quia
1216 691 1295 720 nee
1330 674 1393 718 illi

19 750 118 795 ullis
140 750 264 794 bonis
280 748 624 809 praecedentibus
646 748 808 792 meritis
830 748 1136 792 discernuntur
1158 764 1182 792 a
1204 747 1390 801 caeteris,

19 830 70 865 ut
87 820 332 880 pertineant
348 819 403 863 ad
423 818 700 863 liberatorem
716 818 966 876 hominum3
991 834 1071 863 nee
1093 818 1164 862 ille
1186 817 1285 862 ullis
1310 818 1396 861 hu-

22 893 158 936 manis
179 890 525 951 praecedentibus
539 891 717 945 meritis,
743 905 844 935 eum
859 899 902 934 et
922 890 1013 949 ipse
1032 890 1085 935 sit
1107 890 1255 943 homo,
1281 888 1395 932 libe.-

23 971 138 1006 rator
153 961 292 1006 factus
303 970 366 1005 est
380 961 624 1005 hominum.

81 1034 242 1076 XXIV.
268 1031 373 1085 Quis
401 1032 514 1075 enim
549 1030 718 1087 audiat,
751 1030 871 1091 quod
899 1030 1104 1075 dicuntur
1132 1028 1303 1089 parvuli
1325 1044 1403 1088 pro

27 1102 113 1147 suis
130 1101 288 1147 futuris
316 1102 479 1146 meritis
507 1103 553 1145 in
574 1102 662 1162 ipsa
696 1101 883 1146 infantili
911 1110 1036 1145 aetate
1059 1101 1266 1160 baptizati
1293 1101 1406 1144 exire

28 1173 83 1218 de
121 1174 201 1218 hac
231 1173 342 1231 vita,
376 1182 420 1217 et
449 1173 548 1217 ideo
577 1173 649 1217 alii
683 1188 773 1217 non
794 1173 1000 1231 baptizati
1027 1173 1073 1216 in
1098 1171 1250 1216 eadem
1281 1180 1408 1214 aetate

28 1244 158 1297 mori,
195 1243 297 1303 quia
325 1253 367 1286 et
388 1244 582 1302 ipsorum
604 1243 799 1302 praescita
822 1252 923 1287 sunt
958 1243 1109 1287 merita
1136 1242 1308 1295 futura,
1334 1240 1407 1284 sed

28 1313 162 1370 mala,
182 1329 272 1358 non
292 1329 442 1357 eorum
472 1315 605 1357 vitam
633 1314 790 1357 bonam
814 1313 883 1357 vel
903 1313 1063 1358 malam
1089 1316 1177 1357 Deo
1205 1327 1409 1356 remune—

32 1394 154 1429 rante
172 1382 241 1429 vel
259 1384 510 1438 damnante,
535 1385 610 1427 sed
630 1384 824 1427 nullam?
846 1384 1076 1443 Apostolus
1091 1384 1270 1443 quidem
1293 1383 1411 1426 limi-

32 1463 119 1499 tem
141 1455 248 1511 fixit,
276 1470 407 1515 quem
426 1453 665 1513 transgredi
687 1470 777 1499 non
793 1455 951 1498 debeat
968 1454 1154 1499 hominis
1167 1490 1177 1509 ,
1196 1464 1246 1498 ut
1265 1454 1412 1497 mitius

31 1525 200 1586 loquar,
229 1526 402 1570 incauta
435 1525 633 1585 suspicio.
661 1526 732 1570 Ait
754 1525 891 1581 enim,
929 1545 949 1568 «
987 1527 1146 1570 Omnes
1179 1524 1414 1569 astabimus

35 1606 179 1641 »ante
203 1595 395 1640 tribunal
423 1596 605 1651 Christi,
643 1605 693 1640 ut
725 1596 883 1640 referat
916 1596 1215 1656 unusquisque
1261 1612 1414 1639 seeun-

37 1686 57 1710 »
83 1667 189 1713 dum
208 1684 257 1713 ea
277 1684 375 1729 quae
405 1683 483 1728 per
507 1683 664 1726 corpus
692 1669 839 1727 gessit,
871 1669 959 1713 sive
989 1669 1177 1723 bonum,
1212 1669 1300 1713 sive
1321 1683 1414 1711 ma-

40 1759 59 1781 »
79 1739 170 1783 lum
188 1743 205 1766 2
232 1759 242 1784 2
268 1740 418 1798 gessit,
441 1758 460 1780 n
486 1741 650 1799 inquit,
667 1755 755 1784 non
768 1741 986 1800 adjunxit,
1012 1739 1079 1784 vel
1095 1750 1292 1798 gesturus
1315 1738 1412 1783 fuit.

41 1811 125 1855 Sed
147 1809 264 1853 unde
287 1810 372 1853 hoc
396 1809 555 1854 talibus
577 1810 676 1854 viris
701 1810 747 1853 in
767 1820 954 1855 mentem
981 1812 1146 1854 venerit
1175 1811 1342 1864 neseio,
1369 1820 1418 1853 ut

39 1882 186 1926 futura
208 1897 307 1941 quae
336 1896 424 1925 non
446 1891 547 1926 sunt
575 1881 750 1936 futura,
781 1882 1018 1940 puniantur
1049 1891 1124 1926 aut
1150 1882 1420 1926 honorentur

40 1952 192 1997 merita
213 1952 510 2011 parvulorum.
537 1954 626 1997 Cur
647 1962 792 1996 autem
815 1952 978 1996 dictum
997 1961 1082 2006 est,
1113 1953 1355 1996 secundum
1373 1967 1418 1995 ea

42 2039 140 2083 quae
157 2038 233 2082 per
249 2037 406 2081 eorpus
428 2022 555 2081 gessit
573 2023 795 2066 hominem
812 2022 1118 2081 judicandum,
1140 2038 1241 2066 cum
1266 2037 1421 2081 geran-

43 2103 115 2138 tur
129 2094 266 2138 multa
281 2093 373 2138 solo
391 2093 552 2147 animo,
577 2109 665 2137 non
682 2109 758 2152 per
776 2108 932 2152 eorpus
944 2128 954 2148 ,
976 2109 1055 2137 nee
1071 2108 1148 2152 per
1168 2092 1310 2137 ullum
1333 2107 1424 2137 cor·

46 2165 159 2224 poris
171 2164 417 2208 membrum
435 2185 446 2222 3
461 2173 505 2208 et
517 2164 775 2225 plerumque
792 2173 881 2208 tam
900 2178 1053 2222 magna
1066 2199 1076 2219 ,
1104 2174 1153 2208 ut
1174 2163 1333 2207 talibus
1350 2179 1426 2207 eo·

46 2233 324 2293 gitationibus
349 2249 479 2292 poena
500 2234 733 2294 justissima
752 2234 962 2278 debeatur
985 2253 993 2278 z
1018 2234 1143 2278 sicuti
1165 2243 1248 2289 est,
1276 2242 1325 2277 ut
1347 2233 1428 2277 alia

47 2315 227 2360 taceam,
242 2305 361 2365 quod
374 2324 393 2347 «
405 2305 512 2349 dixit
524 2306 727 2365 insipiens
740 2306 786 2350 in
801 2307 933 2350 eorde
947 2322 1025 2351 suo
1039 2325 1047 2350 z
1060 2308 1157 2351 Non
1166 2315 1228 2349 est
1244 2306 1372 2348 Deus3
1383 2307 1423 2345 ζ’»

47 2378 164 2432 Quid
181 2386 244 2421 est
265 2392 381 2435 ergo,
410 2395 428 2418 (ι
455 2377 695 2422 seeundum
725 2394 773 2422 ea
808 2394 907 2437 quae
930 2393 1005 2437 per
1037 2394 1192 2436 eorpus
1216 2378 1343 2436 gessit
1367 2395 1375 2419 :
1405 2394 1424 2415 »

50 2449 130 2492 nisi
152 2447 390 2493 seeundum
412 2463 460 2492 ea
489 2465 587 2508 quae
611 2449 739 2508 gessit
765 2465 816 2493 eo
842 2459 1034 2508 tempore
1061 2464 1149 2508 quo
1176 2448 1217 2490 in
1250 2460 1431 2506 corpore

51 2519 161 2575 fuit,
194 2528 244 2563 ut
275 2535 351 2578 per
384 2535 540 2579 corpus
569 2520 861 2579 intelligamus
895 2534 972 2579 per
1007 2518 1199 2578 corporis
1229 2518 1434 2577 tempus?

101 2612 109 2628 ¹
134 2615 147 2637 1
168 2604 248 2637 Tim.
268 2615 302 2645 11,
324 2605 410 2637 5.-
428 2612 439 2628 ²
458 2614 476 2638 2
495 2608 568 2639 Cor.
588 2617 621 2647 v,
645 2617 752 2639 10.--
770 2604 974 2643 ³1³satx1u‚
1002 2615 1029 2636 1.

240 2669 386 2700 melr.
1234 2659 1257 2694 (5
