1884 3285
459 301 512 340 90
891 311 923 335 s.
961 307 1188 336 Acaunum
1219 309 1395 337 niseum

459 397 478 419 »
505 376 639 421 Filius
663 375 736 419 Dei
757 375 803 418 in
823 375 981 418 virtute
1000 408 1011 429 ,
1035 373 1273 419 secundum
1297 376 1502 435 Spiritum
1522 374 1822 421 sanctificatio-

460 466 480 489 »
509 448 574 491 nis
599 462 650 490 ex
671 446 980 490 resurrectione
1011 454 1281 490 mortuorum
1302 449 1333 491 ¹.
1365 467 1381 488 »
1410 446 1742 492 Praedestinatus
1759 456 1822 493 est
1883 470 1884 473 ¹

457 534 560 578 ergo
581 520 703 563 Jesus
718 552 730 573 ,
754 527 804 562 ut
824 519 899 578 qui
932 518 1103 562 futurus
1133 526 1223 562 erat
1250 518 1487 562 secundum
1510 533 1683 564 carnem
1710 520 1822 566 filius

457 589 592 635 David
607 623 619 645 ,
644 598 752 633 esset
767 597 913 633 tamen
930 589 976 633 in
998 589 1156 632 virtute
1178 587 1312 633 Filius
1331 589 1407 633 Dei
1428 589 1665 635 secundum
1686 591 1822 652 Spiri-

457 675 546 706 tum
566 660 914 705 sanctificationis
939 681 951 718 3
980 661 1081 720 quia
1113 669 1238 705 natus
1267 670 1329 705 est
1349 660 1403 705 de
1430 661 1589 721 Spiritu
1616 671 1764 708 sancto
1779 671 1823 708 et

456 732 621 791 virgine
641 732 791 775 Maria.
824 734 919 790 Ipsa
955 740 1019 775 est
1040 731 1112 775 illa
1142 731 1413 776 ineffabiliter
1443 732 1552 777 facta
1589 733 1774 778 hominis
1799 749 1824 779 a

458 807 546 847 Deo
557 802 700 846 Verbo
709 804 923 862 susceptio
944 803 1182 861 singularis,
1194 812 1243 847 ut
1255 803 1367 847 filius
1386 804 1460 847 Dei
1479 813 1522 848 et
1536 803 1664 849 Filius
1679 804 1824 850 homi-

456 873 521 917 nis
538 872 664 916 simul
683 907 694 927 ,
716 872 828 916 filius
848 873 1032 918 hominis
1061 882 1234 933 propter
1250 885 1496 934 susceptum
1514 875 1734 920 hominem
1747 911 1758 932 ‚
1782 883 1825 921 et

458 944 592 989 Filius
605 947 680 989 Dei
695 953 870 1004 propter
878 944 1179 1004 suscipientem
1193 945 1461 1003 unigenitum
1476 949 1612 991 Deum
1620 947 1825 992 veraciter

457 1024 500 1060 et
516 1016 687 1075 proprie
706 1016 943 1073 diceretur,
961 1030 1015 1059 ne
1036 1031 1124 1061 non
1140 1016 1340 1072 Trinitas,
1354 1016 1427 1061 sed
1451 1017 1715 1077 quaternitas
1730 1032 1825 1062 cre·-

459 1088 648 1131 deretur.
677 1087 983 1131 Praedestinata
1014 1096 1078 1131 est
1105 1088 1181 1132 ista
1216 1097 1382 1132 naturae
1410 1089 1612 1132 humanae
1637 1097 1757 1133 tanta
1784 1097 1828 1133 et

459 1168 546 1203 tam
568 1158 679 1203 celsa
701 1168 742 1202 et
759 1173 925 1203 summa
942 1159 1180 1214 subvectio,
1209 1168 1258 1203 ut
1279 1175 1367 1219 quo
1389 1159 1657 1204 attolleretur
1681 1159 1823 1217 altius,

457 1245 545 1274 non
577 1230 755 1273 haberet
782 1250 791 1274 :
817 1229 927 1274 sicut
955 1244 1034 1287 pro
1065 1229 1189 1273 nohis
1218 1230 1308 1288 ipsa
1337 1229 1537 1275 divinitas
1573 1245 1661 1291 quo
1691 1244 1828 1292 usque

456 1315 499 1344 se
530 1300 764 1360 deponeret
796 1300 1026 1355 humilius,
1064 1316 1152 1345 non
1173 1300 1325 1344 habuit
1342 1335 1353 1356 ,
1384 1316 1516 1361 quam
1537 1311 1732 1362 suscepta
1750 1315 1828 1347 na-

454 1381 552 1416 tura
580 1372 765 1416 hominis
795 1387 892 1416 cum
927 1372 1178 1416 infirmitate
1215 1373 1353 1417 carnis
1395 1388 1532 1432 usque
1559 1373 1613 1417 ad
1644 1382 1828 1418 mortem

455 1443 606 1487 crucis.
643 1444 761 1488 Sicut
783 1459 885 1501 ergo
914 1442 1244 1503 praedestinatus
1267 1453 1332 1487 est
1352 1442 1425 1488 ille
1446 1459 1559 1489 unus
1578 1479 1590 1500 ,
1614 1454 1663 1488 ut
1696 1453 1827 1505 caput

455 1522 650 1557 nostrum
672 1524 779 1558 esset
801 1533 810 1559 z
834 1514 892 1558 ita
915 1514 1041 1558 multi
1059 1514 1349 1573 praedestinati
1366 1529 1513 1559 sumus
1530 1550 1542 1570 ,
1567 1523 1617 1559 ut
1633 1515 1827 1560 membra

454 1585 545 1643 ejus
567 1599 767 1629 essemus.
794 1587 992 1629 Humana
1018 1586 1087 1629 hic
1113 1586 1264 1630 merita
1286 1586 1577 1631 conticescant
1595 1620 1606 1642 ,
1632 1601 1730 1646 quae
1749 1600 1829 1646 pe-

454 1657 618 1700 rierunt
641 1672 716 1715 per
749 1657 886 1701 Adam
914 1677 922 1701 :
948 1667 990 1701 et
1014 1667 1162 1716 regnet
1190 1674 1289 1718 quae
1312 1668 1463 1718 regnat
1491 1659 1566 1702 Dei
1598 1659 1733 1718 gratia
1753 1670 1832 1718 per

453 1730 599 1771 Jesum
616 1728 837 1772 Christum
860 1729 1093 1773 Dominum
1111 1738 1324 1785 nostrum,
1349 1730 1528 1774 unicum
1551 1730 1628 1774 Dei
1650 1729 1826 1785 Filium,

453 1813 591 1842 unum
614 1799 863 1842 Dominum.
890 1800 1093 1859 Quisquis
1126 1800 1171 1843 in
1205 1802 1343 1859 eapite
1364 1810 1510 1846 nostro
1542 1801 1830 1860 praecedentia

451 1871 603 1913 merita
620 1869 846 1928 singularis
863 1869 977 1915 illius
991 1871 1278 1929 generationis
1293 1873 1525 1929 invenerit,
1540 1873 1688 1932 ipsein
1704 1871 1828 1917 nobis

451 1941 654 1985 membris
677 1944 765 2002 ejus
787 1941 1075 2001 praecedentia
1100 1943 1251 1987 merita
1280 1943 1580 2004 multiplicatae
1601 1958 1828 2002 regenera-

451 2013 577 2056 tionis
600 2014 804 2072 inquirat.
818 2017 966 2073 Neque
985 2013 1097 2058 enim
1121 2014 1331 2059 retributa
1353 2015 1594 2061 estChristo
1607 2015 1680 2059 illa
1698 2029 1829 2075 gene-

451 2085 575 2138 ratio,
596 2084 670 2128 sed
688 2085 865 2139 tributa,
884 2095 933 2129 ut
953 2084 1116 2129 alienus
1140 2085 1195 2130 ab
1217 2086 1335 2130 omni
1357 2085 1622 2145 obligatione
1642 2085 1824 2146 peccati,

451 2154 505 2198 de
530 2155 690 2213 Spiritu
714 2163 756 2198 et
778 2155 955 2214 Virgine
976 2165 1238 2201 nasceretur.
1268 2157 1334 2202 Sic
1357 2166 1400 2201 et
1418 2156 1547 2201 nobis
1566 2165 1615 2201 ut
1637 2172 1688 2201 ex
1715 2172 1827 2217 aqua

447 2233 490 2268 et
514 2225 674 2285 Spiritu
697 2240 1018 2270 renasceremur
1035 2261 1046 2281 ,
1079 2242 1168 2271 non
1196 2228 1458 2272 retributum
1481 2237 1544 2272 est
1573 2243 1652 2288 pro
1679 2227 1825 2289 aliquo

447 2297 601 2341 merito
617 2297 724 2355 ,Ased
745 2298 878 2356 gratis
890 2298 1103 2342 tributum
1127 2317 1135 2343 :
1161 2308 1205 2343 et
1226 2301 1259 2343 si
1281 2315 1358 2344 nos
1381 2300 1436 2343 ad
1457 2299 1677 2344 lavacrum
1701 2315 1826 2359 rege-

445 2369 675 2412 nerationis
697 2369 804 2412 fides
834 2369 958 2413 duxit
978 2403 989 2423 ,
1013 2385 1101 2413 non
1123 2370 1221 2414 ideo
1242 2379 1396 2430 putare
1419 2369 1642 2427 dehemus,
1662 2371 1826 2430 priores

445 2453 522 2482 nos
551 2439 730 2482 dedisse
755 2439 918 2499 aliquid
937 2475 947 2494 ,
979 2447 1028 2483 ut
1058 2441 1372 2485 retribueretur
1401 2441 1527 2486 nobis
1562 2441 1827 2500 regeneratio

445 2509 661 2568 salutaris,
683 2510 755 2554 ille
773 2511 936 2570 quippe
950 2526 1027 2556 nos
1040 2510 1142 2556 fecit
1155 2511 1387 2571 crederelin
1404 2512 1638 2568 Christum,
1655 2513 1731 2574 qui
1746 2528 1826 2559 no-

445 2579 509 2623 bis
545 2579 646 2625 fecit
666 2581 710 2624 in
731 2596 862 2641 quem
886 2581 1100 2627 credimus
1121 2583 1339 2628 Christum
1361 2604 1373 2641 3
1396 2583 1469 2627 ille
1491 2582 1594 2628 facit
1614 2585 1659 2628 in
1679 2584 1824 2629 homi-

496 2672 503 2686 ¹
530 2668 619 2698 Rom.
640 2677 660 2701 1,
691 2678 716 2697 1.
