1884 3285
439 244 520 282 130
858 254 891 278 s.
927 252 1162 279 AUGUsTnu
1196 253 1378 283 ssrlscom

435 316 646 360 miseriam
675 315 831 358 nolunt
862 314 1079 373 Pelagiani
1106 330 1158 359 ex
1186 317 1301 375 justa
1331 314 1610 359 damnatione
1638 314 1815 364 descen-

435 385 553 439 dere,
573 393 777 442 negantes
794 384 998 442 originale
1022 394 1246 444 peccatum
1267 385 1489 445 :quamvis
1509 383 1753 442 ignorantia
1772 394 1816 431 et
1864 407 1869 426 ;

432 453 666 499 difficultas
682 455 811 499 etiam
825 455 859 498 si
876 463 1015 498 essent
1031 454 1216 498 hominis
1234 454 1471 514 primordia
1487 453 1716 510 naturalia,
1737 470 1815 500 nec
1869 479 1884 499 «ε

431 523 490 567 sic
512 523 780 582 culpandus,
803 524 878 568 sed
899 523 1143 568 laudandus
1164 533 1273 568 esset
1295 526 1425 577 Deus,
1447 522 1574 567 sicuti
1595 523 1641 567 in
1661 522 1815 568 eodem
1853 573 1855 577 Α
1880 547 1884 569 :

430 593 544 637 libro
553 595 681 638 tertio
689 595 1017 654 disputavimus.
1031 597 1138 647 Quae
1151 594 1386 653 disputatio
1399 602 1546 638 contra
1557 594 1815 639 Manichaeos
1879 614 1884 638 ε

430 663 630 708 habenda
650 673 735 719 est,
761 664 834 724 qui
857 680 946 708 non
965 665 1205 723 Scripturas
1227 665 1445 723 accipiunt
1466 674 1633 708 sanctas
1649 664 1814 709 Veteris
1868 703 1870 707 .

429 735 736 787 Iusti-umenti,
766 735 810 778 in
839 735 996 793 quibus
1025 745 1252 793 peccatum
1280 733 1488 792 originale
1515 744 1742 793 narratur3
1771 743 1815 783 et

430 804 647 862 quidquid
680 803 782 848 inde
816 804 860 848 in
891 805 1044 849 litteris
1078 804 1334 864 Apostolicis
1363 804 1537 863 legitur,
1568 803 1814 854 detestabili
1864 804 1884 819 ’“

427 872 698 932 impudentia
721 874 960 919 immissum
983 872 1116 919 fuisse
1138 874 1414 920 contendunt
1442 891 1464 919 a
1487 873 1814 933 corruptoribus
1859 911 1862 915 .

429 945 749 1003 scripturarum
769 979 781 1000 ,
810 953 1020 1003 tanquam
1042 960 1130 989 non
1151 945 1286 988 fuerit
1307 945 1362 988 ab
1385 943 1601 1003 Apostolis
1626 944 1809 989 dictum.
1873 947 1879 956 ⁶

427 1015 588 1058 Contra
624 1014 875 1073 Pelagianos
909 1025 1054 1060 autern
1087 1017 1171 1060 hoc
1202 1014 1530 1060 defendendum
1563 1024 1657 1070 est,
1693 1012 1813 1074 quod

426 1093 611 1143 utraque
642 1085 862 1143 Scriptura
888 1086 1182 1139 commendat,
1217 1101 1348 1144 quam
1379 1101 1423 1129 se
1456 1085 1649 1142 accipere
1677 1084 1812 1143 profis-
1874 1136 1884 1144 .

426 1161 588 1197 tentur.
619 1174 637 1195 »
671 1158 773 1199 Haec
798 1155 886 1199 dixi
909 1157 954 1198 in
980 1156 1120 1213 primo
1149 1155 1262 1211 libro
1285 1154 1678 1210 Retractationum,
1712 1167 1814 1199 cum
1876 1212 1884 1223 η

427 1233 699 1268 retractarem
731 1224 864 1269 libros
887 1227 940 1268 de
967 1226 1123 1269 Libero
1150 1225 1343 1269 arbitrio.
1374 1228 1461 1271 Nec
1490 1224 1578 1268 sola
1605 1239 1707 1269 sane
1734 1225 1812 1270 ista

423 1292 485 1335 ibi
503 1308 526 1335 a
543 1309 613 1337 me
632 1294 747 1338 dicta
765 1303 867 1338 sunt
887 1295 941 1337 de
959 1295 1023 1338 his
1041 1295 1160 1338 libris
1182 1316 1192 1351 3
1211 1310 1361 1339 verum
1382 1303 1425 1338 et
1442 1293 1523 1338 alia
1539 1293 1692 1350 multa,
1713 1310 1813 1354 quae

425 1362 527 1407 huic
544 1363 598 1407 ad
617 1379 693 1408 vos
711 1365 831 1422 operi
846 1365 1033 1408 inserere
1049 1364 1230 1422 longum
1251 1366 1400 1423 putavi
1418 1399 1428 1419 ‚
1449 1375 1493 1409 et
1509 1380 1598 1409 non
1615 1380 1812 1410 necessa·
1860 1395 1861 1398 =

1539 1427 1545 1434 '
1880 1433 1884 1447 Ι

425 1433 538 1476 rium
563 1453 572 1477 ;
597 1435 715 1493 quod
738 1444 780 1477 et
801 1450 876 1478 vos
899 1435 1094 1478 existimo
1115 1450 1204 1478 esse
1221 1434 1491 1494 judicaturos
1509 1470 1519 1490 ‚
1543 1451 1644 1480 cum
1665 1436 1810 1480 omnia

424 1501 625 1560 legeritis.
643 1505 849 1556 Quamvis
866 1519 968 1562 ergo
986 1506 1031 1547 in
1047 1504 1159 1549 libro
1176 1506 1302 1549 tertio
1317 1505 1370 1548 de
1384 1504 1540 1548 Libero
1557 1505 1735 1549 arbitrio
1751 1505 1810 1550 ita

424 1572 480 1615 de
505 1573 695 1631 parvulis
718 1574 1027 1633 disputaverim
1051 1609 1061 1629 ‚
1087 1584 1136 1618 ut
1161 1575 1287 1618 etiam
1318 1575 1351 1618 si
1382 1590 1531 1619 verum
1560 1584 1669 1619 esset
1691 1574 1810 1635 quod
1878 1572 1884 1583 ⁴

424 1641 577 1687 dicunt
601 1643 1133 1702 Pelagiani‚ignorantiam
1153 1645 1505 1689 etdifficultatem
1520 1666 1531 1702 3
1545 1645 1634 1688 sine
1649 1645 1808 1704 quibus

424 1705 570 1756 nullus
594 1714 824 1757 hominum
847 1714 1058 1768 nascitur,
1086 1715 1318 1772 primordia
1338 1749 1349 1769 ‚
1375 1730 1463 1758 non
1487 1714 1694 1773 supplicia
1719 1729 1808 1759 esse

423 1791 616 1839 naturae3
647 1784 925 1827 vincerentur
950 1793 1095 1828 tamen
1123 1786 1371 1839 Manichaei,
1395 1785 1472 1845 qui
1499 1785 1655 1829 volunt
1681 1784 1804 1841 duas,

422 1850 527 1895 boni
555 1852 717 1896 scilicet
745 1853 873 1907 mali,
899 1863 943 1897 et
969 1862 1205 1898 coaeternas
1237 1869 1326 1898 esse
1356 1864 1534 1899 naturas
1556 1873 1564 1899 ·.
1590 1854 1808 1916 numquid

421 1920 520 1965 ideo
549 1922 655 1966 fides
686 1924 731 1966 in
759 1923 946 1967 dubium
975 1923 1170 1968 vocanda
1200 1924 1270 1969 vel
1302 1924 1538 1969 deserenda
1567 1935 1646 1980 est,
1675 1940 1808 1986 quam
1876 1935 1884 1946 ·'

421 2001 572 2036 contra
598 1993 709 2051 ipsos
734 1994 984 2051 Pelagianos
1009 1994 1221 2039 catholica
1248 1994 1447 2039 defendit
1470 1995 1677 2051 Ecclesia,
1705 2011 1806 2055 quae

421 2062 569 2106 asserit
596 2062 806 2121 originale
836 2079 925 2107 esse
954 2074 1196 2123 peccatum,
1221 2067 1344 2125 cujus
1365 2075 1508 2110 reatus
1530 2067 1805 2125 generatione

421 2141 684 2187 contractus,
703 2133 1028 2191 regeneratione
1040 2133 1273 2179 solvendus
1285 2146 1348 2180 est
1362 2137 1380 2177 ⁴?
1393 2136 1523 2188 Quod
1535 2136 1570 2180 si
1587 2145 1630 2180 et
1652 2136 1722 2181 isti
1741 2135 1805 2181 fa-

420 2210 568 2245 tentur
585 2202 826 2257 nobiscum,
847 2212 895 2246 ut
912 2203 1040 2247 simul
1057 2204 1102 2248 in
1119 2204 1200 2248 hac
1218 2220 1343 2249 causa
1362 2204 1693 2262 Pelagianorum
1711 2206 1804 2256 des-

420 2281 615 2316 truamus
649 2287 837 2317 errorem
872 2292 880 2317 ;
905 2288 983 2317 cur
1016 2284 1173 2333 putant
1209 2290 1299 2320 esse
1335 2275 1645 2330 dubitandum,
1683 2275 1803 2335 quod

417 2342 547 2386 etiam
579 2343 780 2401 parvulos
812 2346 940 2398 Deus,
973 2345 1132 2403 quibus
1157 2343 1232 2388 dat
1257 2359 1378 2388 suam
1403 2345 1583 2403 gratiam
1606 2360 1682 2404 per
1698 2345 1803 2405 bap-

418 2411 598 2456 tismatis
619 2422 934 2457 sacramentum
954 2448 964 2468 ‚
987 2423 1111 2458 eruat
1133 2413 1187 2458 de
1210 2423 1422 2474 potestate
1440 2415 1737 2471 tenebrarum,
1758 2424 1802 2459 et

417 2481 646 2527 transferat
663 2483 707 2527 in
726 2498 906 2542 regnum
926 2483 1025 2528 Filii
1041 2484 1260 2528 charitatis
1277 2486 1416 2528 suae²?
1429 2487 1480 2528 In
1493 2499 1545 2529 eo
1560 2500 1664 2544 ergo
1677 2485 1799 2545 quod
1875 2539 1879 2542 ι

465 2572 470 2587 ³
492 2566 609 2599 Coloss.
629 2576 653 2607 1,
679 2568 725 2599 13.

1864 3162 1884 3285 Εἰ
