1884 3285
429 236 482 273 74
864 249 896 274 s.
932 247 1162 281 Ateus-nm
1195 251 1375 281 tmscom

426 324 556 369 quam
583 308 748 353 donum
772 311 964 370 accipere
989 329 1011 356 a
1041 316 1180 369 Patre,
1207 332 1295 375 quo
1324 318 1472 363 credat
1497 320 1541 364 in
1563 322 1799 375 Christum,

425 382 576 439 Neque
609 380 722 424 enim
758 381 981 427 audientes
1013 386 1295 443 Evangelium
1330 404 1353 432 a
1385 404 1473 434 non
1506 392 1801 453 audientibus,

423 442 515 494 sed'
534 450 759 501 credentes
785 468 809 502 a
841 469 930 501 non
964 455 1241 505 credentibus
1277 459 1547 510 discernebat
1576 466 1652 524 qui
1683 465 1804 516 dice-1

422 521 524 565 bat:
550 541 570 570 it
595 524 730 571 Nemo
761 524 876 570 venit
909 524 965 573 ad
995 541 1079 582 me,
1115 528 1196 572 nisi
1224 528 1357 577 fuerit
1384 532 1422 576 ei
1449 532 1601 582 datum
1628 551 1653 585 a
1679 538 1805 587 Patre

423 607 446 636 )›
468 605 581 638 meo.
606 609 626 632 ›)

479 663 601 710 XVI,
622 661 749 707 Fides
766 664 913 722 igitur,
939 673 982 709 et
1003 666 1219 722 inchoata,
1244 678 1286 713 et
1308 670 1514 729 perfecta,
1539 671 1704 720 donum
1727 677 1805 724 Dei

422 739 485 774 est
505 751 513 775 :
534 741 575 774 et
595 732 676 775 hoc
695 733 859 781 donum
885 734 1144 794 quibusdam
1168 738 1277 794 dari,
1302 741 1559 799 quibusdam
1584 759 1670 787 non
1692 742 1802 802 dari,
1860 803 1862 809 ,

419 802 600 844 omnino
629 817 717 850 non
747 802 936 857 dubitet,
964 806 1039 864 qui
1068 822 1155 855 non
1183 808 1277 853 vult
1301 810 1655 861 manifestissimis
1675 815 1804 862 sacris
1859 823 1864 834 ”

419 871 591 915 Litteris
620 887 874 933 repugnare.
898 877 988 924 Cur
1008 886 1150 921 autem
1180 894 1267 923 non
1297 881 1498 926 omnibus
1525 884 1670 938 detur,
1700 886 1804 929 fide-

416 939 501 982 lem
530 956 704 985 movere
732 958 817 986 non
848 943 994 999 debet,
1023 948 1097 1006 qui
1122 949 1258 993 credit
1286 966 1336 994 ex
1366 968 1455 996 uno
1479 969 1627 1001 omnes
1656 957 1735 999 isse
1757 956 1803 1006 in
1860 958 1865 972 ⁸

416 1012 848 1068 condemnationem,
892 1016 983 1059 sine
1024 1018 1297 1064 dubitatione
1330 1022 1599 1080 justissimam
1629 1045 1637 1069 ε
1665 1027 1720 1069 ita
1753 1035 1804 1070 ut

415 1081 533 1124 nulla
562 1083 634 1125 Dei
660 1094 767 1127 esset
783 1086 897 1144 justa
929 1089 1223 1146 reprehensio,
1249 1092 1375 1135 etiam
1398 1094 1431 1136 si
1455 1094 1601 1139 nullus
1624 1095 1724 1139 inde
1746 1096 1802 1140 ti-

414 1151 654 1197 beraretur.
676 1155 799 1198 Unde
821 1167 988 1201 constat
1011 1174 1207 1218 magnam
1231 1177 1320 1204 esse
1342 1164 1539 1220 gratiam,
1565 1165 1684 1224 quod
1708 1166 1803 1225 plu-

414 1222 512 1264 rimi
537 1222 799 1280 liberantur,
825 1236 866 1270 et
888 1228 993 1287 quid
1017 1230 1098 1272 sibi
1122 1230 1372 1287 deberetur,
1400 1234 1444 1278 in
1467 1236 1526 1279 eis
1546 1235 1623 1296 qui
1646 1252 1734 1281 non
1755 1237 1802 1281 li-

413 1289 639 1347 berantur,
660 1307 900 1351 agnoscunt
914 1316 922 1341 :
936 1307 981 1340 ut
998 1300 1071 1357 qui
1092 1300 1316 1357 gloriatur,
1336 1318 1424 1348 non
1446 1304 1490 1347 in
1510 1306 1597 1350 suis
1619 1308 1798 1363 meritis,

412 1377 511 1420 quae
527 1363 641 1420 paria
656 1365 774 1408 videt
789 1368 1114 1422 essedamnatis,
1126 1370 1199 1413 sed
1216 1371 1259 1414 in
1278 1374 1460 1417 Domino
1476 1373 1698 1433 glorietur.
1711 1379 1800 1426 Cur

411 1440 556 1474 autem
582 1433 711 1477 istum
733 1437 874 1493 potius
892 1453 1020 1496 quam
1041 1438 1163 1482 illum
1184 1440 1365 1496 liberet,
1386 1444 1682 1490 inscrutabilia
1699 1457 1801 1493 sunt

406 1501 567 1559 judicia
591 1504 627 1562 ej
637 1519 683 1547 us
705 1514 747 1548 et
767 1505 1088 1566 investigabiles
1106 1511 1186 1553 viae
1204 1512 1292 1571 ejus
1312 1515 1342 1556 ¹.
1362 1515 1518 1559 Melius
1536 1516 1650 1560 enim
1669 1518 1799 1563 ethic

411 1572 612 1617 audimus
647 1584 722 1618 aut
746 1576 927 1621 dicimus
951 1598 959 1624 :
980 1598 999 1620 «
1023 1580 1059 1623 Ο
1079 1580 1224 1636 homo,
1256 1591 1302 1626 tu
1332 1585 1430 1643 quis
1458 1602 1502 1630 es
1526 1587 1602 1646 qui
1628 1603 1801 1647 respon-

411 1661 432 1684 »
459 1643 559 1688 deas
589 1649 676 1690 Deo
697 1649 745 1688 2?
766 1667 784 1688 η
809 1645 939 1708 quam
963 1651 1105 1694 dicere
1127 1652 1337 1697 audemus
1352 1689 1362 1709 ,
1385 1656 1508 1714 quasi
1529 1659 1795 1712 noverimus,

408 1714 529 1772 quod
562 1716 783 1760 occultum
816 1735 906 1763 esse
933 1719 1088 1777 voluit,
1120 1723 1195 1781 qui
1223 1732 1370 1769 tamen
1398 1725 1563 1786 aliquid
1588 1728 1797 1787 injustum

409 1784 521 1827 velle
543 1801 630 1829 non
655 1789 828 1845 potuit?

465 1855 608 1898 XVII.
643 1856 760 1902 Illud
779 1870 923 1901 autem
943 1858 1060 1918 quod
1077 1860 1120 1904 in
1137 1863 1349 1920 opusculo
1366 1879 1463 1910 meo
1481 1866 1673 1924 quodam
1687 1883 1795 1914 con-

407 1933 470 1967 tra
502 1928 791 1984 Porphyrium
821 1930 902 1972 sub
935 1931 1077 1985 titulo,
1114 1936 1172 1976 De
1203 1944 1396 1994 tempore
1418 1938 1674 1983 Christianae
1697 1939 1794 1984 reli-

405 1994 586 2050 gionisss,
613 2011 680 2038 me
701 1997 876 2051 dixisse,
900 2001 1102 2053 recolitis,
1128 2002 1186 2046 ita
1210 2004 1317 2057 dixi,
1345 2016 1393 2049 ut
1416 2007 1528 2051 lianc
1551 2007 1794 2066 diligentio-

404 2077 492 2105 rem
517 2073 560 2106 et
583 2067 870 2124 operosiorem
895 2069 1233 2128 disputationem
1263 2076 1318 2118 de
1342 2078 1475 2134 gratia
1498 2080 1786 2136 praeterirem,

403 2148 492 2176 non
513 2149 615 2178 sane
637 2138 789 2181 omissa
816 2139 1141 2196 significatione,
1168 2144 1286 2203 quod
1314 2162 1405 2190 eam
1430 2146 1530 2192 loco
1551 2149 1626 2193 illo
1653 2150 1791 2210 expli-

402 2217 499 2246 care
517 2204 766 2259 noluissem,
786 2225 883 2267 quae
901 2221 1041 2267 posset
1057 2211 1156 2256 alias
1175 2214 1241 2256 vel
1260 2216 1312 2258 ab
1332 2216 1424 2260 aliis
1439 2218 1657 2276 explicari.
1679 2222 1788 2265 Nam

400 2271 644 2317 italocutus
666 2291 759 2319 sum
785 2278 895 2320 inter
915 2289 1083 2333 caetera,
1110 2284 1373 2341 respondens
1396 2288 1627 2345 propositae
1646 2304 1783 2347 quaes-
1845 2312 1850 2316 ·
1873 2307 1876 2323 2

402 2341 539 2397 tioni,
576 2345 666 2388 Cur
703 2347 900 2392 Christus
937 2360 1033 2408 post
1068 2360 1152 2394 tam
1189 2352 1316 2411 longa
1357 2364 1550 2415 tempora
1584 2359 1783 2406 venerit:

405 2428 425 2451 «
451 2412 654 2468 Proinde,
677 2415 870 2475 inquam,
893 2433 992 2462 cum
1011 2420 1183 2465 Christo
1199 2438 1287 2466 non
1305 2423 1537 2483 objiciant,
1558 2429 1676 2486 quod
1695 2430 1786 2487 ejus

450 2519 456 2533 ¹
478 2514 568 2545 Rom.
589 2526 622 2555 v,
647 2525 696 2547 12.
716 2534 753 2539 —
771 2523 783 2538 ²
805 2518 847 2548 td,
870 2530 892 2555 r,
923 2518 971 2557 ¹4¹-
991 2538 1027 2543 —-
1049 2519 1060 2542 3
1080 2521 1180 2557 Epist.
1211 2533 1263 2561 Cu,
1285 2523 1368 2556 inter
1384 2526 1606 2567 Augustianas,
1623 2534 1731 2572 quaest.
1749 2541 1782 2567 u,

399 2568 505 2609 n.14.
