1821 3264
3 167 6 186 i

3 190 6 200 »

2 270 5 332 i
254 289 397 316 OPERIS
429 289 603 315 IMPERF.
639 287 803 315 CONTRA
835 289 1190 317 JULIAN.L1B·I.
1335 281 1414 319 201

0 362 3 436 i
35 358 177 412 tum¹3
201 371 289 399 non
313 365 456 399 tamen
486 369 599 398 mors
627 355 816 413 corporis
848 356 937 415 ipsa
967 365 1193 416 peccatum
1224 366 1314 412 est,
1352 358 1420 402 vel

0 438 2 491 j
33 391 276 486 corporales
309 427 576 486 quicumque
607 426 966 471 cruciat11315ed
996 428 1183 486 pertinet
1212 392 1421 487 originale

0 500 3 544 Ξ
33 507 259 576 peccatum
274 496 330 541 ad
352 498 433 542 hoc
456 511 590 555 genus
614 497 813 552 tertium,
840 482 917 541 ubi
935 499 995 542 sic
1018 508 1247 556 peccatum
1266 510 1350 554 est,
1371 509 1422 544 ut

0 576 1 583 ¹
32 569 173 628 ipsum
195 567 248 611 sit
277 576 321 610 et
352 582 484 626 poena
502 567 700 626 peccati·
728 567 847 626 quod
868 568 979 611 inest
1003 567 1182 627 quidem
1206 571 1421 613 nascenti-

32 639 112 684 bus
135 637 210 682 sed
231 638 276 681 in
300 639 358 682 eis
387 638 682 682 crescentibus
709 638 862 698 incipit
885 654 1091 698 apparere
1108 673 1119 694 ‚
1155 639 1333 698 quando
1359 649 1421 685 est

0 715 1 723 ¹
31 709 333 769 insipientibus
357 710 592 754 necessaria
615 709 824 769 sapientia
843 745 854 765 ‚
878 719 920 754 et
943 709 1054 754 mala
1073 710 1422 769 concupiscenti-

31 781 112 826 bus
133 781 403 825 continentia
421 802 432 840 3
450 781 570 840 origo
592 789 738 825 tamen
755 782 882 824 etiam
910 782 1038 841 hujus
1057 781 1221 841 peceati
1239 780 1420 825 descen-

30 852 93 897 dit
129 867 152 895 a
186 850 412 896 voluntate
438 853 669 911 peccantis.
709 852 811 895 Fuit
847 852 961 895 enim
1000 854 1162 906 Adam,
1198 861 1240 896 et
1269 852 1312 895 in
1346 852 1421 897 illo

29 922 189 967 fuimus
207 924 384 966 omnes²
403 944 414 981 3
433 923 560 983 periit
584 924 744 977 Adam,
779 932 821 966 et
843 923 887 965 in
910 921 986 966 illo
1009 938 1158 967 omnes
1178 923 1417 983 perierunt.

84 995 286 1038 XLVIII.
314 996 339 1037 J
343 1011 542 1039 tumes.
573 1013 592 1036 «
610 997 805 1039 Meretur
823 1003 968 1038 autem
984 1002 1027 1038 et
1045 994 1098 1037 ab
1113 994 1303 1038 honestis
1321 1008 1422 1037 exe-

28 1066 282 1120 crationem,
296 1073 340 1109 et
352 1065 406 1109 ab
420 1064 494 1109 illa
503 1066 685 1126 justitia,
701 1066 823 1125 eujus
834 1065 904 1110 hic
917 1074 1004 1110 tota
1014 1080 1139 1109 causa
1156 1066 1352 1119 vertitur,
1365 1065 1421 1108 le-

26 1136 219 1196 gitimam
235 1137 661 1181 condemnationem.
680 1136 897 1180 Omnibus
913 1136 1059 1196 itaque
1074 1136 1208 1180 auleis
1228 1135 1420 1181 reductis

25 1205 172 1266 profer
206 1205 442 1266 aliquando
471 1206 569 1252 luce
600 1207 768 1266 palam,
807 1222 882 1285 per
905 1206 1012 1267 quid
1040 1207 1196 1252 doceas
1222 1207 1421 1251 naturale

25 1291 113 1321 esse
142 1286 386 1336 peccatum.
415 1279 543 1322 Certe
570 1277 680 1321 nihil
707 1278 904 1337 superius
938 1276 1047 1322 falso
1075 1277 1145 1321 vel
1171 1277 1224 1321 de
1260 1278 1420 1321 divinae

24 1346 154 1392 laude
182 1347 388 1406 justitiae,
423 1347 491 1391 vel
522 1348 576 1391 de
606 1348 749 1406 culpae
782 1347 1036 1391 definitione
1069 1347 1303 1392 collectum
1337 1357 1415 1392 est.

23 1418 214 1463 Ostende
244 1433 370 1496 ergo,
403 1419 496 1462 haec
533 1418 622 1463 duo
657 1419 702 1462 in
724 1419 915 1478 parvulis
947 1434 1070 1477 posse
1105 1427 1304 1463 constare
1338 1438 1345 1463 :
1382 1418 1415 1462 si

23 1488 196 1533 nullum
233 1497 295 1532 est
327 1489 419 1533 sine
452 1489 679 1534 voluntate
710 1498 962 1549 peccatum,
996 1490 1031 1533 si
1061 1488 1181 1533 nulla
1217 1489 1419 1534 voluntas

22 1560 98 1603 ubi
121 1575 210 1604 non
230 1569 293 1604 est
315 1559 525 1619 explicata
548 1560 749 1615 libertas,
775 1560 810 1604 si
831 1576 919 1604 non
943 1569 1005 1604 est
1029 1559 1208 1604 libertas
1233 1560 1309 1603 ubi
1330 1575 1419 1604 non

23 1640 86 1676 est
107 1629 290 1676 facultas
312 1647 388 1691 per
410 1632 622 1676 rationem
645 1632 867 1677 electionis
886 1653 896 1690 3
929 1647 1018 1692 quo
1042 1641 1237 1676 monstro
1261 1648 1420 1691 pecca--

23 1712 117 1747 tum
137 1703 183 1746 in
205 1701 447 1747 infantibus
480 1704 702 1748 invenitur
720 1739 730 1757 ,
766 1705 842 1764 qui
865 1704 1042 1748 rationis
1068 1719 1194 1748 usum
1224 1719 1314 1748 non
1337 1705 1418 1748 ha-

22 1773 152 1819 bent?
172 1775 306 1833 Igitur
326 1790 406 1819 nec
429 1775 617 1834 eligendi
647 1774 898 1819 facultatem
917 1810 927 1829 ,
956 1791 1004 1819 ac
1022 1790 1099 1834 per
1124 1776 1206 1819 hoc
1229 1791 1309 1819 nec
1339 1791 1418 1820 vo-

23 1844 235 1890 luntatem
261 1865 269 1890 :
301 1854 430 1907 atque
447 1846 512 1888 his
530 1844 860 1889 irrefutabiliter
879 1845 1091 1889 concessis
1108 1880 1117 1900 ‚
1139 1861 1220 1889 nec
1239 1844 1417 1905 aliquod

27 1916 205 1960 omnino
229 1925 474 1975 peccatum.
503 1916 578 1960 His
599 1916 734 1975 igitur
755 1915 945 1961 molibus
968 1931 1138 1975 pressus
1159 1951 1169 1970 ,
1195 1916 1419 1961 videamus

23 2002 110 2046 quo
144 1988 349 2047 eruperis.
376 1986 532 2042 Nullo⁴,
561 1987 704 2047 inquis
723 2022 734 2041 ‚
759 1996 937 2046 peccato
960 1986 1130 2046 parvuli
1151 1996 1413 2045 premuntur

24 2074 103 2103 suo
120 2093 132 2114 ‚
157 2058 232 2103 sed
254 2067 515 2118 premuntur
544 2058 700 2102 alieno.
738 2077 756 2099 «
784 2057 983 2103 Necdum
1008 2056 1163 2101 claruit
1185 2056 1293 2117 quid
1317 2057 1417 2102 mali

23 2129 194 2174 sentias.
227 2129 504 2187 Suspicamur
532 2128 648 2172 enim
677 2137 717 2172 te
742 2128 795 2172 ad
824 2128 1030 2172 invidiam
1059 2129 1299 2188 cujuspiam
1327 2129 1410 2173 ho*

22 2201 151 2245 minis
173 2235 183 2255 ,
216 2201 340 2259 cujus
370 2199 644 2260 iniquitatem
676 2208 725 2243 ut
758 2203 920 2243 Poenus
955 2209 1099 2244 orator
1121 2200 1411 2259 exprimeres,

24 2271 118 2315 haec
140 2270 186 2313 in
207 2269 400 2314 medium
424 2269 665 2329 protulisse.
689 2269 819 2329 Apud
836 2286 966 2329 quem
989 2271 1122 2329 igitur
1139 2270 1416 2330 impollutam

25 2341 318 2385 innocentiam
341 2339 479 2385 scelus
502 2342 697 2399 gravavit
719 2343 978 2386 externum?
1000 2343 1106 2394 Quis
1123 2342 1196 2385 ille
1214 2341 1296 2386 fuit
1313 2378 1323 2396 ‚
1342 2342 1417 2401 qui

23 2411 101 2456 hos
124 2410 395 2471 adjudicaret
418 2426 534 2465 reos,
560 2420 649 2455 tam
672 2427 820 2456 excors
839 2447 849 2468 ‚
879 2421 965 2456 tam
987 2422 1085 2455 trux
1103 2448 1113 2467 ‚
1138 2421 1226 2456 tam
1256 2412 1416 2456 oblitus

23 2482 101 2526 Dei
121 2490 162 2525 et
185 2481 423 2542 aequitatis,
451 2481 661 2526 barbarus
685 2482 948 2542 perduellis?
971 2482 1220 2526 Laudamus
1245 2498 1416 2542 prorsus

25 2552 247 2611 ingenium
279 2561 401 2596 tuum
433 2572 440 2597 :
472 2562 651 2612 apparet
679 2553 867 2597 eruditio
886 2589 896 2607 ,
925 2569 1013 2597 non
1046 2553 1223 2612 potuisti
1261 2554 1413 2609 aliter,

74 2642 84 2660 ¹
108 2638 197 2669 Rom.
221 2648 293 2679 vm,
313 2647 363 2670 10.
379 2654 419 2662 -—
436 2644 449 2659 ²
469 2637 615 2673 Ambros.
635 2637 691 2670 lib.
712 2650 757 2670 vn
778 2639 806 2670 in
824 2640 900 2672 Luc.
921 2649 993 2681 cap.
1015 2649 1070 2676 xv,
1093 2649 1180 2673 num,
1202 2638 1279 2681 234-
