1821 3264
431 316 481 341 ηε
514 315 626 340 Dono
659 312 1029 338 PEttsEVERANTtn-t.
1342 300 1417 336 121

43 399 144 443 ergo
167 382 393 427 bominum
417 387 583 422 naturae
606 377 706 420 dum
726 384 827 419 sunt
851 377 867 418 P
898 376 1035 418 Absit.
1065 375 1107 418 Si
1137 373 1235 417 duae
1259 383 1426 420 naturae

43 463 207 506 essent,
229 451 363 511 gratia
386 449 471 493 ulla
490 463 577 492 non
598 456 706 490 esset
733 466 740 490 ε
768 445 876 489 nulli
897 446 1011 487 enim
1035 444 1213 487 daretur
1240 445 1424 502 gratuita

43 523 262 577 liberatio,
282 521 314 565 si
336 531 503 565 naturae
530 518 676 562 debita
695 515 967 560 redderetur.
995 514 1257 557 Hominibus
1282 523 1426 558 autem

43 595 228 648 videtur,
248 606 396 636 omnes
417 590 493 650 qui
514 588 615 631 boni
640 593 851 647 apparent
872 583 1038 637 fideles,
1064 584 1426 642 perseverantiam

42 678 180 724 usque
200 664 245 706 in
262 663 394 705 finem
418 659 609 718 accipere
631 657 846 701 debuisse.
864 659 977 699 Deus
1000 662 1145 697 autem
1169 653 1323 696 melius
1341 668 1429 696 esse

39 733 264 796 judicavit,
284 730 463 775 miscere
484 727 695 789 quosdam
721 742 809 771 non
835 733 1181 785 perseveraturos
1202 731 1321 767 certo
1343 738 1429 766 nu-

43 820 161 851 mero
175 811 423 848 sanctorum
445 814 651 857 suorum,
677 808 725 842 ut
747 798 907 858 quibus
926 811 1014 840 non
1037 794 1212 855 expedit
1232 794 1278 838 in
1300 795 1430 853 hujus

43 877 142 922 vitae
162 874 403 920 tentatione
426 871 653 925 securitas,
679 884 769 914 non
791 867 955 928 possint
978 881 1068 910 esse
1090 865 1242 908 securi.
1269 863 1432 908 Multos

44 947 155 991 enim
183 961 204 990 a
225 943 463 1005 perniciosa
488 942 673 986 elatione
698 939 893 999 reprimit
922 935 1043 997 quod
1069 936 1128 979 ait
1157 932 1391 993 Apostolus
1416 951 1428 977 .-

47 1021 161 1070 »Qua
167 1025 343 1076 propter
353 1014 429 1074 qui
441 1013 615 1058 videtur
629 1008 907 1065 stare,videat
923 1023 977 1051 ne
990 1006 1117 1052 cadat
1128 1008 1157 1048 ².
1168 1004 1432 1049 »Voluntate

43 1096 188 1132 autem
211 1102 285 1130 sua
302 1085 432 1139 cadit,
458 1084 532 1143 qui
555 1081 670 1126 cadit
689 1102 700 1139 3
725 1079 1000 1125 etvoluntate
1018 1076 1096 1122 Dei
1111 1085 1210 1130 stat,
1232 1075 1308 1134 qui
1329 1083 1427 1118 stat.

48 1177 67 1199 «
93 1161 251 1201 Potens
274 1165 337 1200 est
367 1155 480 1198 enim
505 1157 619 1198 Deus
649 1160 839 1196 statuere
869 1149 991 1193 illum
1025 1151 1041 1173 2
1072 1167 1080 1192 :
1109 1165 1128 1188 »
1155 1162 1243 1190 non
1264 1161 1366 1204 ergo
1389 1160 1433 1188 se

44 1229 148 1286 ipse,
167 1226 242 1270 sed
258 1227 703 1269 Deus.Verumtamen
722 1222 886 1265 bonum
911 1227 973 1262 est
992 1233 1078 1262 non
1104 1215 1240 1260 altum
1265 1230 1428 1274 sapere,

44 1297 118 1342 sed
140 1298 291 1340 timere
314 1298 344 1339 3.
374 1299 424 1339 In
448 1295 709 1352 cogitatione
733 1301 877 1336 autem
901 1305 975 1334 sua
1002 1288 1070 1332 vel
1093 1287 1208 1331 cadit
1227 1287 1429 1346 quisque,

44 1367 113 1412 vel
129 1376 225 1411 stat.
250 1368 370 1410 Sicut
382 1373 524 1408 autem
541 1361 773 1422 Apostolus
792 1361 865 1414 ait,
885 1360 1005 1419 quod
1028 1358 1072 1400 in
1089 1357 1200 1400 libro
1212 1356 1433 1414 superiore

44 1437 279 1482 memoravi
302 1456 309 1480 :
335 1456 353 1478 «
380 1438 477 1480 Non
501 1449 648 1478 sumus
671 1432 817 1476 idonei
842 1430 1031 1487 cogitare
1055 1426 1220 1486 aliquid
1242 1426 1364 1484 quasi
1383 1439 1434 1467 ex

48 1527 66 1550 »
84 1507 415 1565 nobismetipsis,
433 1505 506 1549 sed
520 1502 777 1548 sufficientia
801 1509 943 1544 nostra
963 1513 1014 1541 ex
1034 1500 1123 1540 Deo
1138 1504 1202 1539 est
1221 1497 1431 1546 ⁴.»Quem

45 1588 216 1624 secutus
238 1587 279 1621 et
295 1577 446 1621 beatus
470 1575 722 1620 Ambrosius
746 1572 877 1616 audet
899 1579 942 1613 et
963 1569 1069 1613 dicit
1100 1587 1107 1611 :
1145 1586 1163 1608 «
1191 1569 1288 1611 Non
1318 1566 1431 1609 enim

50 1669 67 1691 n
83 1649 127 1692 in
142 1656 354 1707 potestate
372 1655 517 1690 nostra
537 1660 611 1689 cor
629 1652 843 1695 nostrum,
861 1649 901 1684 et
926 1648 1084 1683 nostrae
1102 1636 1429 1694 cogitationes.»

46 1717 174 1771 Quod
196 1716 335 1761 omnis
355 1716 428 1776 qui
442 1714 662 1759 humiliter
685 1722 727 1756 et
743 1710 954 1756 veraciter
970 1709 1065 1768 pius
1087 1717 1165 1761 est,
1187 1721 1276 1749 esse
1299 1705 1432 1748 veris-

46 1789 202 1832 simum
225 1787 367 1830 sentit.

104 1861 203 1902 XX.
246 1860 339 1901 Hoc
378 1865 520 1900 autem
547 1854 800 1899 Ambrosius
837 1863 887 1895 ut
921 1850 1111 1901 diceret,
1152 1847 1198 1889 in
1234 1860 1284 1888 eo
1322 1845 1435 1887 libro

49 1928 308 1989 loquebatur
338 1941 467 1987 quem
499 1925 552 1968 de
587 1928 707 1982 Fuga
730 1921 874 1966 saeculi
903 1919 1102 1978 scripsit,
1133 1917 1294 1959 docens
1316 1949 1325 1967 ,
1353 1915 1435 1957 hoc

49 1998 254 2043 saeculum
287 2013 375 2041 non
407 2010 587 2056 corpore
606 2031 616 2050 ⁵
643 1995 716 2038 secl
739 1991 868 2037 corde
892 1988 1147 2047 fugiendum
1177 2006 1184 2030 ;
1211 1983 1332 2045 quod
1357 1985 1436 2027 nisi

50 2069 205 2114 auxilio
227 2069 303 2112 Dei
336 2068 427 2111 fieri
457 2083 543 2111 non
576 2080 698 2125 posse
733 2062 944 2107 disseruit.
974 2060 1045 2103 Ait
1067 2057 1181 2101 enirn
1207 2059 1221 2081 ⁵
1254 2073 1260 2096 :
1293 2075 1311 2096 ι(
1337 2058 1439 2097 Fre-

49 2155 187 2201 quens
199 2139 324 2182 nobis
343 2138 396 2182 dc
419 2137 626 2195 fugiendo
645 2134 804 2179 saeculo
821 2134 902 2178 isto
926 2145 1064 2175 sermo
1082 2150 1094 2186 3
1115 2138 1245 2187 atque
1266 2126 1436 2170 utinam

49 2200 339 2270 quam'i'acilis
361 2223 501 2251 sermo
518 2242 528 2261 ,
545 2216 632 2250 tam
657 2214 808 2250 cautus
826 2213 868 2247 et
885 2201 1092 2246 sollicitus
1112 2198 1293 2242 affectus
1315 2216 1322 2241 :
1345 2195 1435 2248 sed,

50 2280 169 2342 quod
187 2281 307 2339 pejus
336 2287 428 2333 est,
461 2279 712 2337 frequenter
746 2275 896 2334 irrepit
928 2283 1195 2317 terrenarum
1230 2267 1437 2312 illecebra

52 2350 339 2410 cupiditatum
361 2384 371 2403 ,
398 2357 439 2392 et
465 2348 703 2391 vanitatum
738 2345 895 2390 offusio
918 2351 1108 2386 mentem
1139 2347 1326 2397 occupat
1352 2358 1363 2393 3
1391 2345 1440 2379 ut

53 2421 172 2482 quod
188 2419 360 2464 studeas
384 2419 542 2472 vitare,
566 2418 649 2461 hoc
670 2417 831 2474 cogites
858 2414 1089 2470 animoque
1117 2408 1278 2452 volvas.
1308 2405 1437 2458 Quod

55 2505 205 2537 cavere
224 2488 401 2532 difficile
425 2497 485 2531 est
500 2487 682 2541 homini,
702 2500 857 2530 exuere
880 2492 1024 2527 autem
1049 2476 1330 2538 impossibile.
1354 2478 1445 2518 De-

105 2584 114 2598 1
139 2587 150 2608 1
172 2577 245 2608 Cor.
268 2585 302 2614 x,
329 2583 377 2605 12.
393 2591 434 2596 -—
452 2581 463 2595 ²
482 2577 573 2606 Rom.
602 2584 675 2613 xiv,
697 2572 728 2613 4.
750 2589 788 2593 —-
806 2569 818 2592 3
848 2570 894 2601 Id.
926 2579 970 2605 xl,
990 2576 1043 2599 ¹20.
1062 2583 1102 2588 —
1122 2563 1135 2588 4
1156 2574 1174 2595 2
1192 2560 1440 2602 Cor.1n,5.—
1466 2559 1473 2564 ’

61 2632 75 2655 5
94 2631 238 2665 Αῐηίιτοε.
256 2633 296 2665 «le
314 2635 395 2672 Fuga
410 2630 528 2661 saeculi.
