1821 3264
255 247 398 277 opnms
431 247 606 277 lMPERF.
641 245 803 277 CONTRA
835 249 1003 278 mnan.
1040 251 1122 279 ΜΒ.
1160 253 1190 278 1.
1330 241 1414 280 253

35 313 192 359 bertati
212 314 390 378 arbitrio
408 323 652 375 competat,
673 324 722 360 ut
743 315 922 375 planum
941 317 1020 372 sit,
1040 317 1137 377 quis
1155 317 1192 361 ei
1215 318 1415 362 nostrum

37 386 297 441 consentiat,
331 389 426 447 quis
461 396 684 446 repugnet.
719 387 912 431 Libertas
945 389 1132 443 arbitrii,
1169 405 1252 449 qua
1281 406 1302 433 a
1330 393 1416 434 Deo

36 458 328 517 emancipatus
357 459 488 503 homo
518 467 606 512 est,
646 458 690 501 in
722 458 981 502 admittendi
1011 459 1174 519 peccati
1210 470 1252 504 ct
1280 461 1415 505 absti-

36 527 167 573 nendi
189 543 212 572 a
234 538 411 587 peccato
435 527 717 588 possibilitate
739 529 948 574 consistit.

92 601 384 645 Ascrs‘mvrs.
421 600 754 659 Emancipatum
774 600 996 645 hominem
1021 599 1126 645 dicis
1150 617 1171 646 a
1191 604 1280 646 Deo
1303 620 1311 646 z
1338 618 1416 647 nec

35 669 220 715 attendis
254 671 338 716 hoc
366 686 466 717 cum
497 671 768 730 emancipato
802 671 893 730 agi,
931 680 980 715 ut
1009 671 1054 715 in
1086 671 1248 715 familia
1286 672 1417 730 patris

33 756 123 786 non
144 741 213 786 sit.

93 813 294 857 LXXIX.
329 815 555 858 Μυκη-5.
594 831 613 854 (ι
643 815 826 857 Factum
856 823 919 857 est
952 813 1067 856 enim
1096 812 1254 857 animal
1285 813 1417 858 ratio-

34 881 157 937 nale,
194 883 403 938 mortale,
440 899 574 943 capax
612 884 782 928 virtutis
821 893 862 927 ct
897 884 1016 937 vitii,
1049 883 1168 943 quod
1197 893 1339 943 posset
1369 900 1419 928 ex

32 968 232 998 concessa
265 953 346 997 sibi
375 953 656 1013 possibilitate
691 954 759 998 vel
795 969 963 998 servare
995 955 1068 997 Dei
1093 956 1317 1009 mandata,
1349 953 1417 998 vel

33 1023 292 1082 transgredi,
309 1024 378 1069 vel
399 1025 644 1084 magisterio
664 1025 851 1070 naturali
866 1040 1120 1070 conservare
1133 1027 1202 1085 jus
1217 1026 1419 1069 humanae

31 1094 243 1139 societatis
262 1129 272 1149 ,
297 1095 574 1156 liberumque
606 1095 788 1139 haberet
811 1096 1063 1140 alterutram
1086 1095 1198 1139 velle
1227 1106 1416 1154 partem,

31 1165 75 1208 in
108 1180 196 1224 quo
225 1166 391 1224 peccati
429 1176 471 1210 et
499 1166 679 1226 justitiae
713 1181 882 1209 sumina
911 1175 987 1209 est.
1031 1168 1138 1210 Nam
1173 1180 1271 1209 cum
1300 1165 1419 1209 aliud

31 1234 271 1279 secundum
310 1236 515 1280 virtutem
560 1235 882 1294 indigentibus,
915 1245 989 1279 aut
1023 1237 1076 1279 de
1115 1236 1421 1281 misericordiae

31 1304 243 1360 fontibus,
259 1315 334 1350 aut
352 1306 406 1349 de
423 1307 604 1366 justitiae
623 1306 850 1365 immulget
872 1306 1100 1364 uberibus,
1119 1307 1201 1351 hoc
1217 1316 1419 1365 operatur

30 1375 133 1420 foris
165 1377 254 1436 jam
278 1376 369 1435 ipsa
387 1376 578 1436 justitia,
609 1392 741 1437 quam
764 1377 881 1421 intus
904 1377 1106 1422 voluntas
1132 1386 1280 1422 sancta
1304 1393 1417 1422 con--

31 1446 147 1506 cepit
169 1456 212 1491 et
234 1448 416 1507 peperit.

90 1520 383 1562 Atersrmts,
422 1520 577 1562 Utrum
604 1517 658 1562 de
686 1533 764 1562 suo
791 1518 1003 1577 justitiam
1037 1518 1284 1577 conceperit
1302 1553 1313 1573 ,
1342 1519 1429 1562 hoc

32 1587 258 1632 vobiscum
287 1589 454 1648 agitur,
480 1589 556 1648 qui
589 1588 840 1647 ignorantes
870 1589 947 1633 Dei
963 1589 1173 1648 justitiam
1194 1623 1204 1642 ,
1237 1598 1425 1632 vestram

32 1658 162 1704 vultis
185 1659 471 1704 constituere¹
496 1679 504 1704 :
531 1675 632 1704 cum
656 1659 857 1704 voluntas
876 1670 1023 1704 sancta
1042 1660 1194 1718 utique
1211 1660 1426 1718 justitiam

31 1739 177 1775 sancta
200 1732 460 1789 cogitatione
483 1731 715 1789 concipiat,
741 1731 795 1775 de
817 1747 904 1791 qua
931 1731 1141 1789 scriptum
1164 1740 1243 1784 est,
1266 1750 1282 1769 a
1297 1730 1427 1787 Cogi-

34 1819 55 1843 »
82 1802 186 1846 tatio
204 1811 350 1846 sancta
365 1802 553 1847 servabit
568 1805 633 1845 te‘2
651 1821 658 1845 :
679 1820 699 1843 »
719 1802 825 1846 dicit
839 1811 980 1846 autem
1003 1800 1235 1860 Apostolus
1258 1820 1266 1845 :
1293 1820 1312 1841 «
1330 1802 1429 1845 Non

34 1889 55 1913 »
83 1872 184 1931 quia
206 1871 352 1916 idonei
382 1888 530 1916 sumus
563 1872 752 1930 cogitare
777 1871 941 1932 aliquid
965 1872 1087 1931 quasi
1110 1886 1161 1915 ex
1188 1871 1428 1917 nobismet-

35 1959 56 1984 »
81 1941 199 2000 ipsis,
217 1942 292 1986 sed
316 1943 575 1987 sufficientia
596 1952 742 1987 nostra
764 1958 814 1986 ex
830 1945 917 1986 Deo
941 1944 1078 1986 est3.»
1096 1944 1188 1986 Hoc
1211 1942 1244 1985 si
1267 1939 1429 1984 intelli—

33 2014 165 2070 gatis,
189 2028 279 2058 non
301 2013 418 2058 aliud
441 2012 689 2071 intelligetis
707 2029 795 2058 esse
818 2014 1049 2058 arbitrium
1071 2011 1349 2057 laudabiliter
1372 2010 1424 2054 li·

32 2083 189 2128 berum
207 2119 217 2138 ,
237 2084 318 2128 nisi
335 2084 457 2143 quod
475 2082 607 2128 fuerit
624 2085 699 2129 Dei
721 2085 857 2142 gratia
877 2085 1127 2128 liberatum.

94 2156 271 2198 LXXX.
298 2157 524 2199 Jchm-us.
550 2175 568 2196 «
592 2155 661 2199 Sic
679 2165 720 2199 et
738 2172 842 2200 cum
859 2171 881 2199 e
899 2156 1068 2200 diverso
1085 2165 1288 2203 statuens
1308 2170 1437 2217 prave

35 2239 158 2282 agere
179 2225 223 2269 in
241 2224 422 2270 aliorum
440 2226 657 2286 injuriam,
679 2226 746 2270 vel
768 2227 945 2287 iniquus
970 2228 1066 2288 quis
1089 2226 1248 2285 fuerit,
1266 2229 1331 2273 vel
1347 2244 1440 2272 cru-

36 2293 165 2353 delis,
187 2296 379 2355 operatio
400 2312 484 2356 qua
508 2306 634 2340 nocet
657 2297 764 2351 aliis,
792 2314 816 2340 a
839 2299 1034 2358 nequitia
1053 2297 1180 2346 foras
1204 2298 1441 2360 proficisci-

37 2375 108 2411 tur
127 2402 138 2422 ,
162 2383 293 2427 quam
310 2368 428 2413 intus
452 2368 563 2412 mala
582 2368 783 2414 Voluntas
809 2372 1043 2415 seminavit
1064 2379 1105 2412 et
1138 2373 1286 2432 genuit
1309 2391 1316 2414 :
1343 2384 1441 2413 cum

37 2453 140 2482 vero
158 2438 277 2482 deest
298 2438 501 2493 facultas,
530 2455 752 2500 perquam
777 2441 821 2484 in
845 2442 1068 2500 proxumos
1097 2446 1159 2487 vis
1181 2450 1355 2486 secretae
1372 2455 1445 2483 vo-

39 2508 217 2553 luntatis
238 2520 458 2569 erumpat,
483 2511 527 2553 in
552 2511 641 2569 ipsa
666 2520 811 2555 tamen
834 2511 927 2556 sola
952 2511 1217 2568 voluntate,
1244 2528 1341 2572 quae
1366 2511 1452 2572 ali--

91 2599 97 2615 ¹
121 2595 210 2625 Rom.
232 2605 262 2634 x,
283 2594 312 2625 3.
341 2610 382 2615 —
399 2601 409 2616 ²
431 2595 762 2636 P1·0v.n,11,juxta
784 2597 878 2627 Lxx.
904 2613 949 2619 ——·
970 2595 981 2617 3
1002 2597 1104 2632 1001:
1125 2610 1171 2637 ιιι,
1187 2597 1218 2630 5.
