1821 3264
395 244 448 272 nn
478 239 768 270 CORREPTIONE
800 239 853 266 ET
883 233 1056 266 cuna.
1370 222 1424 259 35

42 330 118 375 per
139 313 256 359 illam
279 323 476 369 reparare
511 305 724 366 perditam
764 303 1009 348 libertatem
1030 335 1042 356 ‚
1067 313 1225 359 parum
1260 298 1314 341 sit
1343 297 1424 341 de-

41 386 176 446 nique
205 398 294 428 non
335 393 457 440 posse
498 376 589 421 sine
632 373 707 418 illa
745 372 815 417 vel
855 370 1193 431 apprehendere
1224 369 1388 412 bonum
1411 401 1426 421 ‚

42 456 116 501 vel
136 466 390 515 permanere
411 450 460 494 111
488 447 607 493 bono
634 445 669 489 si
691 443 798 490 velit
817 478 828 499 ‚
857 443 939 488 nisi
967 444 1096 487 etiam
1126 440 1340 485 efficiatur
1381 446 1435 482 ut

43 526 162 572 velit.

15 646 18 648 ,
99 596 286 641 xxxu.
308 595 432 637 Tunc
448 603 549 647 ergo
572 583 930 632 dederathomini
949 585 1063 627 Deus
1085 581 1249 624 bonam
1272 578 1428 622 volun-

42 676 175 713 tatem
195 701 206 722 ‚
231 665 278 709 in
307 664 384 707 illa
415 661 578 721 quippe
610 673 712 702 eum
740 655 902 701 fecerat
931 654 1008 714 qui
1038 651 1200 696 fecerat
1229 658 1427 693 rectum:

43 738 223 783 dederat
238 733 503 794 adjutorium
522 765 532 785 ,
553 730 643 774 sine
666 743 754 788 quo
776 728 820 770 in
843 742 892 770 ea
909 740 996 768 non
1017 731 1161 782 posset
1177 732 1432 780 permanere

43 809 74 854 si
97 807 228 852 vellet
248 827 260 863 3
280 814 330 848 ut
347 812 493 847 autem
517 799 673 853 vellet,
698 798 742 841 in
763 798 852 857 ejus
877 795 1015 839 libero
1039 792 1214 852 reliquit
1231 789 1428 835 arbitrio.

45 884 193 924 Posset
212 892 313 935 ergo
335 888 588 935 permanere
614 872 648 916 si
672 870 804 915 vellet
827 890 838 925 3
863 868 964 928 quia
988 882 1079 911 non
1098 865 1247 908 deerat
1265 862 1437 920 adjuto·

43 951 154 994 rium
175 964 248 1008 per
265 947 387 1007 quod
402 954 562 1005 posset,
577 953 620 987 et
642 943 733 986 sine
747 957 835 1000 quo
853 955 941 983 non
956 946 1098 997 posset
1112 940 1434 995 perseveranter

44 1020 212 1065 bonum
237 1028 381 1063 tenere
411 1015 533 1076 quod
556 1014 705 1059 vellet.
747 1012 831 1057 Sed
858 1011 961 1070 quia
991 1007 1132 1052 noluit
1161 1017 1433 1065 permanere,

46 1091 243 1151 proiecto
267 1092 358 1150 ejus
379 1088 509 1147 culpa
527 1096 589 1131 est
612 1121 622 1141 ,
647 1086 771 1144 cujus
788 1082 994 1127 meritum
1014 1078 1185 1130 suisset,
1210 1077 1244 1120 si
1265 1088 1440 1134 perma-

47 1179 151 1208 nere
161 1162 388 1207 voluisset:
404 1160 515 1204 sicut
535 1158 736 1202 fecerunt
749 1152 906 1212 Angeli
921 1150 1073 1203 sancti,
1090 1148 1166 1207 qui
1180 1145 1438 1200 cadentibus

49 1233 140 1278 aliis
166 1248 242 1292 per
268 1233 456 1276 liberum
479 1227 722 1279 arbi-trium,
745 1240 822 1283 per
843 1224 960 1267 idem
990 1221 1182 1264 liberum
1212 1216 1437 1261 arbitrium

49 1312 262 1348 steterunt
283 1302 389 1361 ipsi,
417 1309 460 1344 et
481 1300 609 1358 hujus
641 1294 954 1355 permansionis
976 1291 1168 1335 debitam
1191 1285 1441 1331 mercedem

50 1376 240 1432 recipere
266 1378 546 1422 meruerunt,
566 1375 731 1410 tantam
755 1363 918 1408 scilicet
938 1359 1219 1405 beatitudinis
1251 1356 1442 1414 plenitu-

51 1443 217 1499 dinem,
233 1458 320 1503 qua
338 1442 399 1485 eis
411 1439 699 1485 certissimum
722 1436 778 1479 sit
799 1447 967 1491 semper
990 1446 1034 1475 se
1055 1430 1100 1473 in
1117 1428 1192 1471 illa
1212 1440 1301 1473 esse
1324 1438 1442 1467 man-

52 1531 188 1561 suros.
225 1515 268 1560 Si
290 1522 435 1558 autem
462 1512 546 1555 hoc
580 1506 844 1568 adjutorium
876 1502 947 1547 vel
968 1499 1140 1559 Angelo
1157 1498 1226 1542 vel
1256 1493 1441 1548 homini,

52 1601 152 1632 cum
180 1585 371 1645 primum
405 1581 508 1625 facti
543 1588 644 1623 sunt
665 1613 676 1631 ,
707 1575 916 1620 defuisset
948 1593 959 1630 3
994 1569 1201 1631 quoniam
1221 1581 1312 1610 non
1342 1563 1478 1607 talis„

53 1666 210 1701 natura
231 1654 345 1700 facta
369 1661 460 1697 erat
476 1686 486 1705 ‚
509 1660 558 1694 ut
579 1650 670 1693 sine
694 1647 842 1691 divino
862 1643 1078 1704 adjutorio
1098 1647 1244 1700 posset
1269 1647 1444 1680 manere

55 1728 89 1771 si
120 1725 252 1771 vellet
272 1760 283 1779 ‚
307 1739 396 1768 non
428 1722 580 1781 utique
603 1734 680 1763 sua
701 1716 831 1775 culpa
855 1714 1110 1760 cecidissent
1134 1729 1144 1754 :
1177 1706 1444 1767 adjutorium

57 1798 221 1858 quippe
256 1795 463 1839 defuisset
485 1827 495 1845 ‚
521 1792 610 1834 sine
643 1804 731 1848 quo
763 1800 937 1830 manere
968 1799 1059 1828 non
1090 1788 1280 1841 possent.
1318 1780 1446 1822 Nunc

60 1877 205 1912 autem
222 1861 381 1925 quibus
393 1864 513 1907 deest
529 1859 614 1905 tale
631 1856 914 1917 adjutorium,
927 1856 1016 1913 jam
1033 1866 1163 1910 poena
1178 1847 1343 1908 peccati
1357 1854 1443 1890 est:

59 1938 221 1999 quibus
239 1945 385 1980 autem
401 1933 546 1986 datur,
563 1928 803 1975 secundum
823 1926 1003 1984 gratiam
1020 1923 1166 1974 datur,
1191 1935 1280 1964 non
1296 1932 1448 1962 secun-

61 2009 167 2054 dum
202 2006 401 2051 debitum
423 2021 435 2054 ;
458 2012 499 2047 et
533 2011 653 2046 tanto
676 1999 859 2058 amplius
882 1997 1011 2041 datur
1034 2010 1110 2054 per
1132 1996 1279 2037 Jesum
1306 1990 1450 2035 Chris-

62 2089 158 2124 tum
183 2077 415 2123 Dominum
439 2082 633 2118 nostrum
658 2105 669 2121 ‚
689 2070 849 2129 quibus
872 2067 916 2111 id
938 2066 1041 2109 dare
1065 2068 1154 2109 Deo
1182 2062 1345 2121 placuit
1365 2095 1375 2113 ‚
1402 2068 1451 2117 ut

63 2166 153 2196 non
168 2149 308 2194 solum
323 2146 433 2191 adsit
445 2145 536 2188 sine
550 2158 639 2202 quo
651 2154 904 2200 permanere
921 2153 1010 2181 non
1029 2149 1272 2195 possumus,
1287 2131 1452 2176 etiamsi

65 2221 248 2266 velimus
263 2254 274 2274 ‚
292 2216 580 2262 verumetiam
608 2222 780 2257 tantum
804 2226 851 2255 ac
880 2208 965 2253 tale
982 2208 1035 2252 sit
1051 2243 1062 2261 ,
1086 2215 1135 2250 111
1157 2203 1354 2249 velimus.
1381 2202 1452 2245 Fit

65 2293 228 2352 quippe
244 2291 290 2334 111
311 2288 438 2332 nobis
460 2301 536 2345 per
555 2286 667 2329 hanc
693 2282 767 2326 Dei
791 2280 971 2340 gratiam
994 2280 1040 2322 in
1064 2279 1181 2322 bono
1203 2271 1450 2330 recipiendo

67 2372 111 2406 et
131 2367 452 2422 perseveranter
470 2356 675 2408 tenendo,
688 2369 777 2398 11011
791 2352 933 2396 30111111
951 2364 1073 2409 posse
1090 2346 1211 2407 quod
1228 2344 1445 2392 volumus,

69 2432 353 2477 verumetiam
375 2428 485 2473 velle
516 2425 637 2487 quod
660 2438 900 2485 possumus.
923 2421 1050 2474 Quod
1079 2434 1167 2463 nou
1194 2417 1278 2460 fuit
1299 2416 1346 2457 in
1371 2415 1451 2455 110-

71 2504 185 2551 mine
200 2503 339 2562 primo
365 2520 375 2546 2
402 2514 542 2546 unum
561 2499 677 2543 enim
695 2498 853 2541 horum
871 2495 917 2538 in
936 2492 1013 2537 1110
1035 2492 1136 2543 fuit,
1159 2489 1347 2533 alterum
1367 2501 1450 2528 11011

25 2612 30 2617 ,
73 2573 170 2620 fuit.
185 2576 384 2633 Namque
399 2581 449 2617 ut
465 2570 674 2630 reciperet
696 2568 880 2621 honum,
901 2563 1035 2624 gratia
1053 2576 1139 2606 non
1165 2559 1334 2617 egebat,
1353 2554 1458 2616 «111111-

1209 2649 1246 2669 ι).
