1884 3285
1867 227 1869 245 i

444 289 527 328 372
885 298 917 322 s.
956 294 1185 322 AUGts'rlM
1219 292 1401 319 EPISCOPI

1864 316 1869 329 i

1841 0 1870 221 i

1844 253 1850 420 'i

445 363 568 407 tolica
589 362 648 405 sic
671 361 888 419 accipere,
915 358 1284 418 quemadmodum
1306 356 1462 414 accipit
1484 369 1536 399 ex
1554 369 1642 414 quo
1659 363 1722 398 est
1738 355 1827 399 ins·
1855 347 1884 403 iis*

442 433 572 476 tituta
605 429 819 475 catholica
857 428 1049 473 Ecclesia
1075 462 1086 483 ,
1131 438 1174 472 et
1215 425 1586 486 quemadmodum
1626 425 1712 468 suis
1739 432 1828 468 tam
1845 413 1884 475 ΓΞ(

441 502 678 562 perspicuis
703 501 825 545 malis
845 500 1082 544 confitetur
1104 499 1195 558 ipsa
1221 507 1390 541 natura.
1418 499 1475 540 Et
1498 505 1641 539 tamen
1667 494 1701 538 si
1718 490 1851 565 bene}

440 573 778 627 consideremus,
805 571 881 616 Dei
905 569 1029 614 nullo
1051 569 1182 614 modo
1208 568 1405 612 instituta
1424 567 1659 610 turbantur
1684 584 1693 610 :
1718 579 1828 624 quo·
1875 571 1884 603 ss

440 645 556 689 niam
575 645 778 704 praescius
809 642 1063 687 futurorum
1098 649 1252 685 cuncta
1275 637 1500 683 constituit
1533 656 1541 682 :
1578 652 1658 680 nec
1687 627 1852 692 totumj
1875 641 1884 670 1¹

437 714 558 775 quod
583 724 773 759 meretur
792 713 1026 773 apostatica
1048 721 1245 756 creatura
1259 747 1270 767 ,
1291 707 1471 768 singulis
1489 706 1659 764 reddit,
1686 705 1760 750 sed
1783 705 1830 750 in
1848 700 1853 759 ἢ
1874 713 1884 757 ll

438 801 659 839 mensura,
676 795 720 830 et
738 800 939 840 numero,
967 793 1011 828 et
1032 784 1225 843 pondere
1247 782 1481 841 disponens
1502 778 1664 833 omnia,
1689 777 1830 821 nemi·
1848 768 1853 834 ξ
1875 783 1884 812 ¹1

438 871 541 901 nem
561 856 662 900 sinit
677 854 781 899 mali
798 854 964 915 aliquid
981 854 1164 913 perpeti,
1191 851 1312 913 quod
1330 866 1419 896 non
1438 857 1658 906 meretur,
1681 861 1831 907 quam·
1849 839 1855 922 l
1875 854 1884 883 1²

437 928 502 972 vis
528 943 616 972 non
640 936 809 971 tantum
833 961 844 981 ,
865 934 1083 985 quantum
1104 939 1253 969 massae
1276 923 1463 967 debetur
1483 920 1717 974 universae,
1743 919 1830 963 sin-
1850 924 1855 980 ξ
1876 926 1884 954 m

440 998 566 1058 gulus
589 999 774 1057 quisque
796 997 1002 1057 patiatur.
1850 1000 1855 1048 ξ
1875 997 1884 1040 l

497 1071 786 1113 LXXXVIII.
809 1071 831 1112 J
839 1084 1037 1112 [munes.
1069 1083 1088 1106 «
1111 1067 1168 1109 Ut
1190 1065 1281 1108 sine
1298 1063 1415 1107 dono
1435 1062 1613 1115 diaboli,
1631 1061 1683 1105 ad
1707 1059 1828 1121 quod
1851 1059 1856 1114 ζ

439 1139 545 1184 dicis
584 1138 812 1182 libidinem
851 1150 1031 1181 sexuum
1075 1134 1292 1194 pertinere
1319 1168 1329 1188 ‚
1371 1133 1536 1191 nuptiae
1577 1146 1685 1191 quas
1718 1134 1831 1175 Deus
1852 1127 1855 1182 ἕ

438 1218 659 1254 creaverat
681 1244 693 1263 ,
717 1223 806 1252 esse
829 1223 919 1252 non
942 1214 1118 1266 possent
1142 1205 1260 1263 ,imo
1281 1203 1364 1248 illis
1387 1219 1493 1263 quas
1522 1202 1798 1247 ordinaverat
1816 1236 1828 1258 ‚
1852 1208 1856 1247 Ι
1878 1213 1882 1233 ’

439 1278 722 1324 institutionis
755 1293 846 1322 suae
884 1278 1052 1322 honore
1074 1274 1350 1319 avolantibus
1371 1309 1381 1329 ,
1407 1275 1483 1317 has
1509 1287 1696 1333 quarum
1723 1271 1832 1318 ordo
1852 1266 1883 1328 ἱ·

438 1350 695 1408 permansit,
719 1365 819 1393 cum
840 1348 1032 1392 motione
1056 1345 1309 1405 genitalium
1328 1380 1338 1400 ‚
1360 1361 1459 1389 cum
1478 1344 1647 1404 pudore
1665 1347 1831 1388 coe'un-
1853 1337 1857 1406 ἱ

438 1421 564 1476 tium,
592 1436 693 1465 cum
725 1419 869 1465 calore
906 1429 949 1463 et
981 1418 1334 1463 consternatione
1374 1416 1700 1471 membrorum,
1730 1409 1855 1460 cum⁴

436 1492 709 1552 jucunditate
724 1506 947 1545 sensuum,
965 1505 1067 1534 cum
1090 1488 1319 1548 iniquitate
1343 1487 1630 1542 nascentium,
1648 1485 1829 1541 diaboli,

439 1579 529 1608 non
551 1563 644 1617 Dei,
664 1577 773 1622 opus
796 1577 884 1606 esse
907 1571 1081 1620 cogeret
1105 1569 1236 1619 atque
1258 1559 1536 1603 convinceret
1552 1575 1589 1603 ι»
1854 1530 1858 1589 Ι

498 1637 789 1678 Αυουετωυε.
828 1633 870 1677 Si
900 1631 1066 1676 malum
1110 1630 1314 1675 vitiorum
1331 1665 1344 1686 ,
1380 1629 1500 1689 quod
1518 1629 1598 1672 nisi
1620 1628 1664 1672 in
1683 1627 1831 1687 aliquo
1854 1592 1859 1684 1

438 1706 556 1749 bono
577 1720 667 1748 esse
703 1720 794 1748 non
818 1711 960 1763 potest
982 1738 991 1756 ,
1019 1718 1040 1746 a
1062 1711 1315 1746 naturarum
1348 1701 1542 1745 bonitate
1575 1699 1793 1744 discernas
1816 1733 1827 1755 ,
1855 1689 1859 1766 l
1880 1704 1884 1749 J

440 1790 521 1819 nec
554 1774 778 1819 excusabis
815 1772 1039 1817 diabolum
1058 1807 1071 1827 ,
1096 1787 1177 1816 nec
1205 1771 1424 1816 accusabis
1446 1774 1583 1815 Deum
1616 1789 1625 1814 z
1651 1785 1731 1814 nec
1752 1785 1829 1814 ex-

499 1918 743 1961 LXXXIX.
778 1918 1004 1959 Jumes.
1035 1934 1056 1956 «
1088 1918 1230 1974 Ipsam
1257 1922 1477 1974 postremo
1505 1913 1670 1956 arbitrii
1696 1913 1830 1956 liber·
1857 1906 1884 1977 ¹l

437 1997 571 2033 tatem
608 1987 738 2030 unius
770 1987 935 2046 peccati
978 1985 1240 2044 impulsione
1286 1985 1513 2029 subrueret
1559 2005 1570 2041 3
1609 1993 1658 2027 ut
1699 1997 1829 2027 nemo
1856 1980 1884 2047 ll

437 2058 642 2118 deinceps
659 2058 703 2101 in
719 2066 936 2117 potestate
952 2056 1134 2100 haberet
1155 2065 1299 2100 vetera
1322 2055 1500 2099 crimina
1524 2054 1695 2098 virtutis
1718 2054 1828 2098 elec·
1856 2051 1861 2099 Ι
1880 2056 1884 2092 ¹

437 2129 556 2173 tione
573 2143 796 2187 respuere,
820 2128 894 2172 sed
914 2143 1002 2171 uno
1017 2142 1165 2172 omnes
1183 2127 1227 2170 in
1246 2126 1653 2171 condemnationem
1670 2139 1828 2170 eversae
1856 2106 1862 2179 Ι
1880 2121 1884 2162 l

436 2200 722 2245 humanitatis
737 2209 930 2244 torrente
949 2207 1219 2258 raperentur.
1248 2216 1268 2241 »
1856 2180 1862 2266 ff
1881 2205 1884 2232 Ι

497 2273 786 2315 Anouanns.
822 2272 913 2315 Cur
940 2286 1030 2315 non
1058 2271 1200 2328 potius
1225 2270 1389 2314 miraris
1405 2304 1417 2325 ‚
1442 2270 1633 2314 universi
1659 2270 1826 2328 generis
1857 2269 1884 2330 l*

434 2341 616 2385 humani
648 2341 703 2385 ab
724 2340 900 2384 exordio
923 2340 1159 2385 nativitatis
1181 2349 1345 2384 tantam
1366 2340 1597 2393 miseriam,
1629 2348 1675 2384 ut
1696 2354 1826 2384 nemo
1858 2326 1863 2366 l

432 2412 586 2456 beatus
617 2413 698 2456 nisi
725 2427 777 2456 ex
797 2412 953 2456 misero
982 2412 1057 2455 fiat
1081 2446 1091 2466 ,
1128 2426 1272 2471 neque
1308 2412 1387 2454 nisi
1418 2420 1516 2469 post
1548 2412 1662 2455 hanc
1691 2411 1826 2455 vitam
1857 2367 1863 2463 i

431 2482 555 2527 malis
593 2484 799 2527 omnibus
821 2492 965 2527 careat
985 2518 995 2538 ,
1021 2482 1091 2526 cui
1122 2498 1196 2540 per
1219 2482 1292 2526 Dei
1317 2483 1494 2540 gratiam
1524 2491 1754 2540 praestatur
1776 2490 1825 2526 ut
1858 2466 1863 2578 i

432 2555 603 2597 careat}>
618 2556 711 2597 Hoc
727 2553 942 2607 mirando,
960 2562 1003 2597 te
1020 2553 1208 2611 corriges
1232 2573 1243 2610 3
1263 2560 1305 2595 et
1317 2553 1482 2612 justum
1504 2553 1578 2597 Dei
1588 2553 1820 2613 judicium,
1858 2580 1863 2610 ῃ

430 2625 658 2684 (quoniam
674 2640 751 2683 per
770 2640 910 2669 unum
938 2624 1159 2670 hominem
1180 2632 1408 2683 peccatum
1429 2624 1606 2669 intravit
1629 2625 1673 2668 in
1695 2638 1820 2668 muno
1859 2615 1863 2646 ¹
