1821 3264
277 235 420 263 OPERIS
453 236 628 264 IMPERF·
663 236 825 264 CONTRA
859 238 1025 265 JULIAN.
1063 239 1144 266 LlB.
1184 240 1232 266 11.
1364 227 1446 267 375

69 316 169 349 cum
186 308 325 346 morte
339 300 384 344 in
400 315 548 344 omnes
567 301 764 344 homines
779 303 1023 360 pertransiit
1046 322 1053 347 :
1074 302 1252 363 quando
1269 303 1448 364 quidem

68 370 189 417 malis
217 371 346 430 hujus
372 368 542 424 saeculi,
578 385 677 414 cum
713 371 871 429 quibus
901 373 1096 417 homines
1119 375 1342 430 oriuntur,
1369 391 1449 420 nee

68 441 272 502 baptizati
290 475 301 496 ‚
321 442 411 500 jam
428 450 550 485 reatu
573 440 716 485 ablato
734 476 743 496 ‚
770 443 971 487 omnibus
992 453 1205 488 eruuntur
1222 479 1232 499 ,
1254 446 1334 489 nisi
1355 456 1451 505 post

66 515 178 559 hanc
205 512 364 568 vitam3
393 512 438 555 in
461 528 548 572 qua
576 527 655 556 nos
679 522 874 571 oportet,
899 514 1026 558 etiam
1049 515 1265 574 promissis
1297 516 1420 561 honis
1436 551 1448 574 ,

3 586 31 645 ι]
68 584 254 631 exerceri
275 583 419 628 adhuc
441 583 578 628 malis,
610 586 718 629 Nam
742 585 775 628 si
799 600 960 629 merces
982 585 1084 630 fidei
1111 587 1319 632 continuo
1348 588 1450 632 red-

0 659 18 705 a}
67 655 263 709 deretur,
280 655 371 714 jam
391 669 471 698 nec
495 652 602 698 fides
625 654 714 713 ipsa
735 664 844 699 esset
862 675 872 713 3
893 671 992 715 quae
1014 654 1126 700 mala
1144 658 1369 716 praesentia
1387 659 1451 702 vi-

0 728 14 770 ιί
67 726 198 781 dens,
229 723 329 769 ideo
351 723 421 783 pie
450 723 628 779 tolerat,
654 725 755 784 quia
778 725 896 770 bona
926 728 1132 785 promissa
1161 742 1249 771 non
1272 726 1452 784 videns,

0 799 19 840 ἱ]
66 795 254 841 fideliter
276 804 320 840 et
340 795 556 854 patienter
573 803 786 853 expectat.

122 867 257 911 XCV.
290 868 518 910 Jumfflus.
560 883 577 906 ι(
607 865 674 910 Sic
694 865 762 923 egi
783 865 992 910 hactenus
1009 900 1020 921 ‚
1045 868 1168 926 quasi
1195 868 1282 911 vim
1312 868 1454 914 dono-

0 951 14 985 ¹·
65 952 162 983 rum
184 946 228 981 et
248 936 504 991 vulnerum,
530 936 575 980 in
597 935 823 981 contrariis
843 935 946 980 licet
967 937 1216 992 effectibus,
1241 938 1454 997 aequalem

0 1023 15 1064 μμ
64 1018 211 1053 tamen
237 1008 470 1068 Apostolus
491 1008 741 1052 aestimasset
768 1027 776 1052 ;
801 1008 953 1052 crescit
975 1017 1118 1052 autern
1144 1008 1280 1053 dubio
1300 1011 1454 1069 procul

0 1023 23 1132 *i
63 1078 305 1123 sublimitas
337 1094 452 1123 sanae
476 1079 609 1133 fidei,
636 1094 767 1138 quam
800 1088 997 1137 tuemur3
1031 1095 1131 1123 cum
1155 1079 1454 1124 consideratur

0 1139 21 1204 j}
63 1148 223 1193 Paulus
238 1184 248 1204 ‚
269 1164 359 1193 non
375 1148 516 1193 solum
531 1149 730 1193 remediis
749 1149 897 1207 gratiae
919 1149 1221 1206 aegritudinem
1237 1165 1326 1194 non
1345 1164 1452 1208 prae-

6 1207 20 1280 Ι
62 1219 209 1265 tulisse
230 1219 460 1279 culparum
478 1255 489 1275 ,
518 1235 671 1265 verum
693 1220 820 1264 etiam
844 1220 1082 1279 copiosiora
1102 1220 1310 1265 beneficia
1329 1219 1451 1280 judi-

0 1308 11 1334 v„
63 1305 181 1336 casse
201 1290 451 1350 dispendiis.
481 1309 501 1332 »

122 1364 413 1407 Anenswmus.
445 1363 610 1406 Verum
639 1370 703 1405 est
733 1380 742 1405 2
772 1360 1026 1420 temporalia
1055 1361 1217 1421 quippe
1240 1370 1341 1405 sunt
1364 1360 1453 1404 dis-

56 1432 215 1492 pendia
243 1442 625 1492 regeneratorum3
657 1432 868 1476 beneficia
898 1448 1002 1476 vero
1030 1442 1158 1476 erunt
1192 1433 1282 1476 sine
1306 1432 1444 1476 dubio

0 1517 9 1547 3
59 1505 320 1563 sempiterna
341 1523 349 1549 :
373 1504 448 1548 sed
470 1502 721 1562 dispendia,
747 1519 846 1562 quae
870 1512 1093 1547 nascentes
1116 1504 1264 1547 flendo
1287 1512 1448 1547 testan-

0 1583 7 1619 Ι
60 1584 153 1629 tur,
176 1575 305 1619 dicite
323 1591 412 1635 quo
433 1575 588 1619 merito
609 1574 689 1617 sub
705 1574 942 1633 justissimo
968 1583 1011 1618 et
1028 1573 1451 1633 omnipotentissimo

0 1646 6 1691 ἰ
58 1645 212 1690 Judice
233 1647 291 1690 eis
306 1681 316 1700 ,
339 1646 372 1689 si
392 1645 564 1689 nullum
587 1654 812 1704 peccatum
838 1645 1087 1697 attrahunt,
1113 1645 1375 1703 irrogentur.

3 1718 5 1728 ’
117 1719 276 1762 XCVI.
303 1720 530 1761 Jmamrs.
562 1736 582 1758 «
603 1716 721 1769 Quid
737 1730 838 1773 ergo
855 1715 984 1759 etiam
1004 1716 1096 1759 haec
1114 1715 1349 1774 disputatio
1361 1714 1448 1760 col-

57 1787 230 1846 legerit,
249 1787 442 1846 prudens
466 1786 602 1830 lector
624 1784 835 1830 attendat.
858 1785 1092 1844 Apostolus
1110 1785 1216 1829 dixit
1238 1784 1283 1828 in
1303 1783 1447 1844 plures

0 1849 3 1915 j
57 1858 299 1903 abundasse
327 1858 609 1903 donationem
643 1857 802 1902 Christi
839 1858 894 1901 ad
925 1856 1138 1911 salutem,
1172 1871 1305 1916 quam
1339 1854 1446 1899 Adae

56 1928 182 1989 culpa
204 1929 434 1974 nocuisset.
465 1948 485 1971 »

0 1998 1 2001 ¹
115 2003 408 2047 Anausmus.
438 2021 459 2044 «
478 2003 575 2047 Non
598 2001 681 2044 hoe
703 1997 811 2042 dixit
831 2017 839 2043 :
865 1999 957 2054 sed,
981 1998 1120 2043 multo
1142 1999 1276 2056 magis
1299 1999 1441 2042 abun-

56 2072 175 2117 davit
197 2073 331 2131 gratia
357 2073 404 2116 in
432 2072 618 2116 multos1
639 2092 650 2128 ς
677 2071 762 2115 hoe
783 2079 847 2114 est
865 2105 875 2125 ‚
901 2071 1038 2129 magis
1060 2071 1327 2125 abundavit,
1353 2085 1443 2114 non

55 2143 100 2187 in
126 2144 263 2202 magis
297 2142 482 2198 multOS,
519 2143 565 2187 id
599 2150 683 2196 est,
719 2156 810 2186 non
841 2141 887 2185 in
910 2140 1053 2200 plures
1070 2177 1081 2197 ‚
1106 2142 1217 2186 sicut
1239 2142 1329 2201 jam
1352 2156 1442 2185 res·

54 2229 239 2273 ponsuin
263 2223 342 2259 est.

112 2287 290 2330 XCVII.
324 2287 551 2329 Joert‘s.
587 2303 608 2326 «
639 2286 734 2337 Qua
764 2282 892 2342 culpa
923 2292 972 2327 tu
1001 2283 1095 2328 illas
1128 2283 1300 2338 clades,
1334 2299 1441 2343 quas

53 2371 183 2415 supra
213 2356 592 2410 enumeravimus,
617 2355 720 2400 dicis
747 2354 948 2399 accidisse
974 2364 1167 2410 naturae,
1203 2370 1254 2398 ex
1281 2354 1440 2414 quibus

0 2431 1 2434 ’
54 2442 135 2473 nec
165 2441 296 2471 unam
317 2426 364 2470 in
385 2426 450 2470 his
472 2426 549 2486 qui
578 2424 633 2470 ad
661 2425 824 2471 Christi
852 2427 1112 2485 perveniunt
1143 2434 1435 2481 sacramenta,

54 2507 224 2545 constat
250 2498 418 2555 sanari3
442 2513 491 2544 ac
512 2513 588 2558 per
615 2499 699 2545 hoe
722 2497 861 2543 multo
884 2497 980 2556 plus
1014 2498 1287 2557 iniquitatem
1310 2497 1438 2556 primi
1473 2548 1481 2554 ,

101 2590 111 2607 ¹
131 2586 222 2616 Rom.
245 2594 280 2625 v,
303 2584 353 2615 15.

0 325 19 347 ‚1

8 390 15 418 ί

0 473 1 477 ’
6 459 12 488 i

2 531 11 547 Ρ

0 546 18 558 -ιι

21 867 25 884 Ι
