1821 3264
604 268 938 299 ,annom-niumm.
1373 265 1455 304 497

81 330 256 387 giarium
285 337 327 373 et
361 330 618 375 Goelestium
651 333 814 390 primus
851 337 1098 380 nominatur
1126 338 1236 382 inter
1272 339 1459 398 insignes

84 398 178 443 illos
200 397 467 457 Pelagianos,
486 415 672 460 quorum
696 402 915 450 damnatio
936 421 1050 451 anno
1068 411 1166 451 431.
1183 408 1224 452 in
1245 411 1460 468 Ephesina

81 468 250 526 synodo
266 468 378 513 lecta
400 479 464 514 est
482 504 492 525 ,
513 478 556 514 et
572 471 840 518 confirmata.

142 538 271 583 Haud
303 538 442 583 multo
466 548 563 598 post
592 540 673 583 sub
695 542 949 600 pontificatu
973 545 1076 589 Sixti
1097 548 1175 589 III.
1210 556 1252 590 et
1269 562 1404 602 anno,
1430 550 1464 592 si

83 610 280 667 Prosperi
296 609 515 655 Chronico
544 608 754 654 debeatur
785 611 891 656 fides
917 647 927 667 ,
970 618 1067 657 439.
1102 616 1305 659 Ecclesiae
1342 618 1464 661 variis

84 678 248 722 artibus
260 679 500 737 imponere,
520 688 651 739 atque
665 680 710 724 in
728 682 820 740 ejus
834 683 1184 727 communionem
1199 684 1303 728 falsa
1327 687 1466 743 specie

80 749 394 794 emendationis
415 750 603 809 irrepere
626 760 689 795 est
717 750 893 796 molitus
908 787 918 807 ‚
938 762 988 797 ut
1013 754 1298 814 episcopalem
1323 755 1467 813 digni-

82 827 214 863 tatem
232 854 243 874 ,
268 835 401 879 quam
431 835 475 864 se
506 819 661 864 tandiu
683 830 863 866 exutum
886 822 1061 867 dolebat
1085 859 1096 879 ,
1132 825 1355 883 reciperet.
1385 826 1467 870 Sed

81 891 303 933 Romanus
326 889 543 948 pontifex,
569 891 724 934 Leonis
753 892 922 935 diaconi
943 893 1074 948 (illius
1096 894 1213 938 haud
1235 894 1368 938 dubie
1389 900 1467 954 qui

81 957 222 1002 eidem
258 959 303 1002 in
346 958 580 1016 apostolica
615 958 716 1003 sede
749 962 949 1004 successit
967 964 982 1017 )
1009 963 1187 1006 hortatu
1221 964 1467 1017 roboratus,

84 1028 305 1086 vigilantia
326 1043 402 1072 sua
424 1017 546 1072 istius
569 1027 743 1072 fraudes
774 1030 955 1084 retexit,
984 1030 1043 1074 eis
1063 1031 1231 1075 fortiter
1253 1034 1440 1076 occurrit
1458 1067 1468 1086 ,

81 1098 257 1143 nefariis
275 1102 367 1159 ejus
389 1098 578 1143 consiliis
610 1098 752 1142 aditus
770 1115 921 1143 omnes
943 1100 1208 1156 interclusit,
1228 1104 1473 1162 rejectaquc

78 1168 261 1228 fallaci
285 1167 436 1213 bestia
466 1170 689 1212 universos
718 1169 942 1213 catholicae
969 1171 1287 1215 communionis
1314 1172 1474 1216 exhila-

83 1240 208 1284 ravit.
242 1240 442 1284 Affirmat
479 1239 773 1295 Hieronymus
810 1239 1035 1296 Vignerius
1056 1274 1065 1293 ‚
1100 1240 1180 1283 sibi
1220 1251 1474 1299 argumenta

80 1324 185 1366 esse,
199 1311 360 1370 quibus
381 1309 692 1369 persuadeatur
707 1312 730 1353 J
735 1308 929 1352 ulianum
945 1325 995 1353 ex
1019 1309 1142 1353 ltalia
1163 1326 1309 1354 rursus
1322 1311 1473 1369 fugere

82 1395 106 1424 a
126 1380 244 1425 Sixto
262 1395 375 1439 papa
389 1387 607 1433 coactum,
625 1378 670 1421 in
684 1378 962 1422 Lerinensem
984 1378 1171 1423 insulam
1192 1381 1370 1435 venisse,
1396 1382 1470 1424 ubi

81 1464 182 1493 cum
205 1465 281 1508 per
310 1448 479 1507 aliquot
499 1462 669 1491 menses
693 1457 950 1502 moraretur,
976 1463 999 1492 a
1018 1451 1200 1503 Fausto,
1232 1450 1467 1508 Regiorum

83 1528 231 1578 postea
252 1519 478 1578 episcopo,
499 1526 705 1577 exceptus
726 1517 869 1561 eidem
886 1517 1058 1561 haeresis
1080 1533 1168 1562 suae
1190 1519 1305 1562 virus
1320 1521 1466 1578 propi-

82 1590 203 1634 navit
231 1587 405 1646 :qaod,
429 1588 488 1632 ait
516 1587 762 1645 Vignerius,
789 1602 873 1631 sao
899 1585 1002 1630 loco
1024 1585 1250 1642 dicemus,
1275 1590 1318 1631 si
1336 1588 1465 1632 Deus

84 1661 256 1704 vireset
273 1673 428 1703 annos
449 1657 711 1720 suffecerit,
737 1655 878 1714 idque
904 1656 1088 1700 eoeterz‘s
1102 1656 1469 1714 probationibus

86 1740 187 1774 tam
207 1745 270 1774 esc
285 1727 562 1790 Fulgentio,
583 1743 731 1785 qaam
752 1742 814 1770 ese
827 1724 952 1779 aliis,
970 1724 1208 1784 pluraque
1220 1726 1273 1769 id
1279 1729 1469 1787 generis

86 1816 192 1858 quae
221 1798 394 1844 multos
416 1797 592 1853 latent,
618 1812 900 1842 asseremus.
926 1795 994 1839 Ad
1017 1796 1110 1840 haec
1124 1797 1316 1854 Vignerii
1338 1798 1468 1841 verba

87 1875 272 1917 Joannes
295 1870 528 1916 Garnerius
545 1888 554 1914 z
571 1867 813 1929 Intellz'gz't
828 1876 1005 1921 autem,
1028 1867 1193 1923 inquit,
1220 1883 1293 1910 vn·
1314 1867 1470 1911 eradi-

91 1952 163 1987 tus
185 1944 376 1987 nomine
393 1939 657 2002 Fulgentic',
674 1936 818 1982 libros
841 1952 958 1994 quos
980 1944 1174 1980 sanctas
1192 1935 1271 1980 ille
1291 1938 1470 1995 episco-

83 2029 174 2072 pas
216 2011 446 2057 adversas
483 2010 724 2054 Faustam
761 2008 950 2065 scripsit
969 2040 979 2060 ,
1019 2022 1227 2063 quosque
1254 2005 1390 2065 apacl„
1421 2022 1471 2049 se

88 2082 259 2129 habuit
293 2082 341 2127 in
369 2081 696 2138 manuscripto
735 2077 896 2122 codice
930 2076 1044 2120 idem
1079 2076 1307 2135 Vignerius
1328 2111 1338 2131 ‚
1367 2092 1473 2120 cam

86 2155 275 2199 viveret.

149 2225 266 2270 Sixto
283 2223 372 2268 vita
395 2222 548 2266 functo
563 2219 690 2264 illum
712 2217 886 2262 rediisse
903 2217 948 2260 in
972 2216 1156 2271 Italiam,
1177 2215 1294 2259 unde
1316 2217 1471 2259 iterum

89 2312 113 2340 a
129 2299 275 2340 Leone
294 2309 403 2353 papa
427 2292 577 2352 pulsus
592 2290 739 2345 fuerit,
751 2290 852 2333 hinc
865 2288 966 2332 licet
979 2287 1205 2345 conjicere,
1221 2286 1338 2345 quod
1360 2288 1473 2345 ejus-

90 2367 188 2411 dem
222 2365 429 2425 temporis
450 2371 601 2407 auctor
621 2362 666 2405 in
689 2360 802 2404 libro
833 2360 887 2402 de
913 2356 1265 2417 promissionibus
1297 2366 1338 2400 ct
1363 2372 1475 2414 prae-

93 2437 361 2481 dictionibus
390 2435 464 2479 Dei
498 2441 609 2492 part.
644 2436 685 2474 4.
710 2446 749 2474 c.
788 2435 828 2472 6.
866 2426 1167 2486 Pelagianos
1196 2435 1239 2468 et
1267 2429 1478 2471 maxime

101 2507 139 2553 J
137 2507 354 2553 alianum
369 2523 389 2550 a
404 2507 534 2550 beato
552 2502 763 2548 Pontificc
780 2499 1005 2543 contritos
1018 2498 1147 2540 fuisse
1162 2495 1329 2555 prodat.
1350 2496 1482 2540 Addit

102 2580 319 2638 Vignerus
339 2579 458 2622 hunc
479 2575 621 2633 ipsum
644 2572 862 2616 infelicem
886 2568 1138 2613 hoereticum
1162 2599 1171 2620 ‚
1208 2575 1303 2625 post
1333 2565 1482 2625 longas

262 2660 413 2690 exuti.
1248 2638 1297 2674 :32
