1884 3285
446 263 500 300 96
875 271 905 298 s.
944 273 1171 300 At'cesrlm
1204 274 1380 301 EPISCOPI

1854 285 1860 322 l

447 356 466 377 »
491 336 776 380 remissionem
794 346 1065 394 peecatorum
1080 338 1319 383 seeundum
1337 337 1505 382 divitias
1529 339 1676 396 gratiae
1699 342 1805 399 ejus,
1855 328 1860 414 ς

447 424 467 447 »
492 422 590 466 quae
607 406 844 451 abundavit
870 408 914 451 in
937 424 1014 453 nos
1040 409 1086 452 in
1117 410 1234 453 omni
1256 408 1460 467 sapientia
1494 417 1536 451 et
1560 408 1808 467 prudentia,
1856 418 1861 486 g

446 495 466 518 »
493 487 542 521 ut
563 476 806 523 ostenderet
828 479 952 524 nobis
985 481 1234 538 mysterium
1257 480 1491 524 voluntatis
1513 496 1623 535 suae,
1658 495 1812 525 secun·
1856 489 1862 526 ἰ

446 565 467 589 »
494 547 599 592 dum
618 549 775 593 bonam
796 548 1062 594 voluntatem
1085 566 1203 595 suam
1220 586 1230 605 ,
1255 566 1385 609 quam
1409 551 1630 610 proposuit
1648 551 1692 595 in
1719 551 1809 606 illo,
1857 532 1867 624 l

448 638 467 660 »
494 620 538 663 in
560 620 876 679 dispensatione
894 622 1177 680 plenitudinis
1200 632 1443 681 temporum
1463 622 1700 666 instaurare
1721 638 1814 667 om·
1858 632 1864 672 ξ

448 709 467 731 »
492 691 563 734 nia
593 691 638 734 in
666 692 837 737 Christo
860 727 870 746 ‚
896 708 995 752 quae
1024 692 1069 736 in
1091 692 1208 738 coelis
1238 702 1339 737 sunt
1366 701 1407 736 et
1441 708 1539 752 quae
1559 693 1605 736 in
1628 694 1749 738 terris
1769 694 1816 738 in
1858 674 1874 739 l

447 778 466 802 »
493 762 585 820 ipso
610 781 619 807 2
645 762 689 806 in
726 778 814 823 quo
843 763 971 807 etiam
1001 772 1044 807 et
1074 773 1230 808 sortem
1257 765 1475 808 consecuti
1505 779 1673 819 sumus,
1705 779 1815 824 prae·
1859 757 1865 801 ²·

449 851 466 873 »
493 831 695 878 destinati
726 833 964 878 seeundum
987 835 1272 894 propositum,
1299 836 1373 895 qui
1399 835 1594 879 universa
1613 844 1815 895 operatur
1859 832 1866 859 ³

447 920 468 943 »
492 904 731 947 seeundum
750 903 977 949 consilium
995 904 1226 949 voluntatis
1248 921 1351 960 suae,
1368 915 1417 950 ut
1433 907 1562 950 simus
1582 906 1627 949 in
1642 905 1817 949 laudem
1860 927 1866 963 ς

449 991 467 1014 »
495 974 639 1031 gloriae
654 976 789 1034 ejus¹:
810 994 828 1016 »
844 975 955 1035 quis,
970 976 1164 1036 inquam,
1180 977 1273 1020 haee
1290 975 1435 1021 audiat
1454 976 1682 1036 diligenter
1696 976 1820 1021 etin·
1861 986 1867 1013 r

446 1043 717 1103 telligenter,
750 1054 793 1090 et
824 1045 979 1090 audeat
1013 1047 1066 1091 de
1100 1048 1180 1091 hae
1200 1083 1210 1101 ,
1242 1063 1371 1107 quam
1403 1047 1698 1102 defendimus,
1733 1057 1821 1091 tam
1861 1055 1873 1103 {-

445 1114 559 1159 clara
576 1117 755 1160 veritate
776 1116 977 1161 dubitare
997 1119 1014 1159 ἱ)
1035 1118 1179 1177 Elegit
1190 1121 1303 1162 Deus
1326 1119 1370 1161 in
1393 1119 1563 1163 Christo
1582 1128 1681 1162 ante
1702 1133 1822 1163 cons·
1861 1112 1867 1137 ¹

444 1185 693 1244 titutionem
716 1186 869 1230 mundi
890 1187 1082 1231 membra
1104 1189 1193 1246 ejus
1217 1208 1225 1232 ς
1251 1198 1293 1232 et
1315 1189 1534 1247 quomodo
1555 1187 1730 1247 eligeret
1751 1203 1822 1233 eos
1862 1190 1867 1270 ἱ

444 1257 519 1316 qui
550 1256 746 1300 nondum
774 1267 916 1311 erant,
943 1258 1022 1301 nisi
1050 1258 1395 1316 praedestinando
1418 1261 1436 1303 Ξ)
1458 1259 1598 1318 Elegit
1618 1275 1689 1304 eos
1712 1275 1823 1319 prae·
1863 1277 1874 1315 f*

445 1326 663 1370 destinans
699 1342 791 1372 nos.
825 1328 1048 1387 Numquid
1076 1328 1252 1387 eligeret
1281 1329 1437 1388 impios
1470 1339 1513 1373 et
1535 1330 1823 1374 immundos?
1863 1337 1869 1383 ί

444 1399 551 1442 Nam
573 1398 607 1442 si
631 1399 813 1457 quaestio
834 1408 1125 1458 proponatur,
1151 1409 1297 1444 utrum
1320 1401 1397 1445 hos
1427 1400 1577 1460 eligat,
1605 1417 1659 1444 an
1681 1402 1824 1460 potius
1863 1389 1884 1475 li

443 1476 613 1512 sanctos
650 1477 693 1512 et
726 1468 1059 1527 immaculatos3
1102 1469 1208 1530 quid
1241 1471 1396 1515 horum
1434 1472 1689 1531 respondeat
1729 1473 1823 1532 quis
1870 1478 1884 1534 ³¹.

446 1539 660 1598 requirat,
687 1555 735 1584 ac
755 1555 843 1584 non
867 1541 1012 1585 statim
1034 1540 1146 1585 ferat
1168 1557 1246 1601 pro
1267 1543 1423 1587 sanetis
1451 1543 1824 1603 immaculatisque
1870 1547 1884 1609 :1

446 1611 721 1654 sententiam.
1880 1619 1884 1643 ⁴

505 1683 708 1726 XXXVI.
739 1701 757 1722 «
785 1683 1040 1727 Praeseiebat
1062 1698 1186 1742 ergo,
1212 1683 1271 1727 ait
1296 1684 1570 1742 Pelagiauus,
1595 1685 1670 1744 qui
1688 1684 1825 1728 futuri

447 1762 587 1796 essent
614 1753 748 1796 saneti
783 1762 825 1796 et
854 1753 1119 1797 immaculati
1153 1769 1228 1812 per
1260 1754 1408 1798 liberae
1436 1755 1672 1799 voluntatis
1706 1755 1825 1798 arbi-

447 1824 580 1866 trium
602 1842 611 1867 :
630 1832 674 1866 et
696 1823 794 1867 ideo
819 1839 890 1867 eos
908 1834 1008 1868 ante
1030 1824 1183 1867 mundi
1205 1825 1556 1870 constitutionem
1579 1827 1624 1869 in
1646 1826 1733 1885 ipsa
1753 1842 1828 1869 sua

448 1893 730 1951 praescientia,
756 1909 842 1953 qua
864 1894 968 1938 tales
990 1892 1160 1939 futuros
1190 1910 1279 1939 esse
1301 1896 1538 1954 praescivit,
1565 1896 1707 1954 elegit.
1729 1895 1828 1940 Ele-

450 1965 512 2022 git
537 1980 638 2023 ergo
658 1999 669 2019 ,
696 1965 838 2024 inquit
858 2000 868 2019 ,
900 1974 1133 2024 antequam
1166 1975 1307 2010 essent
1326 2001 1336 2020 ,
1364 1966 1675 2024 praedestinans
1700 1967 1824 2021 filios,
1866 1983 1871 2009 ι

449 2050 558 2093 quos
583 2033 752 2079 futuros
774 2045 943 2080 sanctos
971 2035 1360 2095 immaculatosque
1395 2038 1607 2096 praescivit
1636 2054 1644 2078 :
1677 2038 1828 2097 utique
1867 2026 1872 2069 i

448 2106 539 2165 ipse
570 2122 659 2150 non
681 2106 782 2150 feeit
802 2141 812 2161 ,
846 2122 924 2151 nee
955 2123 998 2151 se
1032 2106 1250 2152 facturum
1271 2143 1281 2162 ,
1314 2108 1387 2151 sed
1416 2108 1510 2153 illos
1541 2109 1712 2153 futuros
1741 2124 1829 2152 esse
1867 2106 1872 2161 ί

451 2176 664 2235 praevidit.
693 2195 713 2218 »
739 2179 991 2221 Intueamur
1011 2193 1114 2236 ergo
1138 2178 1269 2221 verba
1291 2179 1512 2237 Apostoli,
1538 2189 1668 2239 atque
1682 2178 1829 2223 videa·
1867 2167 1884 2221 l

451 2262 548 2290 mus
566 2258 711 2291 utrum
730 2257 957 2307 propterea
979 2264 1055 2292 nos
1078 2248 1256 2307 elegerit
1273 2258 1373 2292 ante
1389 2249 1541 2293 mundi
1562 2250 1829 2294 constitutio·
1868 2259 1884 2304 ἢ

453 2333 569 2372 nem,
587 2318 687 2377 quia
705 2318 841 2362 saneti
863 2327 904 2362 et
923 2317 1187 2362 immaculati
1213 2317 1348 2361 futuri
1369 2334 1556 2374 eramus,
1577 2335 1632 2364 an
1646 2329 1696 2364 ut
1716 2335 1828 2364 esse·
1867 2305 1875 2389 ἑ

457 2404 565 2433 mus.
595 2409 614 2431 «
640 2388 897 2434 Benedictus
913 2424 924 2443 ‚
946 2390 1116 2450 inquit,
1149 2392 1261 2433 Deus
1288 2399 1330 2434 et
1358 2394 1480 2435 Pater
1504 2392 1674 2435 Domini
1696 2391 1831 2436 nostri
1868 2389 1884 2503 Γ

456 2462 557 2503 Jesu
588 2460 774 2515 Christi,
812 2461 887 2520 qui
923 2476 999 2505 nos
1033 2460 1251 2505 benedixit
1290 2462 1335 2505 in
1373 2463 1491 2505 omni
1528 2463 1830 2507 benedictione
1882 2477 1884 2481 ’

457 2530 635 2589 spiritali
657 2532 703 2575 in
719 2532 966 2576 coelestibus
983 2532 1029 2575 in
1050 2532 1221 2576 Christo
1242 2551 1251 2576 :
1282 2532 1393 2576 sieut
1412 2532 1541 2591 elegit
1567 2548 1644 2578 nos
1672 2535 1716 2577 in
1738 2534 1830 2593 ipso

509 2622 514 2638 ¹
536 2615 648 2658 Ephes.
670 2628 692 2658 1,
720 2616 738 2649 3
764 2620 798 2650 et
815 2628 902 2660 seqq.
