1821 3264
250 259 394 286 omnus
425 257 601 286 mmm.
635 251 797 283 CONTRA
827 249 995 281 summ.
1032 253 1114 279 Lm.
1150 252 1180 277 1.
1315 241 1395 277 221

83 328 372 370 Acavsrmus.
400 320 622 382 Numquid
644 335 722 364 nos
747 319 958 372 dicimus,
979 317 1070 361 sine
1096 314 1401 362 commixtione

25 396 214 455 corporis
236 394 407 453 nuptias
434 393 479 436 in
511 391 705 451 paradiso
733 404 822 432 esse
845 388 1033 447 potuisse
1053 422 1063 441 ,
1088 387 1120 430 si
1142 401 1271 430 nemo
1300 401 1401 444 pec-

24 475 158 512 casset
177 468 195 507 ‘3
219 465 303 509 Sed
335 479 423 508 non
445 463 507 507 ibi
524 470 632 506 esset
657 459 835 513 malum,
863 474 952 517 quo
971 473 1089 501 nunc
1109 457 1222 500 bene
1243 457 1398 512 utitur,

25 536 226 597 pudicitia
261 534 512 595 conjugalis.
545 532 661 577 Illud
693 539 839 575 autem
863 528 1025 573 malum
1051 538 1114 572 est
1147 545 1169 572 a
1201 528 1398 582 vulnere,

23 607 143 669 quod
164 606 377 650 diabolica
395 603 551 649 inflixit
573 601 742 646 astutia.
780 600 891 644 Hinc
918 614 988 642 rea
1020 607 1190 641 tenetur
1209 612 1399 656 propago

23 676 270 723 mortalium
293 694 302 720 :
328 675 431 719 hinc
457 683 520 718 est
551 672 626 733 qui
655 671 846 715 nascitur
869 669 951 712 sub
980 667 1174 727 principe
1197 676 1400 725 peccato-

19 748 162 794 donec
183 755 432 791 renascatur
459 746 502 789 in
525 744 696 789 Christo
717 777 727 797 ,
753 741 829 801 qui
852 738 1023 784 nullum
1043 738 1199 782 habuit
1225 736 1402 782 omnino

18 827 250 880 peccatum
283 839 294 876 3
325 834 348 861 a
381 832 469 877 quo
507 815 599 860 solo
634 811 856 858 vinculum
888 810 1069 856 solvitur
1095 809 1271 864 mortis,
1303 809 1404 868 quia

18 889 136 936 *solus
158 889 244 933 fuit
261 889 372 932 liber
390 889 434 931 in
458 886 638 931 mortuis
662 888 692 928 ¹.

27 998 34 1003 ,
80 962 242 1004 LXIII.
293 962 518 1002 Jnufflus.
571 975 591 998 «
632 955 742 999 Dicis
788 952 899 998 trahi
940 960 1107 994 naturae
1151 949 1403 994 conditione

23 1040 265 1092 peccatum,
291 1030 368 1090 qui
383 1030 446 1073 vis
469 1029 552 1072 hoc
575 1026 738 1070 malum
761 1041 784 1069 a
812 1022 1038 1068 voluntate
1060 1021 1185 1080 primi
1218 1018 1404 1063 hominis

23 1103 241 1148 accidisse.
268 1101 430 1145 Differo
453 1101 523 1144 hic
538 1097 876 1157 responsionem,
902 1109 986 1154 qua
1001 1091 1325 1137 convincendus
1343 1103 1402 1143 es,

17 1172 143 1235 quod
163 1174 253 1216 sine
270 1170 528 1216 verecundia
553 1168 789 1213 mentiaris.
818 1165 901 1210 Sed
934 1164 1054 1224 quod
1076 1163 1131 1206 ad
1148 1170 1402 1220 praesentem

16 1246 169 1290 «locum
202 1252 367 1302 spectat
386 1278 396 1296 ,
423 1242 608 1298 colligo,
636 1249 679 1283 et
699 1237 921 1297 sapientiae
955 1233 1228 1279 ratiocinanti
1257 1231 1402 1284 credo,

26 1314 145 1376 quod
196 1323 393 1358 naturam
441 1310 640 1355 videlicet
684 1306 943 1352 diabolicam
991 1305 1082 1348 sine
1123 1301 1406 1360 ambiguitate

17 1385 217 1432 definias.
255 1386 363 1429 Nam
405 1383 438 1425 si
475 1381 521 1424 in
563 1396 610 1424 ea
643 1378 713 1423 vel
748 1393 823 1437 per
846 1391 940 1420 earn
969 1385 1047 1428 est,
1080 1383 1257 1432 propter
1286 1368 1407 1430 quod

23 1457 154 1501 homo
178 1471 202 1499 a
229 1452 405 1498 diabolo
435 1450 679 1511 possidetur
703 1470 713 1505 3
754 1444 1082 1491 irrefutabiliter
1116 1441 1277 1496 diaboli
1311 1450 1404 1493 est,

24 1542 99 1588 per
131 1525 250 1587 quod
273 1525 350 1569 Dei
383 1523 616 1581 imaginem
649 1520 729 1565 sibi
756 1518 900 1578 potuit
934 1515 1169 1560 vindicare.
1201 1515 1295 1555 Imo
1327 1525 1407 1554 nec

25 1598 164 1655 imago
188 1597 262 1641 Dei
302 1604 386 1650 est,
423 1609 520 1654 quae
543 1608 619 1652 per
641 1599 841 1636 exortum
865 1601 994 1632 suum
1021 1586 1067 1629 in
1090 1597 1223 1642 regno
1244 1580 1409 1626 diaboli

26 1677 139 1714 est.»

84 1742 374 1783 AtecsTmts.
401 1736 573 1790 Credis,
599 1733 674 1779 sed
699 1731 894 1792 opinanti
917 1728 1137 1780 stultitiae,
1164 1740 1253 1769 non
1274 1724 1409 1767 ratio-

28 1810 188 1855 cinanti
206 1808 441 1868 sapientiae.
465 1807 564 1852 Sine
589 1802 886 1864 parvuloserui
907 1800 962 1844 de
985 1805 1197 1858 potestate
1216 1793 1411 1839 tenebra-

28 1895 145 1937 rum,
169 1889 220 1924 ut
251 1879 410 1924 Christi
442 1876 756 1922 transferantur
785 1874 831 1916 in
858 1885 1056 1930 regnum.
1084 1870 1192 1913 Nam
1226 1863 1411 1909 dicendo

29 1968 99 1997 eos
135 1951 291 1995 veteris
314 1949 459 1994 delicti
487 1963 577 1993 non
602 1947 763 1991 habere
795 1942 1065 1999 contagium,
1107 1947 1150 1982 et
1178 1937 1237 1982 sic
1267 1949 1411 1979 remo-

29 2023 171 2068 vendo
195 2038 218 2066 a
240 2020 532 2066 misericordia
556 2017 787 2064 Salvatoris
802 2050 812 2069 ‚
840 2013 916 2073 qui
944 2011 1109 2055 salvum
1142 2007 1246 2051 facit
1268 2005 1412 2065 popu-2

29 2092 119 2137 lum
137 2108 263 2136 suum
288 2108 311 2136 a
335 2090 519 2151 peccatis
537 2091 730 2141 eorqu,
756 2084 874 2129 unde
896 2090 1074 2126 vocatus
1090 2088 1154 2123 est
1177 2080 1324 2133 ,lesus3
1345 2075 1412 2118 ni-

29 2163 91 2207 hil
108 2162 304 2222 agis,nisi
319 2171 368 2205 ut
389 2161 450 2204 ira
465 2160 541 2204 Dei
556 2166 729 2203 maneat
740 2170 870 2214 super
892 2168 980 2206 eOS,
997 2149 1226 2210 dequibus
1241 2147 1413 2191 locutus

30 2243 92 2279 est
108 2235 193 2278 Job
215 2234 362 2277 dicens
379 2267 388 2287 ,
408 2251 428 2273 «
450 2234 591 2276 Homo
615 2238 743 2272 natus
761 2243 813 2270 ex
829 2223 1009 2269 muliere
1024 2257 1034 2276 ,
1060 2220 1201 2265 brevis
1223 2219 1345 2270 vitae,
1371 2224 1413 2259 ct

35 2322 56 2348 »
80 2305 332 2365 plenusirae‚
359 2313 400 2347 et
420 2305 532 2347 sicut
551 2302 630 2345 flos
649 2299 759 2344 foeni
773 2296 935 2341 decidit
955 2329 965 2348 ,
990 2292 1104 2351 fugit
1127 2299 1271 2334 autem
1303 2288 1414 2332 sicut

34 2392 55 2418 ³)
81 2376 252 2429 umbra,
277 2383 320 2418 et
342 2390 431 2418 non
448 2373 578 2416 stabit
600 2391 608 2415 :
634 2384 780 2414 nonne
798 2377 840 2411 et
862 2367 992 2425 hujus
1009 2377 1159 2407 curam
1182 2359 1346 2411 fecisti,
1372 2365 1414 2399 et

34 2463 55 2488 »
79 2446 196 2491 hunc
212 2444 350 2488 fecisti
371 2446 531 2487 intrare
547 2443 590 2486 in
609 2447 845 2498 conspectu
864 2438 908 2481 in
921 2433 1164 2496 judicium?
1179 2429 1284 2482 Quis
1298 2427 1414 2470 enim

36 2532 58 2559 ³>
83 2516 163 2561 erit
184 2516 374 2560 mundus
390 2532 412 2559 a
433 2512 662 2559 sordibus?
683 2526 738 2555 ne
756 2524 868 2554 unus
888 2506 1082 2567 quidem,
1103 2499 1269 2547 etiamsi
1286 2497 1414 2542 unius

82 2611 92 2627 ¹
112 2603 192 2636 Psal.
211 2612 347 2640 Lxxxvu,
368 2601 400 2633 6.
415 2618 452 2625 -
469 2606 482 2623 ²
502 2597 618 2632 Matth.
638 2610 662 2636 1,
683 2606 736 2630 21·
