1821 3264
418 259 470 284 m:
504 258 615 284 Dono
647 256 1014 285 PERSEVERANTtffl.
1326 245 1405 283 137

33 341 106 386 per
128 324 212 369 tale
236 324 495 368 beneficium
520 321 742 367 liberando
765 323 819 365 de
841 323 1063 381 profundo
1083 326 1210 384 hujus
1235 324 1405 373 mundi,

33 395 172 452 elegit,
199 403 241 437 et
259 393 580 452 praedestinavit
602 401 701 435 ante
722 393 1075 438 constitutionem
1098 395 1251 439 mundi
1274 396 1292 437 Ρ

88 465 292 507 XXXIV.
344 463 426 508 Sed
459 462 581 505 aiunt
624 480 642 502 «
682 460 1070 520 praedestinationis
1111 463 1407 509 definitionem

36 534 248 593 »utilitati
271 532 588 592 praedicationis
605 530 843 576 adversam.
869 550 888 573 »
913 533 1043 585 Quasi
1060 549 1162 577 vero
1190 536 1409 578 adversata

32 606 84 650 sit
99 603 308 663 Apostolo
330 603 598 662 praedicanti.
626 604 779 648 Nonne
792 603 865 646 ille
882 603 1035 647 doctor
1050 603 1245 661 gentium
1262 604 1307 647 in
1324 605 1411 647 fide

32 685 74 721 et
99 675 278 719 veritate
312 684 355 718 et
380 674 803 733 praedestinationem
831 674 956 718 toties
989 673 1336 727 commendavit,
1369 683 1412 718 et

31 746 210 791 verbum
234 745 310 789 Dei
332 745 565 804 praedicare
583 760 670 790 non
697 745 887 789 destitit?
912 744 1136 805 Numquid
1152 745 1254 804 quia
1276 744 1408 799 dixit,

35 834 54 857 «
80 818 194 859 Deus
222 823 285 858 est
309 816 386 875 qui
412 824 615 875 operatur
642 816 686 859 in
711 815 832 859 vobis
865 825 907 859 et
930 814 1041 859 velle
1068 824 1111 859 et
1140 816 1304 874 operari
1333 829 1412 873 pro

34 905 54 927 n
79 886 193 930 bona
215 885 462 930 voluntate¹
487 905 495 930 :
525 905 544 927 η
570 885 669 930 ideo
691 901 779 929 non
814 884 926 944 ipse,
958 894 1000 929 et
1027 894 1077 929 ut
1106 884 1286 929 velimus
1314 900 1412 944 quae

32 959 120 1000 Deo
153 955 378 1015 placeant,
414 965 457 1000 et
490 966 538 1000 ut
565 971 815 1016 operemur,
850 957 1048 1000 hortatus
1082 958 1174 1000 est?
1205 965 1279 1000 aut
1311 955 1413 1014 quia

30 1024 161 1079 dixit,
187 1044 203 1065 «
231 1026 316 1078 Qui
338 1026 382 1069 in
408 1026 530 1070 vobis
563 1027 726 1070 bonum
750 1041 859 1085 opus
881 1025 1014 1085 coepit
1032 1060 1042 1079 ,
1068 1026 1262 1084 perficiet
1276 1039 1414 1085 usque

33 1096 119 1138 »in
136 1095 252 1139 diem
275 1096 436 1140 Christi
458 1098 612 1154 Jesu²3
639 1115 658 1137 »
686 1096 784 1141 ideo
811 1105 862 1140 ut
886 1097 1128 1155 inciperent
1151 1097 1347 1140 homines
1372 1104 1413 1138 et

30 1176 354 1224 perseverarent
385 1182 523 1226 usque
556 1168 600 1209 in
632 1168 786 1221 finem,
820 1169 911 1226 ipse
942 1182 1029 1211 non
1064 1168 1222 1211 suasit?
1250 1169 1414 1224 Nempe

32 1236 121 1295 ipse
146 1238 353 1280 Dominus
369 1237 621 1281 hominibus
638 1238 843 1296 praecepit
862 1246 910 1281 ut
929 1237 1170 1292 crederent,
1190 1247 1320 1297 atque
1339 1238 1411 1288 ait,

36 1324 54 1347 «
78 1305 251 1350 Credite
273 1306 316 1348 in
345 1309 495 1360 Deum,
523 1315 565 1349 et
585 1307 629 1350 in
654 1322 723 1350 me
746 1307 934 1351 credite3
963 1326 971 1352 :
1001 1326 1020 1348 η
1049 1322 1127 1351 nec
1150 1316 1294 1351 tamen
1317 1307 1415 1349 ideo

33 1377 123 1434 ejus
140 1374 244 1418 falsa
263 1376 475 1418 sententia
494 1385 577 1430 est,
603 1391 683 1419 nec
702 1391 808 1419 vana
832 1376 1028 1420 definitio
1041 1377 1118 1419 ubi
1132 1377 1210 1430 ait,
1241 1395 1258 1417 «
1279 1378 1416 1420 Nemo

34 1446 194 1490 »venit
230 1446 285 1490 ad
313 1461 406 1500 me,
433 1445 478 1490 id
512 1456 600 1500 est,
640 1462 768 1490 nemo
803 1445 940 1490 credit
966 1448 1011 1489 in
1049 1462 1138 1500 me,
1177 1447 1255 1490 nisi
1285 1445 1416 1489 fuerit

35 1534 54 1557 n
81 1516 119 1559 ei
138 1515 285 1559 datum
304 1531 327 1559 a
344 1519 470 1560 Patre
490 1518 628 1561 meo4.
656 1535 675 1558 »
702 1520 788 1562 Nec
813 1532 975 1571 rursus,
995 1517 1097 1575 quia
1119 1532 1219 1560 vera
1242 1525 1305 1559 est
1323 1516 1417 1559 haec

33 1587 252 1641 definitio,
275 1587 373 1631 ideo
394 1602 504 1632 vana
525 1597 588 1632 est
604 1587 677 1632 illa
694 1589 944 1647 praeceptio.
973 1590 1062 1631 Cur
1085 1602 1186 1645 ergo
1208 1585 1417 1646 praedica-

34 1657 163 1711 tioni,
191 1659 491 1717 praeceptioni,
519 1659 826 1711 exhortationi,
853 1659 1136 1717 correptioni,
1156 1674 1255 1717 quae
1274 1658 1415 1702 omnia

34 1726 281 1786 frequentat
298 1729 516 1787 Scriptura
540 1728 701 1783 divina,
730 1730 1024 1772 existimamus
1046 1728 1243 1772 inutilem
1263 1728 1418 1770 defini-

34 1797 194 1841 tionem
211 1798 622 1856 praedestinationis,
649 1813 780 1857 quam
806 1798 1082 1842 commendat
1103 1798 1254 1842 eadem
1276 1797 1419 1855 Scrip-

36 1877 129 1911 tura
151 1867 312 1911 divina.

90 1940 271 1981 XXXV.
294 1941 361 1982 An
379 1940 609 1998 quisquam
633 1939 776 1983 dicere
795 1939 986 1993 audebit,
1014 1943 1150 1983 Deum
1174 1953 1261 1982 non
1288 1952 1419 1996 praes-

33 2009 139 2053 cisse
160 2010 321 2068 quibus
338 2019 446 2054 esset
472 2010 654 2054 daturus
679 2019 726 2054 ut
744 2009 986 2063 crederent,
1011 2018 1086 2052 aut
1112 2024 1220 2068 quos
1239 2010 1419 2052 daturus

34 2089 144 2123 esset
166 2079 277 2123 Filio
293 2095 372 2123 suo
388 2115 398 2134 ,
420 2090 467 2124 ut
483 2096 532 2124 ex
555 2083 612 2124 eis
630 2096 718 2124 non
743 2080 945 2139 perderet
967 2095 1231 2140 quemquam
1247 2081 1288 2123 ⁵?
1311 2082 1419 2132 Quae

36 2150 187 2209 utique
209 2151 241 2192 si
263 2151 491 2208 praescivit,
512 2150 709 2208 profecto
731 2151 936 2194 beneficia
954 2166 1051 2204 sua,
1070 2151 1227 2210 quibus
1243 2166 1318 2193 nos
1333 2150 1419 2206 dig-

36 2229 163 2263 natur
188 2220 396 2275 liberare,
425 2222 652 2279 praescivit.
682 2224 784 2265 Haec
809 2231 869 2265 est
893 2222 1220 2265 Praedestinatio
1248 2230 1419 2264 sancto·
1457 2253 1460 2258 -

35 2304 154 2343 rum,
181 2290 272 2333 nihi
287 2290 402 2334 aliud
431 2310 439 2335 :
466 2291 732 2350 praescientia
757 2290 920 2336 scilicet
942 2301 985 2335 et
1006 2292 1265 2350 praeparatio
1284 2292 1418 2334 bene—

37 2359 234 2403 ficiorum
268 2361 366 2415 Dei,
402 2361 561 2420 quibus
592 2361 826 2406 certissime
855 2361 1117 2416 liberantur,
1153 2362 1420 2420 quicumque

37 2428 292 2473 liberantur.
326 2431 481 2475 Caeteri
521 2439 666 2474 autem
693 2431 792 2485 ubi,
824 2432 902 2475 nisi
926 2432 968 2474 in
1004 2447 1135 2474 massa
1168 2430 1420 2489 perditionis

85 2537 94 2553 ¹
117 2530 231 2574 Philip.
249 2543 290 2572 ιι,
315 2532 363 2564 13.
383 2550 419 2556 —-
441 2540 453 2555 ²
473 2533 519 2565 ld.
542 2546 566 2574 i,
584 2533 616 2565 6.
637 2551 676 2556 —
692 2532 706 2556 3
724 2536 882 2574 Joan.1v,
922 2545 948 2565 1.
967 2532 1106 2565 —41d.
1139 2545 1180 2572 vu,
1208 2533 1317 2565 66.—
1334 2531 1417 2564 ⁵1d.
1441 2568 1447 2573 -

39 2596 127 2627 xvnt,
147 2598 181 2628 9.
