1821 3264
260 252 403 282 opinus
435 251 610 279 mulir.
645 248 810 277 comm
842 249 1011 277 sctum.
1048 249 1131 276 nn.
1167 248 1216 274 11.
1348 235 1433 276 359

57 337 79 364 ι(
105 319 226 368 Sicut
243 333 321 378 per
335 331 473 364 unum
495 314 716 359 hominem
740 322 965 372 peccatum
987 313 1033 356 in
1060 310 1276 358 mundum
1300 311 1437 356 intra-

57 409 78 435 »
102 391 179 444 vit,
200 398 244 434 et
259 404 336 449 per
352 395 575 447 peccatum
599 399 730 438 mors,
750 393 793 428 et
808 385 867 429 ita
893 384 939 428 in
961 398 1109 428 omnes
1127 382 1322 426 homines
1335 396 1437 440 per-

59 479 81 509 »
105 460 289 514 transiit,
306 459 353 502 in
374 472 463 518 quo
484 470 634 500 omnes
669 455 999 514 peccaverunt1.
1023 471 1043 494 »
1075 450 1278 497 Sublimis
1301 450 1440 496 infor-

57 541 197 580 mator
218 529 437 582 Ecclesiae,
454 525 562 588 quid
583 525 663 570 sibi
683 524 918 570 dicendum
941 531 1050 567 esset
1071 520 1299 581 expendit:
1323 540 1344 564 «
1362 524 1444 566 Per

59 623 80 646 »
107 617 261 656 unum,
285 601 442 661 inquit,
461 597 682 643 hominem
702 605 927 655 peceatum
945 594 1121 638 intravit
1138 594 1184 636 in
1206 591 1440 648 mundum,

59 692 81 717 n
106 683 150 721 et
180 688 258 732 per
287 679 516 731 peccatum
548 681 690 720 morS,
717 676 759 710 et
781 667 839 710 ita
868 666 912 709 in
935 679 1085 709 omnes
1116 661 1314 707 homines
1340 677 1443 721 per-

59 762 81 787 »
102 743 285 789 transiit.
315 761 335 784 u
366 743 464 785 Jam
481 738 780 784 nominaverat
794 744 979 780 mortem
998 769 1009 790 ,
1034 743 1165 793 atque
1194 740 1446 792 peccatum,

57 814 164 875 quid
196 813 279 858 fuit
318 825 513 866 necesse,
549 817 599 852 ut
626 809 671 852 in
703 823 754 851 eo
787 806 913 866 quod
947 804 1225 865 pertransisse
1255 801 1446 859 dicebat,

57 895 242 936 mortem
264 900 287 928 a
319 883 487 943 peccati
523 879 834 925 communione
871 884 1117 935 separaret,
1151 883 1201 918 ut
1232 874 1449 931 signanter

57 955 319 1010 ostenderet,
343 955 389 998 in
406 954 525 998 hunc
542 950 721 1012 quidem
737 948 954 993 mundum
973 959 1204 1006 perunum
1226 945 1451 988 hominem

57 1029 237 1073 intrasse
259 1034 507 1086 peccatum,
544 1032 587 1066 et
619 1036 696 1080 per
726 1027 953 1079 peceatum
990 1025 1200 1071 mortem,
1231 1014 1276 1057 in
1302 1027 1451 1058 omnes

63 1113 163 1145 vero
183 1098 382 1142 homines
405 1110 495 1139 non
517 1101 741 1151 peccatum
769 1089 990 1142 transisse,
1016 1086 1091 1131 sed
1123 1093 1308 1129 mortem
1324 1117 1335 1138 ,
1360 1084 1451 1127 uti-

0 1172 1 1180 ’
59 1185 145 1230 que
164 1168 318 1229 judieii
351 1166 514 1211 illatam
544 1163 796 1216 severitate,
824 1156 1187 1220 praevaricationis
1219 1153 1418 1199 ultricem
1437 1187 1449 1210 ,

0 1275 1 1290 ,
61 1256 152 1285 non
177 1253 410 1299 corporum
434 1236 620 1290 semina,
658 1234 734 1277 sed
767 1246 941 1276 morum
964 1230 1068 1273 vitia
1091 1233 1452 1286 persequentem3

61 1312 142 1356 nisi
161 1310 266 1370 quia
302 1307 610 1354 commendare
638 1314 680 1349 et
702 1303 964 1364 praemunire
1001 1298 1190 1353 curavit,
1215 1311 1271 1340 ne
1311 1304 1453 1340 vestro

65 1381 256 1440 dogmati
279 1377 517 1438 opitulatus
539 1374 703 1436 aliquid
721 1373 975 1434 putaretur?
1000 1389 1020 1411 »

122 1455 415 1497 Aueusmmns.
441 1452 493 1493 In
518 1463 570 1491 eo
595 1445 775 1506 quidem
799 1443 913 1497 loeo,
936 1441 1014 1486 ubi
1036 1438 1202 1483 dietum
1218 1445 1308 1481 est:
1336 1437 1456 1479 «Per

0 1527 1 1566 ἰ
66 1542 87 1566 »
108 1538 245 1567 unum
270 1520 492 1566 hominem
520 1525 750 1578 peecatum
783 1513 958 1558 intravit
980 1512 1027 1554 in
1049 1507 1265 1554 mundum
1280 1540 1292 1561 ,
1316 1513 1360 1550 et
1379 1519 1457 1564 per

0 1594 1 1598 ’
67 1614 86 1637 »
113 1602 339 1655 peccatum
362 1605 494 1644 mors,
520 1590 634 1634 etita
652 1589 698 1631 in
712 1600 862 1631 omnes
882 1582 1079 1628 homines
1099 1577 1371 1639 pertransiit1
1397 1596 1407 1622 :
1429 1593 1451 1618 ))

0 1666 1 1713 l
62 1675 211 1710 utrum
227 1672 471 1724 peecatum,
498 1676 553 1704 an
575 1674 711 1713 mors,
742 1673 796 1700 an
821 1665 1059 1712 utrumque
1090 1666 1167 1710 per
1194 1662 1343 1693 omnes
1374 1647 1456 1691 ho-

0 1730 1 1804 ]
64 1738 202 1782 mines
225 1734 503 1795 pertransisse
533 1732 699 1775 dietum
731 1728 806 1782 sit,
842 1726 1015 1771 videtur
1050 1722 1306 1779 ambiguum
1341 1737 1350 1762 :
1381 1717 1457 1761 sed

0 1811 1 1817 ’
66 1807 175 1869 quid
197 1807 355 1851 horum
377 1805 452 1858 sit,
479 1818 544 1846 res
569 1802 660 1859 ipsa
683 1809 771 1843 tarn
795 1805 941 1856 aperta
971 1793 1253 1838 demonstrat.
1288 1790 1397 1833 Nam
1425 1786 1459 1830 si

0 1895 1 1899 ¹
67 1887 294 1938 peccatum
327 1891 417 1920 non
450 1872 774 1933 pertransisset,
803 1883 892 1911 non
928 1865 1066 1910 omnis
1088 1864 1220 1906 homo
1243 1873 1343 1904 eum
1363 1857 1458 1915 lege

4 2000 12 2002 ‚
67 1948 255 2009 peccati,
285 1961 386 2006 quae
418 1945 465 1989 in
486 1941 690 1986 membris
719 1949 805 1993 est,
845 1944 1093 1981 nasceretur
1129 1948 1137 1973 z
1170 1932 1204 1975 si
1225 1944 1340 1974 mors
1368 1941 1459 1972 non

0 2008 2 2033 ξ
68 2018 392 2081 pertransisset,
431 2030 521 2059 non
552 2027 701 2058 omnes
735 2008 956 2061 homines,
995 2012 1209 2065 quantum
1244 2001 1298 2044 ad
1332 2000 1459 2044 istam

70 2090 366 2138 conditionem
396 2084 645 2132 mortalium
668 2081 875 2142 pertinet,
909 2084 1196 2122 morerentur.
1225 2070 1355 2125 Quod
1382 2085 1461 2114 au-

72 2173 158 2209 tem
182 2162 288 2206 dicit
319 2156 579 2218 ApostoluS,
613 2158 665 2198 In
697 2167 786 2213 quo
813 2164 963 2196 omnes
996 2152 1287 2207 peecaverunt
1319 2160 1327 2186 ε
1359 2160 1379 2183 «
1416 2141 1462 2185 in

73 2249 184 2294 quo,
214 2250 233 2273 »
261 2246 350 2275 non
372 2226 632 2285 intelligitur
649 2224 731 2268 nisi
746 2224 792 2267 in
817 2220 979 2273 Adam,
1005 2219 1049 2261 in
1074 2231 1163 2276 quo
1198 2229 1270 2258 eos
1299 2211 1403 2256 dicit
1420 2218 1465 2255 et

73 2304 210 2360 mori,
232 2301 333 2362 quia
353 2314 443 2344 non
466 2306 556 2341 erat
573 2297 739 2356 justum
757 2328 768 2348 ,
806 2293 898 2336 sine
929 2289 1107 2334 crimine
1137 2284 1318 2330 transire
1358 2295 1463 2339 sup-

75 2374 269 2434 plicium.
312 2373 601 2428 Quacumque
632 2375 675 2409 te
711 2372 877 2416 vertas,
916 2359 1040 2403 nullo
1085 2355 1200 2400 molo
1241 2350 1464 2397 catholicae

76 2443 179 2490 fidei
205 2441 492 2490 fundamenta
522 2436 747 2481 subvertes
776 2453 786 2479 ς
818 2430 1053 2492 praesertim
1083 2426 1184 2486 quia
1219 2432 1262 2466 et
1299 2431 1344 2464 tu
1375 2420 1465 2478 ipse
1496 2413 1499 2415 ⁵

78 2514 157 2560 tibi
176 2511 427 2565 adversaris,
453 2508 529 2568 qui
562 2522 680 2551 nune
715 2503 820 2549 dicis
853 2516 941 2545 non
980 2504 1206 2557 peceatum
1243 2490 1482 2543 transisse,-

128 2605 138 2620 ¹
158 2597 242 2635 Beda
259 2599 294 2628 et
309 2594 429 2635 Florus,
445 2593 483 2624 ad
505 2594 598 2625 Rom.
614 2600 644 2621 v.
