1821 3264
8 299 11 346 l

257 301 400 328 OPERIS
435 297 607 324 lMPEttF.
644 294 804 320 CONTRA
840 292 1008 318 Jt‘LtAN.
1047 291 1128 316 LIB.
1167 291 1195 315 l.
1332 275 1414 314 ‘197

7 357 9 371 ²
39 367 238 427 congruit
259 365 414 409 dixisse
438 359 692 421 Apostolum
712 393 721 411 ,
748 357 849 416 quia
873 355 1049 399 stultam
1083 353 1182 397 fecit
1211 355 1322 396 Deus
1352 366 1421 394 sa-

6 466 9 514 5
40 439 244 501 pientiam
274 433 457 480 mundil
495 451 503 476 ε
539 430 825 489 disputatores
854 441 958 470 vero
983 434 1149 469 nostros
1177 424 1267 467 sine
1304 430 1424 466 metu

6 517 11 566 l
41 528 63 556 a
84 519 127 553 te
159 522 281 567 posse
314 504 499 564 despici,
531 499 649 561 quod
686 498 803 542 nulla
841 497 1098 541 auctoritate
1129 493 1281 538 talium
1323 507 1421 552 pre-

42 580 183 626 maris.
224 597 242 618 υ

6 667 10 700 ι’

5 713 9 752 i

6 764 7 778 l

5 787 9 835 ὲ

5 894 8 913 ι

5 942 8 967 l

4 1002 8 1051 ἰ

105 655 393 696 Ana-:smus
423 648 486 689 Tu
510 658 581 686 eos
609 641 791 700 despicis
812 674 821 691 ,
843 641 917 699 qui
942 638 1000 681 eis
1022 634 1282 680 docentibus
1303 634 1431 691 origi-

42 722 139 767 nale
161 729 386 780 peccatum
411 717 465 760 ita
498 714 672 767 resistis,
694 721 742 756 ut
770 721 977 770 tanquam
1010 707 1274 753 Manicbaeos
1304 705 1429 748 insu-

43 809 119 855 per
142 790 402 843 crimineris,
425 803 494 832 me
521 785 749 830 nominans
768 818 778 837 ,
804 782 899 827 illos
928 779 1189 839 significans.

101 865 258 908 XLIV.
301 864 526 904 ,ΗΜ-«ωε.
568 876 587 897 «
623 855 739 909 Quid
774 868 876 911 ergo
899 854 917 896 Ξ)
941 851 1222 911 Acquiescam
1257 862 1431 907 prorsus

4 932 8 983 ζ
45 936 150 988 tibi,
187 933 429 991 faciamque
458 930 501 973 in
531 929 612 972 hoc
639 927 735 971 loco
762 932 976 983 jacturam
1003 921 1208 966 'omnium
1241 933 1431 979 quorum

47 1004 314 1052 adminiculo
337 1003 398 1047 uti
422 1016 605 1061 possem,
627 1008 948 1055 contentusque
966 1009 1039 1038 ero
1066 991 1320 1037 definitione
1340 1004 1440 1049 quae

4 1079 6 1084 ’
47 1076 99 1121 ad
131 1074 339 1119 indicium
376 1073 501 1116 bonae
525 1080 690 1114 naturae
719 1077 816 1129 post
845 1065 1193 1112 Manichaeorum
1226 1069 1440 1105 secretum

47 1147 102 1191 de
124 1162 198 1191 ore
210 1148 297 1189 tuae
319 1143 554 1188 honestatis
569 1141 738 1198 effugit.
762 1141 813 1182 In
836 1153 887 1182 eo
910 1136 1041 1194 igitur
1061 1134 1175 1177 libro
1199 1132 1270 1176 cui
1290 1129 1444 1175 titulus

48 1227 126 1272 est,
152 1216 243 1270 vel,
269 1220 330 1259 De
352 1214 521 1259 duabus
541 1211 766 1257 animabus
782 1245 792 1264 ,
818 1208 889 1254 vel
906 1243 916 1262 ,
938 1209 1100 1252 Contra
1125 1205 1232 1248 duas
1256 1203 1439 1254 animas,

50 1290 107 1334 ita
135 1287 351 1347 loqueris:
387 1289 603 1345 Expecta,
641 1284 732 1326 sine
762 1281 881 1340 prius
909 1287 1137 1339 peccatum
1163 1274 1441 1319 definiamus.

52 1365 280 1406 Peccatum
320 1366 382 1401 est
417 1355 619 1400 voluntas
653 1350 913 1396 admittendi
950 1349 1021 1393 vel
1066 1344 1282 1391 retinendi
1327 1341 1448 1404 quod

46 1431 211 1493 justitia
240 1437 380 1481 vetat,
406 1435 449 1470 et
470 1424 588 1469 unde
615 1423 802 1467 liberum
827 1430 891 1465 est
913 1420 1145 1464 abstinere.
1183 1419 1446 1473 Quanquam

52 1504 85 1547 si
115 1503 302 1546 liberum
324 1514 413 1543 non
435 1507 497 1541 est
519 1532 528 1550 ,
555 1510 634 1539 nec
662 1493 865 1539 voluntas
888 1491 974 1535 dici
1005 1497 1149 1549 potest
1177 1507 1185 1531 :
1212 1486 1285 1530 sed
1316 1483 1451 1528 malui

54 1572 255 1632 grossius,
274 1585 405 1630 quam
429 1565 722 1626 scrupulosius
741 1562 967 1608 definire.»

113 1647 402 1688 Asersrrmrs.
426 1639 506 1683 Hic
526 1646 750 1697 peccatum
777 1633 1008 1678 definitum
1027 1640 1091 1674 est
1114 1625 1236 1689 quod
1259 1634 1457 1670 tantum-

54 1715 184 1760 modo
202 1721 424 1773 peccatum
443 1718 521 1763 est,
545 1723 632 1752 non
652 1707 771 1766 quod
791 1705 920 1747 etiam
936 1717 1067 1762 poena
1084 1697 1268 1759 peccati.
1292 1699 1354 1740 De
1372 1696 1456 1739 hoc

54 1786 216 1847 quippe
241 1783 457 1841 agendum
486 1779 590 1832 fuit,
627 1775 806 1837 quando
839 1772 938 1817 mali
973 1771 1097 1829 origo
1131 1766 1414 1828 quaerebatur
1443 1784 1451 1807 :

56 1855 185 1917 quale
216 1853 491 1898 commissum
522 1859 583 1893 est
609 1864 631 1892 a
656 1849 795 1906 primo
825 1844 1002 1888 homine
1025 1849 1125 1884 ante
1154 1852 1284 1882 omne
1308 1834 1455 1879 homi-

57 1929 122 1973 nis
144 1927 324 1972 malurn.
350 1923 433 1969 Sed
456 1932 503 1967 tu
527 1930 601 1965 aut
625 1935 712 1964 non
732 1927 855 1977 potes
879 1913 1143 1970 intelligere,
1167 1919 1243 1953 aut
1265 1923 1353 1952 non
1373 1906 1452 1950 vis.

115 2001 250 2044 XLV.
279 2000 505 2042 JULIANts.
543 2013 561 2034 α
597 1993 634 2035 Ο
662 1991 811 2034 lucens
837 2000 991 2030 aurum
1023 1985 1067 2027 in
1099 1991 1287 2026 stercore
1309 1979 1317 2021 l
1341 1975 1458 2030 Quid

58 2071 200 2116 verius
222 2105 231 2122 ,
258 2066 364 2128 quid
395 2066 565 2126 plenius
595 2064 681 2108 dici
705 2079 726 2106 a
751 2074 974 2121 quoquam
1008 2055 1071 2100 vel
1102 2052 1348 2099 orthodoxo
1376 2065 1457 2109 po-

60 2142 240 2187 tuisset?
261 2158 280 2180 «
302 2142 530 2182 Peccatum
557 2145 620 2178 est
639 2170 649 2188 ,
676 2133 819 2191 inquis
838 2166 848 2184 ,
873 2128 1076 2174 voluntas
1108 2122 1367 2169 admittendi
1389 2118 1459 2164 vel

61 2210 276 2255 retinendi
305 2208 426 2268 quod
447 2206 612 2267 justitia
640 2212 770 2256 vetat,
797 2211 839 2245 et
868 2202 987 2243 unde
1014 2197 1200 2240 liberum
1227 2202 1290 2237 est
1324 2191 1459 2235 absti··

60 2297 176 2327 nere.
215 2278 418 2324 Ostendit
439 2278 523 2320 hoc
549 2273 871 2319 Ecclesiasticus
902 2290 910 2314 ι
941 2289 960 2311 «
993 2272 1104 2312 Deus
1124 2302 1133 2320 ,
1158 2265 1330 2324 inquit,
1356 2261 1459 2305 feeit

67 2353 318 2398 »hominem
332 2386 342 2404 ,
361 2359 404 2394 et
427 2348 589 2392 dimisit
607 2361 707 2390 eum
728 2346 772 2388 in
791 2342 992 2387 manibus
1012 2338 1180 2385 consilii
1208 2337 1297 2380 sui:
1318 2333 1463 2393 posuit

66 2433 199 2468 »ante
221 2436 322 2466 eum
337 2421 470 2464 vitam
494 2428 536 2462 et
551 2425 755 2470 mortem,
769 2428 928 2475 aquam
950 2421 993 2456 et
1015 2412 1159 2469 ignem
1189 2427 1197 2452 ε
1224 2406 1343 2466 quod
1367 2403 1464 2464 pla-

65 2495 236 2540 »cuerit
253 2494 307 2547 ei,
332 2490 510 2535 dabitur
528 2488 633 2532 illi2.
665 2490 747 2530 »Et
763 2501 840 2545 per
859 2480 1016 2528 Isa'l'am
1034 2485 1173 2525 Deus:
1198 2497 1218 2520 «
1242 2477 1285 2522 Si
1308 2474 1462 2520 volue-

68 2586 87 2609 »
114 2566 234 2620 ritis,
268 2562 442 2623 inquit,
468 2570 512 2605 et
545 2557 767 2604 audieritis
805 2571 902 2611 me,
927 2569 1027 2615 quae
1055 2552 1171 2597 bona
1201 2556 1306 2594 sunt
1338 2555 1488 2593 terrae·

114 2658 121 2674 ¹
147 2662 159 2684 1
182 2651 256 2684 Cor.
278 2660 303 2687 ι,
320 2657 427 2682 20·-
445 2653 456 2671 ²
477 2645 576 2680 Eccli.
598 2655 654 2686 w,
680 2642 718 2685 14
738 2646 771 2676 et
790 2651 880 2684 seqq-
