1884 3285
426 238 509 275 376
864 246 895 271 s.
934 244 1161 272 AtTGUSTINI
1194 244 1374 272 EPISCOPI

423 311 609 355 hominis
642 310 696 353 ad
734 307 980 353 nocendum
1015 309 1160 353 asseris
1202 310 1400 352 habuisse
1429 308 1628 364 virtutis,
1668 324 1798 369 quam

424 381 558 440 gratia
585 379 743 424 Christi
770 378 938 423 obtinet
974 377 1028 422 ad
1061 379 1326 423 medendum
1354 398 1362 423 :
1388 394 1477 438 quo
1498 378 1705 434 collecto,
1730 394 1802 424 os-

423 462 594 495 tensum
637 460 721 504 est,
760 459 965 510 quantam
1010 449 1121 493 inter
1157 449 1402 495 Catholicos
1435 459 1477 493 et
1513 450 1798 506 ManichaeOS,

423 531 583 566 tantam
608 521 719 564 inter
743 529 785 564 te
807 529 848 563 et
876 519 1118 579 apostolum
1146 520 1328 564 Paulum
1359 535 1448 564 esse
1474 519 1747 565 discordiam.
1776 539 1797 562 u

478 596 766 636 AUGUSTJNUS.
796 591 927 635 Tollit
950 591 1084 649 gratia
1106 591 1265 636 Christi
1289 591 1508 649 originalis
1530 592 1695 650 peccati
1710 606 1799 636 rea-

420 674 513 708 tum
529 698 539 718 ‚
580 662 655 706 sed
697 677 786 705 rem
825 661 1083 704 invisibilem
1121 660 1391 705 invisibiliter
1425 659 1538 705 tollit
1575 681 1583 706 :
1622 660 1802 706 dimittit

420 734 547 777 etiam
571 740 727 776 cuncta
746 740 919 790 peccata
932 766 942 785 ,
963 746 1062 791 quae
1079 731 1275 776 homines
1292 730 1404 775 male
1421 731 1608 776 vivendo
1624 732 1802 789 insuper

417 802 694 848 addiderunt.
727 802 944 846 Judicium
971 803 1133 862 quippe
1157 818 1208 846 ex
1237 819 1326 847 uno
1347 802 1506 847 delicto
1526 803 1570 846 in
1592 801 1802 847 condem-

417 873 668 930 nationcm3
701 873 802 932 quia
829 882 873 917 et
900 887 1038 916 unum
1069 872 1178 916 illud
1202 872 1322 933 quod
1351 888 1374 916 a
1402 873 1677 918 nascentibus
1711 885 1801 918 tra-

416 945 535 988 hitur
556 980 565 998 ,
594 943 725 987 trahit
745 943 798 987 ad
818 953 1022 988 aeternam
1046 943 1455 988 condemnationem
1472 979 1482 999 ,
1503 945 1536 988 si
1554 960 1641 988 non
1660 945 1802 988 remit-

419 1025 532 1060 tatur
563 1035 571 1060 :
610 1031 688 1059 nec
722 1024 866 1058 tamen
903 1016 985 1059 hoc
1025 1015 1164 1058 solum
1199 1016 1333 1073 gratia
1367 1014 1573 1072 dimittit3
1608 1015 1802 1075 alioquin

416 1095 587 1129 tantum
607 1085 768 1129 valeret
786 1107 796 1141 3
812 1086 886 1128 sed
903 1100 1001 1128 cum
1021 1086 1114 1142 ipso
1132 1083 1312 1128 dimittit
1329 1093 1372 1128 et
1390 1094 1544 1129 caetera
1561 1105 1571 1141 3
1591 1100 1691 1142 ergo
1705 1085 1802 1144 plus

415 1156 556 1206 valet3
583 1165 760 1214 propter
783 1155 903 1214 quod
931 1154 1098 1197 dictum
1124 1163 1214 1198 est:
1245 1174 1264 1195 «
1297 1154 1517 1199 Judicium
1548 1155 1726 1215 quidem
1748 1171 1801 1200 ex

418 1246 437 1267 »
467 1242 554 1269 uno
572 1227 618 1268 in
637 1224 1044 1269 condemnationem
1058 1260 1068 1278 ,
1091 1225 1224 1283 gratia
1242 1234 1388 1269 autem
1405 1240 1455 1269 ex
1471 1225 1618 1270 multis
1634 1225 1801 1271 delictis

417 1315 435 1337 »
464 1297 508 1339 in
537 1295 937 1355 justificationem.
976 1313 993 1358 ζ)
1036 1298 1175 1338 Donat
1212 1295 1341 1338 etiam
1374 1296 1533 1354 gratia,
1566 1305 1615 1340 ut
1648 1305 1800 1341 contra

415 1366 809 1425 concupiscentiam
831 1366 970 1409 carnis
987 1365 1162 1424 spiritus
1182 1367 1460 1425 concupiscat
1481 1387 1489 1411 z
1510 1376 1552 1411 et
1569 1368 1603 1411 si
1623 1368 1800 1428 quando

413 1437 551 1481 fidelis
574 1438 705 1480 homo
725 1437 769 1479 in
792 1437 874 1480 hoc
897 1436 1132 1479 certamine
1154 1435 1381 1481 venialiter
1413 1437 1627 1492 vincitur,
1654 1439 1802 1482 debita

413 1508 594 1566 dimittit
617 1508 755 1551 oranti
771 1541 781 1561 ‚
808 1515 850 1549 et
867 1507 1045 1565 quando
1063 1505 1368 1550 damnabiliter
1391 1508 1579 1552 vincitur
1597 1543 1607 1563 ‚
1626 1507 1701 1552 dat
1718 1509 1802 1552 hu-

412 1578 627 1623 miliorem
651 1578 953 1637 poenitentiam
970 1613 980 1631 ‚
1007 1578 1083 1637 qui
1108 1578 1271 1621 tribuat
1299 1578 1630 1636 indulgentiam.
1660 1583 1801 1624 Donat

412 1660 631 1709 postremo
654 1649 786 1692 vitam
809 1658 1016 1692 aeternam
1040 1656 1082 1691 et
1105 1648 1261 1691 animae
1280 1657 1322 1692 et
1344 1649 1537 1708 corpori,
1563 1650 1638 1693 ubi
1654 1650 1800 1710 qualia

413 1729 456 1764 et
477 1728 640 1779 quanta
663 1720 778 1763 bona
803 1719 889 1762 sint
911 1718 1101 1776 cogitare
1123 1719 1219 1777 quis
1251 1719 1414 1777 possit?
1435 1721 1667 1772 Quomodo
1698 1736 1801 1780 ergo

412 1791 511 1850 plus
540 1790 690 1834 nocuit
725 1790 852 1849 primi
878 1789 1063 1833 hominis
1093 1788 1325 1848 iniquitas,
1362 1805 1494 1849 quam
1531 1790 1697 1849 profuit
1732 1806 1801 1836 se-

414 1861 546 1905 cundi
567 1861 756 1905 hominis
772 1895 782 1914 ‚
808 1860 892 1903 hoc
910 1869 996 1913 est⁷
1024 1859 1185 1904 Christi
1205 1860 1397 1918 bonitas;
1417 1875 1518 1904 cum
1540 1860 1613 1905 ille
1630 1871 1801 1921 tempo·

413 1930 560 1975 raliter
581 1931 801 1984 nocuerit,
827 1930 1024 1974 Christus
1050 1937 1198 1972 autem
1214 1939 1257 1974 et
1278 1930 1575 1989 temporaliter
1596 1932 1797 1992 adjuvet,

414 2012 455 2046 et
490 2001 644 2045 liberet
677 2017 724 2045 ac
760 2000 976 2044 beatificet
997 2000 1042 2043 in
1062 2003 1302 2044 aeternum?
1331 2003 1439 2054 Quae
1461 2017 1560 2046 cum
1595 2002 1653 2046 ita
1685 2003 1798 2057 sint,

414 2072 625 2116 sententia
642 2081 788 2116 nostra
810 2070 1021 2115 catholica
1034 2106 1049 2126 ,
1070 2086 1158 2114 non
1175 2071 1413 2115 Manichaea
1431 2081 1493 2116 est
1509 2089 1520 2124 ;
1540 2081 1582 2116 et
1603 2073 1702 2118 ideo
1719 2088 1800 2118 nec

417 2143 645 2201 Pelagiana
668 2152 731 2187 est
745 2178 756 2197 ,
782 2143 883 2201 quia
903 2141 1114 2186 catholica
1129 2152 1206 2186 est.

470 2216 676 2259 XCVIII.
713 2217 939 2257 humi-s.
980 2233 998 2254 «
1032 2213 1249 2258 Frivolam
1274 2229 1376 2257 sane
1407 2215 1718 2274 expositionem
1753 2216 1799 2259 in

413 2288 496 2329 hoc
518 2285 614 2329 loco
643 2293 762 2327 tuam
787 2284 952 2342 optimo
970 2284 1067 2342 jure
1091 2283 1376 2342 despicerem,
1403 2293 1445 2328 et
1466 2286 1799 2344 irrepercussam

414 2355 678 2415 praeterirem
693 2388 703 2407 ‚
725 2353 845 2413 quasi
863 2353 989 2396 nimis
1010 2354 1146 2397 humo
1163 2354 1477 2408 cohaerentem,
1502 2355 1583 2398 nisi
1604 2369 1796 2410 vererer,

416 2441 470 2470 ne
492 2424 685 2485 pellaciae
711 2424 842 2482 magis
865 2438 997 2484 quam
1024 2423 1280 2467 constantiae
1302 2424 1566 2468 crederetur.
1592 2425 1800 2484 Loqueris

419 2511 520 2554 ergo
543 2496 625 2540 hoc
646 2496 778 2541 modo
800 2515 808 2540 ε
839 2514 858 2537 «
884 2493 998 2548 Quid
1021 2503 1105 2549 est,
1124 2494 1264 2539 multo
1281 2496 1417 2554 magis
1437 2494 1697 2550 abundavit,
1718 2495 1800 2541 nisi

470 2590 476 2605 ¹
500 2584 589 2614 Rom.
608 2592 641 2622 v,
663 2581 711 2612 16.

1869 384 1872 402 t

1870 414 1872 428 ι
