1821 3264
252 273 398 302 OPERIS
432 274 608 301 lMPERF.
643 272 809 302 CONTRA
841 275 1010 303 JuLlAN.
1047 276 1129 303 LIB.
1163 277 1210 302 11.
1348 263 1426 307 361

15 374 17 402 ÷
42 340 218 386 siarchae
250 348 392 384 vestro
414 339 590 399 Pelagio
610 340 656 384 in
690 341 922 401 episcopali
942 340 1110 402 judicio
1142 341 1374 388 Palaestino
1397 345 1430 399 ¹,

14 419 17 471 ἰ
42 411 163 473 quod
188 411 249 455 ita
272 409 412 456 factus
440 409 572 455 fuerit
604 410 743 455 Adam
766 446 777 467 ,
798 421 847 456 ut
877 413 965 457 sive
994 422 1209 472 peccaret,
1234 413 1322 458 sive
1345 429 1433 459 non

13 486 17 534 J
41 489 259 542 peccaret,
284 481 521 526 moriturus
539 490 662 525 esset.
691 484 814 527 Hanc
836 483 951 526 enim
972 492 1159 527 mortem
1177 499 1261 543 qua
1285 499 1434 529 omnes

12 571 15 598 ε
40 553 270 607 morimur,
291 551 346 596 de
362 569 449 612 qua
467 552 632 598 dictum
653 562 716 597 est
735 572 742 598 :
773 572 792 594 «
821 557 856 598 A
873 554 1057 598 muliere
1071 554 1244 598 initium
1270 553 1431 599 factum

44 641 65 665 »
90 632 152 667 est
175 623 341 682 peccati
363 658 373 678 ,
396 633 439 668 et
461 632 638 683 propter
663 622 780 666 illam
808 639 959 668 omnes
994 624 1205 668 morimur
1230 626 1245 649 ²
1261 659 1271 679 ,
1302 643 1322 666 n
1344 641 1433 670 non

11 702 15 738 ι’
40 695 110 739 vix
131 709 182 738 ex
201 703 382 753 peccato
397 694 442 737 in
461 709 609 738 omnes
631 692 782 738 fecisse
801 694 1067 753 originaliter
1092 695 1320 739 transitum
1346 716 1357 753 3
1380 711 1434 739 ne

10 784 13 808 ι
40 764 206 823 cogaris
222 763 348 808 fateri
372 763 502 808 simul
524 764 653 808 etiam
672 764 941 823 originaliter
963 765 1162 809 transisse
1189 773 1430 824 peccatum.

10 840 13 899 ζ
42 835 182 881 Sentis
205 834 368 894 quippe
389 869 400 889 ,
425 850 557 894 quam
579 836 781 895 iniquum
811 836 891 890 sit,
928 837 1019 879 sine
1050 837 1205 880 merito
1234 837 1435 880 transisse

9 920 13 969 l
39 906 317 965 supplicium.
346 908 660 950 Verumtamen
695 916 782 950 tam
821 906 1085 950 catholicum
1117 916 1180 951 est
1210 908 1330 966 quod
1359 923 1434 951 ex-

9 989 12 1038 }
38 993 234 1038 pugnare
257 978 442 1032 conaris,
459 987 508 1022 ut
530 978 613 1022 hoc
636 978 708 1021 ille
730 979 816 1033 cui,
843 978 954 1022 sicut
976 976 1081 1031 dixi,
1109 979 1328 1036 objectum
1352 987 1430 1033 est,

38 1049 120 1092 nisi
142 1047 410 1104 damnasset,
428 1047 625 1108 profecto
647 1064 697 1092 ex
717 1047 792 1094 illo
813 1049 981 1109 judicio
999 1047 1230 1092 damnatus
1246 1050 1430 1094 exiisset.

7 1123 11 1148 ²
38 1123 154 1166 Mors
171 1134 274 1178 ergo
292 1128 335 1163 et
352 1120 447 1173 ista,
470 1135 555 1180 qua
579 1120 754 1180 spiritus
773 1137 796 1165 a
817 1136 999 1181 corpore
1021 1129 1246 1179 separatur
1260 1156 1270 1175 ,
1298 1129 1340 1164 et
1361 1120 1432 1164 illa

7 1182 11 1250 ξ
38 1205 138 1251 quae
168 1189 330 1234 dicitur
353 1190 560 1246 secunda,
586 1206 672 1251 qua
691 1191 866 1250 spiritus
888 1206 989 1236 cum
1013 1206 1195 1250 corpore
1217 1192 1432 1235 cruciabi-

7 1284 10 1310 ;
38 1271 137 1318 tur,
165 1271 381 1321 quantum
417 1262 574 1306 attinet
609 1264 663 1307 ad
703 1264 906 1307 meritum
944 1265 1112 1322 generis
1149 1263 1354 1318 humani,
1387 1264 1432 1308 in

6 1312 10 1386 i
39 1347 188 1377 omnes
213 1333 412 1377 homines
446 1334 693 1392 pertransiit
720 1353 728 1379 :
755 1332 830 1377 sed
854 1335 992 1392 gratia
1016 1335 1108 1388 Dei,
1127 1349 1204 1392 per
1233 1349 1333 1377 eum
1356 1334 1432 1394 qui

6 1398 9 1446 ἐ
34 1404 169 1459 venit,
196 1413 244 1448 ut
268 1404 496 1449 moriendo
515 1419 698 1462 regnum
723 1405 873 1449 mortis
901 1403 1106 1459 auferret,
1138 1420 1186 1448 ea
1213 1420 1432 1449 resurrec-

6 1495 7 1525 1
34 1474 153 1518 tione
176 1475 299 1534 cujus
321 1475 367 1518 in
389 1473 464 1519 illo
496 1475 717 1533 praecessit
749 1474 1014 1534 exemplum,
1047 1485 1232 1520 mortem
1252 1490 1432 1533 regnare

4 1543 8 1592 ἐ
33 1559 121 1589 non
144 1545 258 1589 sivit.
286 1547 380 1590 Hoc
409 1553 530 1589 tenet
565 1545 778 1590 catholica
814 1544 923 1589 fides
944 1581 954 1601 ,
975 1546 1059 1590 hoc
1090 1555 1241 1589 tenent
1264 1546 1432 1605 judices

3 1610 9 1680 Q
32 1630 142 1675 quos
162 1614 361 1673 Pelagius
392 1615 647 1661 formidavit
673 1638 684 1673 3
707 1617 788 1661 hoc
810 1632 899 1660 non
931 1625 1081 1661 tenent
1112 1616 1303 1660 haeretici
1324 1631 1433 1676 quos

4 1682 7 1730 Ι
33 1685 233 1744 Pelagius
247 1687 490 1731 seminavit.

3 1736 7 1830 f
90 1758 271 1801 LXVII.
299 1759 527 1802 JULIANUS.
551 1776 571 1798 «
596 1759 705 1810 Quae
738 1757 1037 1817 praevaricatio
1062 1790 1073 1810 ,
1117 1755 1217 1800 licet
1251 1771 1340 1801 non
1377 1757 1432 1801 sit

3 1826 146 1871 vfacta
184 1827 393 1872 naturalis
430 1849 441 1884 3
477 1827 562 1872 fuit
601 1836 746 1872 tamen
785 1827 926 1872 forma
958 1827 1125 1887 peceati
1158 1846 1167 1872 2
1209 1836 1340 1887 atque
1373 1828 1431 1871 ob

2 1897 6 1947 ἒ
31 1897 139 1952 hoc,
164 1896 268 1942 licet
295 1913 385 1943 non
408 1907 611 1956 aggravet
632 1907 875 1954 nascentes,
896 1908 1040 1942 tamen
1067 1907 1239 1942 accusat
1260 1898 1432 1943 imitan-

2 1961 110 2013 {tes.
153 1985 173 2009 »

2 2015 6 2083 i
91 2041 384 2085 Arausa-mus.
426 2040 517 2084 Etsi
551 2048 600 2084 tu
624 2039 786 2084 oblitus
806 2055 849 2084 es
877 2054 1005 2099 grave
1023 2040 1176 2099 jugum
1210 2038 1329 2099 quod
1354 2053 1430 2098 ag-

33 2117 182 2168 gravat
201 2120 425 2154 nascentes
451 2131 462 2165 3
488 2125 566 2155 nos
595 2120 638 2155 te
661 2126 750 2154 non
774 2110 1020 2154 desistimus
1044 2124 1336 2153 commonere.

1 2225 4 2245 ⁵
92 2180 295 2223 LXVIII.
318 2182 547 2224 humus.
577 2199 597 2222 «
624 2183 741 2225 Mors
771 2189 916 2224 autem
935 2178 1155 2240 judicialis
1186 2179 1353 2223 transiit
1385 2180 1429 2223 in

0 2248 4 2320 ff
32 2263 84 2293 eo
107 2265 196 2309 quo
228 2261 522 2309 peccaverunt
562 2267 734 2306 omnes,
755 2250 831 2296 sed
863 2250 998 2294 libera
1040 2250 1265 2295 voluntate
1299 2269 1307 2294 :
1340 2265 1429 2309 quo

0 2322 4 2375 ,ξ
32 2321 184 2376 verbo,
202 2320 248 2365 id
269 2332 348 2376 est,
376 2338 543 2378 omnes,
573 2324 894 2382 Scripturarum
916 2337 1036 2367 more
1057 2322 1315 2376 multitudo,
1340 2336 1428 2366 non

0 2380 4 2459 ξ
34 2390 289 2436 universitas
308 2392 539 2438 indicatur.
560 2413 579 2435 »

0 2469 3 2528 ξ
93 2464 385 2508 AucUsTnvn-s.
422 2467 600 2509 Frustra
644 2473 760 2509 recta
799 2464 931 2509 verba
974 2472 1203 2522 torquere,
1229 2471 1272 2506 et
1312 2461 1427 2507 clara

0 2529 3 2602 j
35 2533 267 2579 obscurare
287 2536 470 2580 conaris.
493 2539 542 2579 In
567 2551 618 2580 eo
636 2543 927 2595 peccaverunt
945 2548 1095 2579 omnes
1111 2567 1121 2587 ,
1148 2534 1192 2577 in
1216 2548 1304 2593 quo
1327 2547 1425 2577 mo·
1478 2550 1484 2555 ·

0 2628 3 2683 Ῑ

89 2623 96 2640 ¹
118 2618 195 2651 Vide
213 2618 265 2652 lib.
288 2621 329 2652 de
345 2620 448 2653 Gestis
466 2620 598 2662 Pelagii,
616 2631 689 2663 cap.
714 2632 747 2653 ir
769 2625 802 2652 et
822 2620 873 2652 33.
888 2638 927 2643 ·—
943 2626 955 2642 ²
971 2618 1069 2652 Eccli.
1091 2629 1166 2653 xxv,
1190 2618 1242 2650 33.
