1884 3285
439 239 493 278 48
874 246 906 274 S.
947 247 1175 275 AUGUSTIM
1210 248 1388 274 Emscom

437 333 457 355 »
483 329 560 372 per
583 327 756 357 omnem
782 312 913 356 Israel
939 315 968 357 ¹.
994 332 1014 355 »
1044 316 1126 359 Sua
1151 312 1374 358 voluntate
1396 313 1549 372 utique
1572 313 1640 355 isti
1661 314 1824 357 consti-
1860 318 1865 338 ¹

436 394 614 429 tuerunt
642 399 785 442 regem
814 385 965 429 David.
998 386 1102 438 Quis
1128 401 1215 428 non
1244 385 1413 429 videat?
1442 385 1535 444 quis
1558 385 1641 428 hoc
1664 385 1825 441 neget?
1861 406 1867 472 3

433 457 529 499 Non
553 454 670 497 enim
693 454 776 499 hoc
799 471 886 499 non
909 471 958 499 ex
983 455 1144 509 animo,
1171 464 1244 498 aut
1267 471 1352 498 non
1378 463 1441 498 est
1464 457 1575 498 bona
1599 454 1824 498 voluntate
1862 477 1866 492 ··

432 523 655 580 fecerunt,
687 526 806 586 quod
829 526 1029 571 fecerunt
1051 525 1182 570 corde
1204 527 1384 585 pacifico
1409 545 1417 569 :
1439 536 1482 569 et
1505 535 1649 568 tamen
1673 526 1756 569 hoc
1777 525 1825 568 in

431 596 489 639 eis
523 597 635 655 egit,
671 597 746 655 qui
777 597 822 640 in
851 597 1055 641 cordibus
1086 597 1312 640 hominum
1345 596 1462 655 quod
1500 596 1689 639 voluerit
1716 610 1824 653 ope·
1861 629 1866 661 ,ι

430 674 566 710 ratur.
600 669 782 725 Propter
806 668 926 727 quod
952 668 1158 726 praemisit
1182 668 1399 726 Scriptura
1420 686 1427 711 :
1448 686 1466 707 «
1493 669 1549 710 Et
1568 664 1825 709 ambulabat
1864 667 1867 710 f

433 755 453 778 »
481 737 617 781 David
641 738 891 795 proficiens,
918 747 958 781 et
982 738 1355 795 magnificabatur,
1381 746 1424 780 et
1449 735 1656 780 Dominus
1679 735 1825 779 omni·
1862 790 1865 801 1

432 825 453 848 »
479 818 634 866 potens
661 816 753 850 erat
780 823 881 851 curn
908 807 997 852 illo.
1029 826 1049 849 »
1081 813 1142 852 Ac
1171 823 1247 866 per
1273 809 1356 852 hoc
1384 807 1592 850 Dominus
1621 806 1824 864 omnipo·
1862 844 1866 851 .

432 888 522 920 tens
544 876 620 936 qui
646 887 736 921 erat
760 893 858 922 cum
885 877 976 931 illo,
1003 878 1184 921 adduxit
1207 878 1309 921 istos
1331 887 1380 921 ut
1403 892 1501 920 eum
1528 891 1670 934 regem
1695 890 1824 920 cons-
1863 926 1866 935 ί

430 947 655 991 timerent.
692 951 746 991 Et
777 948 1000 1007 quomodo
1029 948 1240 992 adduxit?
1267 947 1492 1007 Numquid
1524 946 1824 1006 corporalibus
1866 963 1869 970 ·

429 1018 529 1062 ullis
546 1019 727 1063 vinculis
745 1020 963 1079 alligavit?
983 1023 1105 1064 Intus
1123 1023 1225 1078 egit,
1244 1019 1373 1064 corda
1393 1020 1550 1071 tenuit,
1575 1018 1704 1063 corda
1729 1033 1826 1061 mo-
1863 1076 1865 1080 λ

428 1090 512 1147 vit,
536 1106 696 1151 eosque
723 1093 1020 1136 voluntatibus
1044 1108 1212 1144 eorum,
1242 1108 1348 1151 quas
1373 1091 1464 1150 ipse
1493 1091 1537 1134 in
1562 1089 1648 1133 illis
1668 1104 1823 1147 opera-

429 1168 498 1204 tus
527 1170 605 1213 est,
640 1162 781 1206 traxit.
811 1163 852 1207 Si
886 1178 989 1220 ergo
1019 1178 1118 1206 cum
1151 1162 1336 1205 voluerit
1364 1175 1480 1217 reges
1505 1161 1549 1203 in
1573 1169 1685 1202 terra
1713 1161 1823 1202 Deus

428 1231 720 1285 constituere,
754 1232 887 1287 magis
917 1232 1049 1275 habet
1082 1232 1127 1274 in
1164 1239 1373 1290 potestate
1402 1229 1646 1273 voluntates
1676 1227 1822 1272 homi·
1864 1278 1870 1294 Β

427 1316 533 1344 num
551 1317 683 1361 quam
710 1302 791 1360 ipsi
819 1318 939 1360 suas3
957 1304 1053 1362 quis
1082 1302 1192 1345 alius
1218 1301 1321 1345 facit
1347 1310 1395 1345 ut
1428 1300 1612 1344 salubris
1640 1300 1694 1343 sit
1722 1315 1821 1343 cor-

426 1373 581 1431 reptio,
600 1384 642 1416 et
662 1373 740 1416 fiat
758 1374 804 1416 in
827 1374 1014 1431 correpti
1036 1374 1167 1417 corde
1189 1373 1417 1427 correctio,
1434 1381 1483 1416 ut
1505 1371 1673 1416 coelesti
1695 1386 1822 1415 eons-

427 1443 612 1486 tituatur
633 1442 677 1486 in
702 1458 836 1501 regno
856 1445 875 1486 Ρ

485 1515 641 1557 XLVI.
663 1513 965 1572 Corripiantur
985 1514 1132 1573 itaque
1150 1529 1170 1556 a
1192 1513 1430 1572 praepositis
1450 1513 1536 1556 suis
1554 1510 1720 1556 subditi
1738 1510 1822 1555 fra-

427 1591 512 1627 tres
534 1583 881 1643 correptionibus
912 1585 966 1627 de
999 1585 1207 1628 charitate
1231 1583 1508 1627 venientibus
1525 1617 1535 1636 ‚
1567 1598 1645 1641 pro
1667 1581 1820 1640 culpa-

426 1668 522 1697 rum
547 1654 794 1698 diversitate
823 1654 1023 1709 diversis,
1063 1654 1131 1697 vel
1156 1653 1396 1697 minoribus
1418 1652 1488 1697 vel
1515 1651 1816 1711 amplioribus.
1865 1643 1870 1708 l

425 1723 537 1775 Quia
561 1725 710 1783 etipsa
740 1740 838 1783 quae
863 1724 1084 1768 damnatio
1110 1725 1387 1776 nominatur,
1418 1738 1548 1782 quam
1576 1722 1681 1765 facit
1705 1722 1820 1780 epis-

424 1794 575 1852 copale
598 1795 836 1853 judicium,
868 1811 953 1854 qua
978 1810 1108 1854 poena
1131 1795 1175 1837 in
1202 1794 1391 1838 Ecclesia
1419 1794 1536 1837 nulla
1567 1794 1703 1852 major
1731 1802 1816 1846 est,

423 1873 589 1922 potest,
615 1867 649 1908 si
675 1868 786 1909 Deus
819 1865 1026 1916 voluerit,
1051 1866 1094 1908 in
1134 1864 1453 1923 correptionem
1489 1862 1819 1906 saluberrimam
1868 1877 1874 1923 ξ

424 1933 578 1977 cedere
597 1943 729 1994 atque
747 1935 971 1993 proficere.
993 1937 1146 1994 Neque
1163 1936 1277 1977 enim
1297 1935 1456 1978 scimus
1473 1932 1579 1992 quid
1595 1934 1820 1990 contingat
1871 1962 1873 1966 -

424 2003 623 2063 sequenti
645 2004 743 2061 die3
766 2012 843 2047 aut
865 2014 964 2048 ante
987 2005 1117 2047 finem
1146 2005 1244 2047 vitre
1266 2005 1396 2063 hujus
1417 2003 1472 2047 de
1492 2002 1638 2062 aliquo
1661 2002 1816 2062 despe-

423 2067 608 2117 randum
629 2083 718 2131 est3
744 2083 820 2118 aut
833 2073 1073 2118 contradici
1096 2077 1186 2117 Deo
1209 2083 1366 2132 potest,
1384 2089 1439 2116 ne
1462 2073 1662 2132 respiciat
1685 2082 1728 2116 et
1744 2073 1819 2117 det

424 2143 726 2202 poenitentiam
747 2178 758 2198 ,
793 2153 837 2188 et
870 2154 1048 2204 accepto
1083 2144 1291 2188 sacrificio
1323 2145 1500 2204 spiritus
1536 2142 1819 2188 contribulati
1870 2132 1873 2154 ⁵

426 2215 656 2274 cordisque
678 2216 852 2271 contriti
871 2231 893 2259 a
918 2225 1041 2259 reatu
1063 2217 1258 2275 quamvis
1274 2217 1404 2275 justae
1425 2216 1715 2260 damnationis
1737 2215 1818 2258 ab·

427 2285 585 2340 solvat,
605 2285 949 2346 damnatumque
979 2287 1068 2345 ipse
1092 2302 1181 2331 non
1202 2285 1394 2330 damnet.
1421 2285 1650 2330 Pastoralis
1672 2294 1819 2329 tamen
1869 2278 1873 2317 ²

426 2357 654 2401 necessitas
668 2357 816 2410 habet,
835 2373 889 2400 ne
908 2373 984 2416 per
1000 2357 1144 2416 plures
1160 2366 1335 2416 serpant
1355 2357 1446 2400 dira
1463 2357 1678 2415 contagia,
1700 2370 1818 2414 sepa·
1871 2373 1873 2385 ⁴

426 2442 521 2471 rare
543 2429 598 2471 ab
619 2429 773 2472 ovibus
795 2428 906 2472 sanis
933 2427 1170 2471 morbidam
1195 2447 1202 2471 ;
1230 2428 1284 2471 ab
1305 2427 1405 2480 illo,
1429 2428 1496 2471 cui
1521 2426 1625 2471 nibil
1651 2437 1714 2470 est
1737 2427 1818 2470 im-

430 2498 646 2557 possibile,
671 2500 763 2560 ipsa
789 2499 970 2544 forsitan
991 2499 1260 2558 separatione
1288 2500 1539 2543 sanandam.
1571 2498 1817 2543 Nescientes
1875 2487 1878 2537 f

478 2586 485 2602 ¹
514 2596 525 2617 1
550 2587 617 2617 Par·
639 2595 698 2625 xri,
722 2585 772 2617 38.
