1821 3264
336 299 387 325 DE
419 293 818 324 PRAEDESTINATIONE
851 293 1117 323 mucronum.
1361 284 1415 321 89

43 367 115 412 illo
124 365 354 411 nonlibera
365 364 563 409 voluntas
574 370 680 416 erat,
692 377 741 405 ac
754 376 842 405 non
853 370 974 406 tanto
982 362 1116 421 magis
1130 370 1234 416 erat,
1251 370 1416 421 quanto

45 438 174 495 magis
191 444 367 496 peccato
382 434 539 479 servire
556 449 644 478 non
658 433 852 492 poterat?
877 435 1039 491 Nempe
1059 433 1138 476 ista
1159 433 1302 477 omnia
1324 432 1416 475 sin-

45 508 247 569 gulariter
264 504 517 551 admiranda
536 540 546 560 ,
572 513 614 548 et
636 504 718 548 alia
739 505 774 547 si
793 519 878 564 qua
897 504 987 563 ejus
1007 504 1181 562 propria
1200 503 1420 548 verissime

44 579 126 624 dici
144 587 343 638 possunt,
364 575 636 636 singulariter
653 575 699 619 in
721 573 794 619 illo
818 573 980 633 accepit
996 574 1188 617 humana
1203 608 1214 629 ,
1236 575 1319 618 hoc
1338 584 1416 628 est,

44 658 189 694 nostra
209 657 386 703 natura,
405 646 534 692 nullis
554 647 638 690 suis
652 644 998 706 praecedentibus
1021 644 1197 688 meritis.
1224 647 1422 703 Respon-

45 721 142 766 deat
164 719 233 764 hic
257 720 386 764 homo
408 722 519 773 Deo,
546 718 580 761 si
600 717 756 771 audet,
782 725 827 760 et
848 716 963 761 dicat
982 751 993 771 ‚
1017 718 1105 762 Cur
1132 731 1221 760 non
1246 724 1289 759 et
1313 717 1421 774 ego?

45 794 101 836 Et
112 791 146 835 si
161 789 344 835 audierit
362 807 371 833 :
395 809 413 830 «
429 791 466 834 Ο
479 790 626 843 homo,
644 798 693 832 tu
706 789 800 849 quis
815 804 858 832 es
875 788 951 848 qui
964 786 1222 847 respondeas
1238 790 1345 831 Deo¹
1369 807 1377 832 ;
1399 806 1419 828 »

46 878 124 907 nec
157 862 216 906 sic
249 861 450 907 cohibeat
466 896 478 916 ‚
517 860 592 905 sed
626 869 779 918 augeat
812 859 1129 919 impudentiam
1145 892 1157 913 ‚
1197 868 1239 903 et
1278 859 1393 903 dicat
1410 895 1422 914 ‚

46 927 274 988 Quomodo
291 931 419 977 audio
443 952 452 977 ε
477 950 497 975 «
520 934 584 976 Tu
606 932 703 992 quis
720 947 785 987 es,
808 947 834 974 o
851 932 1013 975 homo?
1033 949 1052 971 »
1078 932 1190 975 Cum
1208 931 1286 975 sim
1304 929 1425 990 quod

47 1004 174 1051 audio
191 1039 202 1060 ‚
226 1004 272 1048 id
293 1014 382 1059 est,
406 1004 537 1049 homo
554 1001 673 1063 quod
691 1012 753 1047 est
776 1011 817 1047 et
838 1001 910 1046 ille
928 1001 982 1047 de
999 1016 1088 1061 quo
1109 1016 1190 1060 ago
1208 1036 1219 1056 ,
1245 1017 1323 1045 cur
1336 1016 1424 1045 non

47 1077 125 1122 sim
152 1076 271 1136 quod
299 1085 341 1120 et
370 1074 468 1120 ille?
489 1078 545 1119 At
565 1075 681 1119 enim
703 1074 838 1134 gratia
867 1073 939 1118 ille
960 1072 1056 1118 talis
1087 1088 1136 1117 ac
1164 1082 1310 1117 tantus
1343 1082 1421 1116 est.

47 1149 137 1192 Cur
157 1147 322 1191 diversa
357 1156 419 1190 est
449 1147 603 1205 gratia,
630 1145 706 1189 ubi
728 1155 881 1189 natura
903 1145 1146 1190 communis
1175 1145 1268 1188 est?
1299 1146 1426 1188 Certe

46 1233 134 1262 non
153 1227 214 1262 est
233 1218 425 1277 acceptio
443 1232 724 1277 personarum
742 1216 859 1276 apud
876 1220 1014 1260 Deum
1028 1221 1058 1259 ².
1078 1216 1200 1270 Quis,
1223 1231 1312 1260 non
1329 1214 1427 1259 dico

47 1289 339 1342 Christianus,
365 1287 440 1332 sed
462 1287 638 1331 insanus
660 1289 754 1331 haec
779 1287 919 1332 dicat?

101 1361 494 1418 XXX1.Appareat
514 1360 658 1417 itaque
675 1358 799 1402 nobis
824 1359 868 1401 in
891 1367 1036 1401 nostro
1053 1358 1192 1416 capite
1210 1357 1301 1416 ipse
1326 1355 1424 1401 fons

50 1430 194 1490 gratiae
211 1465 221 1485 ,
245 1429 363 1474 unde
385 1429 627 1473 secundum
655 1429 997 1488 uniuscujusque
1020 1443 1266 1471 mensuram
1288 1443 1331 1471 se
1354 1442 1430 1485 per

49 1510 202 1545 cuneta
224 1502 315 1560 ejus
338 1501 532 1543 membra
555 1498 782 1544 diffundit.
798 1501 860 1542 Ea
883 1500 1016 1556 gratia
1038 1497 1087 1541 fit
1106 1497 1160 1540 ab
1182 1497 1306 1541 initio
1330 1498 1432 1541 fidei

49 1588 135 1616 suae
157 1573 288 1616 homo
310 1572 575 1631 quicumque
597 1571 864 1616 Christianus
887 1605 897 1624 ‚
923 1585 1008 1630 qua
1041 1569 1175 1628 gratia
1197 1570 1330 1613 homo
1359 1568 1432 1612 ille

49 1645 104 1687 ab
131 1643 254 1687 initio
281 1659 359 1687 suo
387 1642 526 1686 factus
555 1651 617 1686 est
652 1642 849 1687 Christus
878 1661 886 1685 :
913 1641 966 1684 dc
998 1641 1089 1700 ipso
1115 1640 1276 1699 Spiritu
1299 1640 1432 1683 ethic

49 1728 222 1759 renatus
241 1750 251 1770 ‚
277 1715 331 1758 de
350 1730 438 1774 quo
456 1723 518 1758 est
534 1712 606 1757 ille
630 1723 755 1758 natus
781 1734 791 1771 ς
816 1712 968 1758 eodem
992 1712 1153 1771 Spiritu
1170 1712 1219 1755 fit
1240 1711 1284 1754 in
1307 1711 1433 1755 nobis

52 1787 240 1830 remissio
262 1798 540 1845 peccatorum
562 1821 572 1840 ,
597 1801 685 1845 quo
708 1786 868 1844 Spiritu
903 1784 1068 1828 factum
1101 1793 1163 1828 est
1191 1792 1241 1827 ut
1263 1782 1431 1827 nullum

0 1887 1 1902 ἢ
53 1856 234 1900 haberet
258 1856 329 1899 ille
352 1864 594 1915 peccatum.
631 1858 736 1899 Haec
765 1870 808 1899 se
831 1858 944 1899 Deus
965 1869 1054 1898 esse
1082 1854 1300 1898 facturum
1330 1868 1434 1912 pro-

0 1960 1 1971 ,
53 1927 168 1971 fecto
196 1927 422 1986 praescivit.
456 1930 551 1986 Ipsa
574 1936 637 1970 est
668 1926 800 1984 igitur
822 1925 1143 1985 praedestinatio
1167 1933 1430 1976 sanctorum,

0 1994 1 2015 ³
55 2015 153 2059 quae
174 1999 219 2043 in
244 2001 400 2043 Sancto
433 2008 679 2042 sanctorum
706 1997 889 2041 maxime
912 1997 1066 2040 claruit
1091 2012 1100 2037 τ
1123 2012 1255 2056 quam
1278 2011 1435 2054 negare

0 2511 5 2622 ε

0 2641 5 2735 ἱ

0 2739 6 2836 ἰ

0 2843 7 3040 ἒ

56 2070 152 2130 quis
183 2078 324 2128 potest
352 2077 468 2112 recte
501 2066 839 2127 intelligentium
875 2066 1047 2126 eloquia
1077 2066 1267 2110 veritatis
1290 2067 1307 2109 P
1329 2068 1437 2109 Nam

55 2150 98 2184 et
120 2141 262 2199 ipsum
286 2141 520 2184 Dominum
545 2139 692 2198 gioriae
715 2175 725 2194 ,
750 2139 794 2182 in
817 2148 1030 2198 quantum
1052 2139 1183 2183 homo
1206 2136 1347 2182 factus
1376 2146 1438 2180 est

56 2211 133 2255 Dei
151 2211 307 2265 Filius,
332 2209 689 2269 praedestinatum
711 2225 799 2254 esse
822 2210 1068 2254 didicimus.
1095 2209 1265 2254 Clamat
1286 2207 1439 2252 doctor

57 2283 251 2342 gentium
274 2282 318 2326 in
349 2284 487 2341 capite
508 2281 800 2341 Epistolarum
822 2297 997 2326 suarum
1025 2301 1034 2326 :
1064 2301 1083 2322 «
1112 2279 1269 2325 Paulus
1292 2295 1440 2324 servus

61 2373 80 2397 »
106 2357 208 2398 Jesu
228 2353 403 2408 Christi,
429 2364 606 2398 vocatus
630 2353 879 2412 Apostolus,
904 2362 1147 2411 segregatus
1177 2353 1221 2395 in
1246 2354 1436 2409 Evange-

60 2445 79 2467 »
103 2424 212 2468 lium
235 2425 338 2480 Dei,
372 2426 491 2484 quod
515 2434 614 2469 ante
636 2425 890 2484 promiserat
916 2440 990 2483 per
1022 2424 1255 2482 Prophetas
1278 2437 1376 2466 suos
1393 2422 1439 2465 in

59 2514 80 2537 i)
105 2496 336 2555 Scripturis
372 2497 527 2540 sanctis
562 2497 619 2541 do
661 2496 771 2540 Filio
803 2512 912 2549 suo,
937 2496 1013 2556 qui
1047 2496 1187 2538 factus
1223 2503 1285 2537 est
1318 2493 1355 2536 ei
1388 2508 1438 2536 cx

63 2586 83 2610 »
109 2570 271 2614 semine
285 2568 424 2613 David
445 2567 684 2613 secundum
705 2584 877 2613 carnem
892 2603 904 2624 ,
931 2569 1006 2628 qui
1026 2566 1354 2626 praedestinatus
1377 2574 1438 2608 est
1479 2581 1486 2586 ·

108 2661 116 2676 ¹
140 2657 232 2687 Rom.
250 2665 294 2691 ix,
313 2663 364 2686 ¹20*
382 2672 422 2676 —
436 2662 448 2678 ‘1
468 2654 586 2687 Coloss.
604 2665 654 2695 111,
676 2653 729 2686 25.
