1884 3285
410 246 494 286 452
850 256 882 281 s.
920 250 1152 280 Auovsnm
1183 251 1364 278 EPISCOPI

407 336 497 365 non
529 319 671 378 potuit
702 332 877 361 manere
908 326 1004 376 post
1037 315 1177 375 legem
1207 335 1216 360 ε
1252 330 1332 359 nec
1365 314 1608 374 expavescis
1643 327 1792 358 vocem

409 391 510 444 Dei,
540 405 615 449 per
648 390 868 434 hominem
897 388 975 433 Dei
996 388 1295 431 intendentem
1318 386 1363 429 in
1389 385 1609 430 Christum
1626 418 1637 439 ,
1663 392 1792 443 atque

407 459 646 515 dicentem,
685 478 705 501 «
733 461 846 503 Ecce
881 462 1026 516 Agnus
1062 458 1163 512 Dei,
1195 472 1295 501 ecce
1323 456 1400 516 qui
1431 454 1546 500 tollit
1569 463 1791 514 peccatum

409 549 430 573 »
447 530 662 574 mundi1?
682 529 832 582 »Quid
853 527 1034 587 desipis?
1053 527 1160 587 quid
1182 527 1372 571 insanis?
1395 529 1492 571 Non
1512 535 1682 579 natura,
1707 539 1794 568 non

406 600 501 658 lex,
526 601 601 644 sed
618 615 717 644 ecce
735 599 812 658 qui
829 597 943 642 tollit
968 607 1193 657 peccatum
1213 596 1365 642 mundi
1388 615 1397 641 :
1419 606 1462 640 et
1484 595 1617 640 audes
1634 595 1793 650 dicere,

407 670 575 730 peccati
598 685 781 728 regnum
804 672 888 712 lata
911 668 1004 725 lege
1027 669 1252 722 cecidisse,
1275 677 1318 711 et
1336 675 1432 725 post
1449 665 1588 723 legem
1612 681 1701 709 uon
1717 680 1798 724 po-

405 742 538 785 tuisse
560 756 734 784 manere
759 741 1018 798 peccatum?
1042 741 1154 783 Cum
1176 740 1293 782 dicat
1315 737 1549 797 Apostolus
1565 771 1576 792 ,
1609 755 1630 779 ι(
1658 735 1700 781 Si
1721 750 1798 795 per

408 830 428 853 »
454 810 787 871 legeinjustitia,
810 825 913 867 ergo
929 809 1126 854 Christus
1149 810 1277 867 gratis
1296 819 1494 853 mortuus
1511 811 1598 852 est²
1621 826 1629 852 ε
1655 825 1674 848 »
1697 821 1796 851 cum

407 880 523 925 dicat
543 879 777 939 Apostolus
793 915 803 934 ,
829 899 848 922 «
868 880 981 931 Quia
1001 879 1046 923 in
1060 879 1155 938 lege
1177 895 1305 924 nemo
1317 879 1602 939 justificatur³
1624 897 1633 922 :
1658 896 1678 919 «
1698 892 1796 921 cum

409 951 525 996 dicat
550 950 811 1010 Apostolus:
843 969 862 992 «
894 953 981 993 Lex
1003 950 1291 1004 subintravit,
1323 959 1373 994 ut
1394 948 1640 994 abundaret
1667 947 1800 992 delic-

409 1039 430 1063 >›
457 1030 552 1066 tum
569 1022 584 1046 4
608 1040 616 1065 ;
643 1043 658 1062 »
682 1036 782 1065 cum
801 1020 917 1064 dicat
936 1019 1170 1078 Apostolus
1194 1039 1202 1063 :
1227 1039 1247 1060 «
1273 1021 1313 1064 Si
1335 1019 1435 1064 data
1457 1028 1566 1064 esset
1582 1019 1676 1073 lex,
1701 1034 1801 1077 quae

410 1109 431 1133 »
458 1101 601 1151 posset
617 1091 836 1135 vivificare
853 1123 863 1143 ‚
885 1090 1065 1134 omnino
1085 1089 1247 1148 exlege
1270 1100 1378 1134 esset
1395 1090 1587 1150 justitia3
1608 1089 1682 1133 sed
1699 1103 1800 1133 con-

412 1181 432 1203 »
458 1162 586 1205 clusit
622 1161 842 1219 Scriptura
880 1160 1025 1203 omnia
1061 1160 1142 1204 sub
1171 1170 1379 1219 peceato,
1409 1170 1460 1205 ut
1491 1160 1716 1220 promissio
1749 1174 1799 1202 ex

410 1249 431 1273 ³>
457 1232 544 1275 fide
568 1235 672 1276 Jesu
699 1231 859 1276 Christi
890 1229 1066 1274 daretur
1097 1229 1416 1276 credentibu85.
1445 1251 1465 1273 »
1495 1232 1538 1276 Si
1570 1246 1693 1275 aures
1723 1231 1800 1274 ha-

407 1302 540 1356 betis,
564 1318 638 1346 ora
660 1303 748 1362 Jam
771 1300 961 1345 claudite
986 1321 994 1346 :
1025 1302 1057 1345 si
1079 1311 1194 1346 recte
1221 1303 1385 1362 aperire
1405 1318 1479 1347 ora
1501 1301 1653 1357 vultis,
1681 1302 1800 1361 prius

409 1387 532 1417 aures
554 1373 709 1417 divinis
731 1373 908 1417 vocibus
933 1373 1110 1432 aperite.

471 1445 581 1488 Sane
613 1442 858 1487 memineris
895 1452 937 1487 te
965 1442 1144 1497 dixisse,
1180 1444 1500 1501 generationem
1532 1443 1712 1502 coepisse
1745 1443 1800 1487 ab

408 1513 574 1571 Adam,
599 1514 675 1573 qui
691 1513 801 1558 soles
823 1513 993 1568 dicere,
1020 1515 1343 1572 generationem
1368 1531 1457 1560 non
1480 1515 1561 1558 nisi
1583 1531 1607 1558 a
1630 1513 1801 1559 duobus

409 1583 550 1643 incipe
567 1619 577 1639 ‚
602 1593 645 1628 et
661 1584 761 1628 ideo
778 1599 867 1628 non
890 1599 983 1628 eam
1003 1583 1187 1629 voluisse
1205 1585 1387 1644 intelligi
1405 1585 1663 1645 Apostolum
1686 1585 1732 1628 in
1750 1599 1800 1628 eo

410 1664 589 1714 peccato
606 1689 616 1709 ,
642 1655 763 1714 quod
782 1670 857 1714 per
879 1671 1017 1699 unum
1034 1656 1256 1700 hominem
1278 1657 1456 1701 intrasse
1479 1657 1588 1700 dixit
1608 1656 1653 1700 in
1675 1671 1801 1700 mun-

409 1725 531 1768 dum.
554 1724 659 1777 Quis
677 1734 719 1768 te
739 1740 858 1784 posse
873 1725 1068 1769 crederet
1086 1726 1282 1771 oblivisci
1301 1762 1310 1779 ,
1341 1727 1461 1786 quod
1486 1727 1613 1772 toties
1635 1726 1802 1771 dixeras

413 1793 600 1839 salsum?
633 1795 717 1840 Sed
748 1804 894 1839 tamen
916 1795 1078 1841 oblitus
1100 1812 1143 1840 es
1159 1831 1170 1850 ,
1196 1807 1245 1840 ut
1273 1797 1509 1857 aliquando
1537 1797 1701 1842 diceres
1725 1812 1801 1841 ve-

412 1880 525 1909 rum.
552 1866 859 1925 Expergiscere
890 1885 898 1910 :
925 1865 1027 1909 audi
1055 1866 1124 1910 vel
1157 1875 1200 1910 te
1220 1867 1362 1926 ipsum
1391 1888 1400 1913 :
1427 1869 1482 1913 ab
1505 1868 1645 1912 Adam
1668 1868 1802 1927 coepit

414 1938 634 1995 generatio
651 1965 675 1991 ‚--
694 1951 742 1981 ac
765 1952 840 1995 per
860 1937 966 1992 hoc,
996 1952 1074 1996 per
1104 1940 1428 1996 generationem
1453 1941 1630 1985 intravit
1652 1955 1803 2000 pecca-

414 2015 508 2050 tum
528 2042 538 2062 ,
577 2007 697 2067 quod
731 2022 806 2066 per
841 2023 978 2051 unum
1014 2008 1235 2052 hominem
1277 2010 1453 2055 intravit
1488 2011 1534 2054 in
1568 2010 1800 2055 mundum.

413 2077 587 2121 Etenim
604 2086 652 2122 tu
667 2077 807 2122 dixisti
826 2096 834 2122 :
860 2097 878 2119 «
900 2078 1131 2123 Generatio
1146 2089 1291 2123 autem
1309 2097 1408 2140 quae
1422 2082 1554 2141 coepit
1571 2082 1626 2126 ab
1645 2080 1800 2134 Adam,

415 2155 459 2190 et
480 2156 577 2205 post
596 2148 738 2206 legem
761 2157 1000 2208 permanet.
1030 2167 1049 2190 »
1076 2150 1398 2195 Convenienter
1418 2152 1550 2209 igitur
1573 2151 1804 2211 Apostolus

418 2232 558 2260 unum
579 2218 799 2262 hominem
820 2219 980 2277 posuit,
1005 2234 1028 2262 a
1047 2235 1135 2279 quo
1158 2230 1385 2279 peccatum
1408 2222 1584 2267 intravit
1604 2222 1649 2265 in
1672 2237 1804 2266 mun-

419 2286 526 2331 dum
554 2289 675 2348 quod
697 2289 973 2347 generatione
997 2290 1266 2347 traheretur,
1292 2308 1381 2337 non
1402 2293 1650 2349 diabolum,
1673 2309 1695 2337 a
1717 2309 1806 2353 quo

417 2357 529 2402 illud
551 2368 779 2418 peccatum
808 2359 985 2404 intravit
1001 2359 1045 2403 in
1069 2361 1284 2406 mundum
1305 2363 1423 2422 quod
1447 2364 1628 2409 imitatio
1650 2379 1807 2424 seque-

417 2438 551 2475 retur.

467 2537 476 2554 ¹
497 2533 590 2564 Joan.
613 2544 639 2574 1,
661 2541 714 2575 29.
730 2550 771 2555 —
788 2539 800 2556 2
821 2523 890 2565 Gal.>
910 2545 943 2568 ιι,
963 2541 1017 2565 21.
1036 2548 1073 2555 -θ
1093 2532 1168 2566 31d.
1188 2544 1237 2573 ιιι,
1260 2545 1311 2567 ιι.
1332 2551 1370 2558 -·
1389 2536 1403 2566 4
1422 2538 1514 2568 Rom.
1533 2545 1565 2578 v,
1581 2545 1633 2570 ρο.
1654 2554 1695 2561 -
1710 2534 1806 2570 5Gal.

418 2597 465 2626 ιιι,
485 2597 520 2619 21
545 2592 579 2619 et
593 2595 648 2620 22.
