1884 3285
449 284 529 324 418
886 291 917 317 s.
954 287 1186 317 Accus‘nm
1218 288 1399 315 Emscom

444 373 601 418 magna
613 355 955 415 disputationum
967 355 1128 400 virtute
1143 353 1394 411 confringit,
1412 350 1617 410 allegans,
1633 353 1692 396 eis
1703 361 1825 399 tanto

443 428 626 487 amplius
641 441 716 485 per
726 423 1043 483 indulgentiam
1054 423 1182 469 fuisse
1193 423 1417 477 collatum,
1433 431 1598 482 quanto
1612 431 1708 482 post
1719 422 1824 480 legis

441 497 784 544 admonitionem
803 495 893 540 sine
911 494 999 539 ulla
1018 495 1287 553 ignoratione
1310 501 1584 552 peccassent3
1608 507 1683 552 per
1704 494 1825 553 quod
1882 508 1884 510 ·

440 569 655 629 approbat
673 583 744 612 eos
767 582 863 612 reos
881 566 1009 610 fuisse
1024 600 1035 621 ‚
1060 574 1103 610 et
1124 566 1401 609 vehementer
1422 564 1612 623 potuisse
1629 564 1824 609 damnari

438 642 484 686 in
507 642 597 701 ejus
615 640 794 701 justitiae
822 639 1018 683 examine
1036 673 1047 694 ,
1073 637 1190 697 apud
1211 652 1342 698 quem
1374 636 1449 696 qui
1478 635 1524 679 in
1551 634 1647 694 lege
1668 650 1824 695 pecca-

437 721 612 766 verunt,
639 726 715 771 per
730 710 867 768 legem
881 708 1200 769 judicabuntur
1223 727 1231 753 :
1253 727 1273 750 «
1289 710 1386 752 Non
1401 706 1516 750 enim
1530 706 1747 751 auditores
1767 706 1824 750 le·

439 801 460 824 »
482 783 544 840 gis
555 781 662 841 justi
674 789 776 825 sunt
793 780 910 839 apud
931 782 1088 833 Deum,
1108 777 1185 822 sed
1201 777 1385 822 factores
1400 777 1506 834 legis
1518 775 1826 835 justificabun-

439 871 459 894 »
480 854 593 897 tur¹.
615 870 634 893 »
661 853 753 896 Hoc
771 866 873 909 ergo
895 850 1132 910 proposito,
1160 864 1235 909 per
1250 858 1391 893 totum
1405 847 1566 891 librum
1581 846 1822 906 disputans,

436 931 531 967 tum
564 922 814 981 superbiam
845 921 1041 980 reprimit
1075 923 1099 965 J
1106 919 1353 974 udaeorum,
1380 927 1474 962 tum
1503 917 1824 962 exeusationem

435 992 635 1038 vanitatis
666 992 868 1050 gentibus
899 991 1064 1045 demit,
1092 1000 1142 1035 ut
1169 990 1323 1034 doceat
1357 988 1582 1049 aequaliter
1612 988 1825 1033 ambobus

434 1063 609 1123 populis
632 1062 793 1108 Christi
814 1059 1048 1120 profuissse
1071 1060 1345 1104 medicinam.
1375 1077 1395 1099 »

493 1136 784 1178 Ansam-cs.
824 1134 948 1175 Hanc
988 1129 1244 1173 medicinam
1284 1126 1473 1187 parvulis
1514 1143 1590 1172 vos
1631 1127 1822 1186 negatis,

434 1219 542 1262 quos
572 1203 640 1246 lex
660 1204 752 1260 ipsa
778 1200 1032 1246 circumcidi
1058 1209 1210 1244 octava
1232 1200 1302 1243 die
1328 1198 1503 1260 jussit²‚
1531 1199 1621 1258 ejus
1645 1198 1825 1257 gratiam

434 1273 717 1332 praefigurans
734 1306 745 1326 ‚
787 1272 909 1330 cujus
945 1270 1304 1314 resurrectionem
1340 1269 1590 1313 Dominicus
1608 1303 1619 1323 ‚
1655 1268 1700 1312 id
1730 1277 1821 1323 est,

432 1353 531 1403 post
547 1343 779 1403 septimum
805 1341 986 1386 Sabbati
1002 1340 1093 1385 dies
1115 1349 1292 1385 octavus
1322 1339 1512 1385 ostendit
1537 1358 1545 1384 :
1572 1354 1652 1384 nec
1675 1339 1825 1384 valetis

431 1429 480 1458 ac
502 1404 632 1458 vultis
654 1412 879 1458 attendere
895 1446 906 1467 ‚
931 1412 992 1455 ita
1013 1410 1245 1470 parvulum
1267 1411 1527 1455 morientem
1548 1409 1640 1454 sine
1661 1409 1823 1454 Christi

431 1485 567 1542 gratia
590 1484 855 1543 periturum,
886 1480 1261 1542 quemadmodum
1279 1480 1447 1525 dictum
1473 1489 1536 1524 est
1552 1516 1562 1536 ‚
1584 1480 1821 1524 incircum-

430 1555 506 1599 cisi
523 1556 711 1599 animam
739 1553 908 1613 parvuli
930 1552 1106 1598 interire
1133 1551 1187 1596 de
1204 1550 1370 1611 populo
1396 1553 1504 1595 suo3
1533 1570 1541 1596 :
1567 1552 1689 1611 cujus
1711 1551 1824 1595 inte-

430 1625 537 1670 ritus
558 1625 751 1670 invenire
766 1624 968 1667 meritum
989 1638 1078 1667 non
1096 1622 1294 1681 potestis,
1320 1622 1518 1682 quandiu
1535 1637 1625 1666 non
1651 1622 1822 1666 trahere

431 1705 659 1755 peccatum
682 1694 861 1753 originis
885 1693 1089 1752 parvulos
1110 1692 1267 1736 dicitis.

490 1767 625 1811 CLII.
661 1767 889 1809 JKLIANts.
929 1782 950 1804 «
975 1763 1057 1816 Qui
1083 1771 1126 1807 et
1149 1762 1328 1806 crimina
1358 1760 1594 1806 voluntatis
1621 1762 1819 1821 ignovit,

431 1852 454 1881 a
476 1836 638 1897 quibus
661 1834 850 1880 liberum
872 1834 1016 1879 fuerat
1033 1835 1249 1878 abstinere
1268 1854 1278 1890 3
1302 1843 1345 1877 et
1368 1833 1433 1877 sui
1456 1833 1697 1878 imitatione
1713 1868 1724 1888 ,
1747 1834 1823 1894 qui

431 1916 522 1951 erat
548 1907 760 1952 virtutum
795 1904 934 1950 forma
965 1914 1008 1949 et
1027 1920 1180 1949 norma
1198 1940 1208 1960 ‚
1241 1905 1443 1949 correctis
1471 1903 1650 1962 gloriam
1684 1904 1823 1948 beatae

431 1977 684 2022 aeternitatis
717 1976 914 2020 indulsit.
951 1978 1062 2020 Cum
1099 1989 1200 2033 ergo
1232 1984 1464 2034 utramque
1493 1975 1715 2019 nationem
1744 1990 1822 2034 pro
1882 1980 1884 2034 f

431 2047 664 2093 voluminis
683 2047 749 2091 sui
766 2056 966 2106 tempore
986 2055 1029 2090 et
1044 2048 1144 2106 jure
1166 2045 1397 2091 conveniat
1418 2065 1427 2091 :
1447 2046 1492 2089 in
1509 2046 1575 2090 his
1592 2054 1738 2090 tamen
1753 2045 1822 2090 lo·
1883 2052 1884 2106 ξ

431 2119 491 2162 cis
504 2153 514 2173 ,
540 2119 595 2162 de
614 2117 773 2178 quibus
791 2117 975 2177 quaestio
996 2125 1080 2171 est,
1101 2131 1201 2160 cum
1227 2115 1427 2160 Israelitis
1444 2115 1623 2160 omnino
1643 2131 1821 2160 manum
1883 2128 1884 2134 ¹

430 2189 635 2243 conserit,
656 2190 733 2248 qui
750 2187 971 2233 audebant
986 2188 1040 2232 de
1057 2188 1418 2247 praeputiatorum
1432 2187 1565 2246 stirpe
1581 2187 1818 2242 venientes,

431 2274 483 2304 eo
503 2274 640 2319 usque
657 2257 903 2318 despicere,
925 2268 974 2303 ut
993 2258 1260 2302 affirmarent
1277 2272 1372 2312 eos,
1395 2272 1475 2301 nec
1493 2257 1701 2316 suffragio
1721 2257 1821 2301 fidei

431 2329 486 2375 ad
503 2330 769 2375 consortium
788 2345 915 2373 suum
936 2330 1116 2374 transire
1134 2330 1320 2387 potuisse
1341 2348 1349 2373 :
1367 2337 1519 2373 contra
1540 2328 1661 2389 quod
1676 2344 1820 2388 super-

430 2401 580 2447 cilium
611 2401 791 2460 replicat
818 2401 984 2445 Judaeae
1019 2401 1156 2458 gentis
1190 2400 1389 2454 exordia,
1415 2410 1458 2444 et
1489 2400 1535 2444 in
1560 2401 1650 2460 ipsa
1677 2401 1820 2445 radice

430 2471 767 2517 circumcisionis
779 2506 789 2526 ,
810 2470 1000 2515 ostendit
1017 2486 1106 2515 non
1128 2470 1238 2514 tanti
1260 2485 1348 2514 esse
1367 2471 1629 2529 praeputium
1647 2505 1659 2526 ‚
1678 2480 1729 2516 ut
1744 2479 1820 2515 aut

429 2541 611 2602 injustos
632 2543 723 2601 ejus
743 2540 910 2587 relictio
928 2573 939 2597 ‚
965 2549 1040 2585 aut
1051 2541 1190 2600 justos
1212 2539 1342 2585 faciat
1362 2541 1455 2600 ejus
1476 2540 1651 2587 ablatio.
1678 2559 1698 2583 »

482 2633 490 2651 ¹
516 2629 607 2661 Rom.
627 2639 661 2666 11,
683 2636 720 2660 12
741 2631 775 2660 et
793 2628 843 2661 13.
862 2633 928 2651 -2
946 2628 1027 2661 Gen.
1046 2636 1125 2668 xvu,
1147 2635 1198 2659 12.
1214 2643 1253 2649 —
1270 2623 1285 2649 3
1307 2625 1389 2658 Ibid.
1413 2625 1464 2668 14.
