1821 3264
314 206 366 231 DE
400 205 795 232 PRAEDEs‘rimA‘rioixE
827 208 1090 234 saumonem.
1341 197 1395 235 65

5 252 46 310 5n
71 269 178 313 alius
200 277 346 313 autem
363 303 374 323 ‚
399 283 478 325 ego
495 268 651 326 Apollo
672 288 682 323 3
712 267 818 313 alius
841 285 964 325 vero,
1001 286 1081 329 ego
1099 272 1260 330 Cephae
1278 274 1290 297 ¹
1319 290 1328 315 :
1354 280 1398 315 et

2 323 6 401 f
26 357 46 380 »
69 338 172 382 inde
195 348 373 383 ventum
388 347 466 392 est,
479 347 528 381 ut
549 338 730 383 diceret:
752 357 771 379 «
795 338 935 384 Stulta
953 340 1105 384 mundi
1117 341 1245 399 elegit
1266 345 1396 396 Deus,

1 417 3 438 ⁴
25 426 45 449 »
71 418 120 452 ut
143 408 383 452 confundat
397 407 608 465 sapientes
623 410 639 432 ''-
661 427 671 463 3
692 417 734 451 et
755 407 928 456 infirma
950 411 1104 454 mundi
1121 410 1250 468 elegit
1267 414 1396 466 Deus,

0 509 2 554 ι
26 494 46 517 >›
69 486 119 520 ut
141 477 384 521 confundat
406 475 531 521 fortia
557 497 567 534 3
592 485 635 520 et
655 476 862 535 ignobilia
889 479 1044 522 mundi
1067 488 1110 522 et
1137 483 1401 540 contempti-

26 564 46 587 »
71 546 172 590 bilia
203 546 333 605 elegit
360 550 472 590 Deus
490 581 501 600 ‚
538 556 580 590 et
608 562 656 590 ea
681 563 780 605 quae
805 562 893 591 non
922 557 1025 592 sunt
1051 558 1259 608 tanquam
1283 551 1369 594 sint
1389 585 1400 605 ,

28 635 45 656 »
73 625 122 659 ut
136 631 234 675 quae
248 625 350 660 sunt
363 624 542 660 evacuet
558 635 570 673 3
590 625 638 660 ut
657 631 745 660 non
764 615 972 674 glorietur
990 633 1136 662 coram
1160 622 1249 663 Deo
1265 621 1405 662 omnis

28 705 45 727 »
71 702 185 731 caro.
205 705 224 728 »
245 688 325 731 Hic
339 697 454 731 certe
476 695 626 731 contra
644 688 880 731 humanam
904 689 1153 746 superbiam
1174 689 1274 732 satis
1291 688 1408 733 clara

23 765 86 800 est
108 756 305 816 Apostoli
326 758 510 802 intentio
525 792 535 812 ,
561 773 616 802 ne
642 758 686 801 in
718 758 895 802 homine
916 759 1148 819 quisquam
1179 759 1403 816 glorietur,

23 841 71 870 ac
98 842 176 886 per
201 828 284 872 hoc
314 843 393 871 nec
420 828 466 871 in
491 843 535 871 se
563 828 672 887 ipso.
710 828 905 887 Denique
935 843 1034 872 cum
1064 828 1240 873 dixisset
1275 849 1284 873 ε
1312 831 1412 873 «Ut

25 913 46 938 »
73 912 160 941 non
182 897 388 955 glorietur
419 912 564 943 coram
586 901 674 943 Deo
704 898 843 943 omnis
865 914 964 943 caro
990 918 998 943 :
1028 917 1048 939 >›
1083 908 1133 942 ut
1163 900 1412 943 ostenderet

22 966 67 1009 in
87 982 176 1026 quo
197 966 355 1013 debeat
383 969 516 1013 homo
538 968 728 1028 gloriari,
756 984 855 1014 mox
877 968 1044 1013 addidit
1062 988 1070 1014 :
1092 989 1112 1011 «
1138 972 1202 1013 Ex
1220 971 1313 1029 ipso
1335 985 1413 1013 au-

26 1054 46 1077 »
72 1042 174 1093 terri,
205 1053 280 1083 vos
315 1040 413 1083 estis
451 1040 496 1083 in
526 1040 700 1085 Christo
735 1043 838 1084 Jesu
859 1075 870 1095 ‚
909 1041 985 1100 qui
1023 1039 1164 1085 factus
1198 1049 1262 1085 est
1288 1041 1413 1085 nobis

25 1126 44 1149 >2
72 1110 281 1168 sapientia
298 1126 322 1154 a
336 1113 425 1154 Deo
442 1120 484 1155 et
501 1111 682 1170 justitia,
701 1120 744 1155 et
757 1112 1056 1166 sanctificatio,
1083 1121 1127 1156 et
1145 1111 1409 1170 redemptio:

26 1199 44 1221 »
70 1188 118 1223 ut
139 1180 514 1239 quemadmodum
540 1182 750 1240 scriptum
779 1191 842 1225 est
869 1202 877 1225 ε
903 1183 988 1235 Qui
1009 1181 1236 1241 gloriatur,
1256 1183 1302 1226 in
1324 1185 1414 1226 Do-

25 1268 45 1290 »
72 1251 192 1294 mino
215 1250 424 1308 glorietur
450 1253 465 1276 3
499 1270 507 1294 :
538 1269 558 1291 »
582 1250 684 1295 inde
709 1251 908 1310 pervenit
938 1252 1017 1296 ista
1035 1253 1126 1312 ejus
1148 1253 1349 1305 intentio,
1368 1261 1418 1296 ut

22 1329 171 1379 postea
199 1320 426 1379 increpans
462 1321 579 1365 dicat
606 1341 614 1365 :
656 1341 675 1363 «
705 1322 863 1366 Adhuc
893 1323 1009 1366 enim
1046 1322 1240 1367 carnales
1277 1322 1377 1366 estis
1403 1340 1412 1365 :

26 1409 46 1433 »
69 1406 168 1436 cum
191 1392 306 1435 enim
337 1392 423 1435 sint
444 1392 557 1436 inter
571 1407 645 1436 vos
668 1392 889 1437 aemulatio
909 1403 952 1436 et
973 1395 1214 1447 contentio,
1240 1408 1328 1436 non
1360 1407 1415 1435 ne

26 1479 47 1503 η
73 1460 265 1506 carnales
292 1462 408 1516 estis,
427 1471 470 1505 et
499 1461 740 1506 secundum
762 1462 985 1506 hominem
1009 1462 1240 1505 ambulatis
1263 1464 1280 1503 ἱ)
1302 1464 1416 1506 Cum

26 1549 46 1572 »
73 1532 188 1575 enim
214 1531 310 1590 quis
332 1530 448 1576 dicat
475 1551 483 1576 :
509 1533 601 1589 Ego
622 1530 799 1590 quidem
828 1547 923 1575 sum
947 1531 1091 1585 Pauli,
1120 1531 1228 1575 alius
1247 1540 1410 1585 autem,

28 1619 48 1642 »
73 1617 153 1660 ego
171 1601 329 1660 Apollo
348 1622 359 1659 3
377 1617 523 1646 nonne
536 1603 733 1646 homines
748 1603 875 1646 estis?
896 1602 1013 1655 Quid
1035 1617 1138 1660 ergo
1159 1610 1222 1645 est
1237 1601 1411 1660 Apollo,

28 1689 49 1713 »
74 1671 183 1732 quid
214 1681 360 1716 autem
390 1672 550 1716 Paulus
572 1673 589 1716 Ρ
611 1672 797 1716 Ministri
819 1687 895 1731 per
928 1687 1037 1731 quos
1065 1670 1305 1715 credidistis
1332 1691 1340 1715 :
1373 1681 1417 1715 et

29 1742 309 1802 »unicuique
333 1743 443 1786 sicut
478 1743 685 1787 Dominus
708 1742 844 1786 dedit.
876 1745 972 1801 Ego
1005 1742 1222 1801 plantavi,
1257 1741 1415 1801 Apollo

31 1830 50 1852 »
78 1812 248 1870 rigavit,
271 1813 347 1856 sed
369 1816 484 1856 Deus
504 1813 824 1857 incrementum
844 1812 978 1855 dedit.
1002 1815 1156 1871 Itaque
1174 1828 1318 1871 neque
1337 1812 1414 1870 qui

31 1899 52 1922 »
78 1882 262 1941 plantat,
278 1892 342 1927 est
366 1882 546 1943 aliquid,
565 1898 707 1942 neque
725 1883 799 1942 qui
816 1882 926 1941 rigat
948 1902 956 1926 ε
982 1882 1057 1926 sed
1077 1883 1154 1942 qni
1173 1883 1413 1926 incremen-

32 1970 52 1993 »
81 1963 174 1996 tum
203 1953 278 1996 dat
302 1955 416 1996 Deus
442 1954 472 1995 4.
508 1972 527 1994 »
556 1953 805 1996 Videtis-ne
836 1953 945 1995 nihil
975 1968 1099 2009 agere
1130 1953 1412 2011 Apostolum,

30 2022 109 2066 nisi
131 2032 181 2066 ut
201 2022 457 2066 humilietur
478 2023 627 2076 homo,
652 2031 695 2066 et
717 2022 932 2066 exaltetur
960 2025 1074 2066 Deus
1098 2011 1213 2066 solus
1235 2024 1252 2065 Ρ
1272 2025 1417 2075 Quan-

32 2092 269 2152 doquidem
293 2094 338 2137 in
369 2094 428 2137 eis
458 2093 533 2151 qui
556 2093 810 2151 plantantur
842 2101 885 2136 et
906 2093 1134 2150 rigantur,
1166 2107 1246 2136 nec
1274 2093 1417 2150 ipsum

34 2163 323 2222 plantatorem
358 2172 400 2207 et
431 2164 660 2221 rigatorem
684 2162 788 2207 dicit
810 2177 896 2206 esse
918 2162 1083 2222 aliquid
1105 2198 1115 2217 ,
1141 2162 1216 2206 sed
1245 2163 1321 2222 qui
1349 2163 1418 2205 in-

34 2243 304 2278 crementum
327 2232 417 2288 dat,
444 2236 608 2277 Deum:
635 2233 831 2292 quamvis
865 2241 908 2276 et
936 2233 1020 2277 hoc
1040 2233 1183 2291 ipsum
1206 2232 1327 2292 quod
1349 2232 1420 2276 ille

35 2304 219 2362 plantat,
243 2304 313 2347 hic
335 2305 463 2362 rigat,
491 2319 582 2347 non
599 2303 714 2362 ipsis,
735 2303 810 2347 sed
836 2302 1021 2347 Domino
1039 2302 1219 2357 tribuat,
1242 2302 1390 2346 dicens
1411 2321 1420 2345 ;

39 2392 59 2415 «
94 2374 335 2434 Unicuique
364 2374 474 2418 sicut
503 2374 713 2417 Dominus
736 2372 885 2427 dedit,
916 2388 996 2431 ego
1025 2372 1244 2431 plantavi,
1268 2372 1425 2430 Apollo

89 2483 97 2497 ¹
119 2479 190 2509 Cor.
210 2488 232 2516 1,
255 2487 360 2508 12.—-
376 2483 388 2498 ²
413 2476 494 2509 lbid.
526 2484 577 2516 27.
596 2474 662 2498 -3
684 2475 765 2507 Ibid.
794 2476 852 2513 30,
874 2480 905 2508 et
922 2478 1040 2507 Jercni.
1069 2487 1123 2513 ix,
1153 2476 1205 2506 23.
1225 2492 1264 2496 —
1283 2474 1295 2502 >i
1319 2486 1329 2505 1
1353 2476 1424 2506 Cor.

46 2542 96 2571 iu,
116 2540 135 2563 2
159 2536 190 2563 et
207 2542 296 2573 seqq.

236 2595 383 2625 exuti.
1225 2584 1246 2620 1⁷)
