1884 3285
405 237 487 275 126
836 244 867 269 s.
905 243 1130 275 Aucus-nm
1167 244 1344 275 zmscori

403 310 609 354 detineri¹
639 329 650 364 3
675 307 751 366 qui
774 321 862 350 non
892 307 1096 365 perirent,
1118 308 1151 350 si
1173 308 1230 351 eis
1253 308 1443 366 corporis
1465 322 1595 361 mors,
1611 308 1780 367 lapsum

401 392 550 422 eorum
573 376 855 436 praeveniens,
877 377 1138 420 subveniret.
1162 377 1377 430 Quoniam
1410 376 1556 420 nullus
1581 386 1778 422 mortuus

396 447 618 505 judicatur
632 461 684 489 ex
707 445 832 490 honis
850 461 924 489 seu
943 444 1082 500 malis,
1103 462 1200 505 quae
1219 445 1358 490 fuerat
1379 446 1413 489 si
1430 461 1518 489 non
1542 456 1783 492 moreretur

402 526 576 559 acturus
603 534 611 560 :
639 515 830 574 alioquin
855 515 971 572 Tyrii
989 524 1031 560 et
1051 515 1215 560 Sidonii
1244 531 1331 559 non
1348 514 1586 560 secundum
1613 530 1662 561 ea
1683 532 1785 576 quae

402 595 628 644 gesserunt
652 600 803 644 poenas
833 585 1004 629 luerent
1031 605 1042 642 3
1067 585 1140 629 sed
1163 587 1305 644 potius
1333 584 1572 630 secundum
1606 601 1655 629 ea
1684 602 1784 646 quae

401 656 560 713 gesturi
591 655 792 709 fuerant,
817 656 851 699 si
884 656 929 699 in
959 655 1018 698 eis
1046 654 1130 699 illae
1163 657 1342 700 virtutes
1375 654 1632 712 evangelicae
1658 656 1785 701 factae

400 723 583 770 fuissent
603 760 614 780 ,
635 741 710 785 per
733 724 939 783 grandem
963 726 1262 784 poenitentiam
1296 735 1339 770 et
1368 741 1444 785 per
1466 725 1624 771 Christi
1651 726 1783 774 fidem

401 804 766 853 consequerentur
786 793 989 839 salutem.

458 866 620 908 XXIV.
643 864 829 917 Quidam
843 864 1086 923 disputator
1099 863 1334 908 catholicus
1350 880 1438 909 non
1450 863 1650 922 ignobilis
1662 864 1783 913 hunc

399 933 623 992 Evangelii
651 933 797 979 locum
822 935 882 978 sic
909 934 1121 992 exposuit,
1155 944 1203 978 ut
1231 934 1422 988 diceret,
1450 935 1666 994 praescisse
1693 937 1784 979 Do-

400 1004 566 1047 minum
587 1006 736 1062 Tyrios
759 1014 800 1048 et
826 1005 1021 1050 Sidonios
1044 1021 1066 1049 a
1089 1005 1174 1048 fide
1197 1005 1326 1049 fuisse
1349 1015 1497 1064 postea
1518 1021 1782 1059 recessuros,

400 1089 500 1117 cum
527 1073 647 1118 factis
669 1073 785 1132 apud
806 1089 848 1117 se
871 1073 1088 1117 miraculis
1110 1074 1406 1129 credidissent,
1432 1084 1474 1119 et
1496 1074 1786 1124 misericordia

398 1143 540 1201 potius
562 1160 651 1187 non
672 1159 772 1188 euin
795 1144 881 1188 illic
903 1144 981 1187 ista
1006 1144 1156 1187 fecisse
1179 1146 1409 1203 :quoniam
1434 1145 1615 1202 graviori
1639 1160 1783 1203 poenae

399 1214 573 1257 obnoxii
606 1215 784 1268 fierent,
821 1215 853 1257 si
885 1214 1014 1257 fidem
1046 1230 1178 1273 quam
1213 1225 1441 1259 tenuerant
1476 1215 1749 1275 reliquissent
1769 1251 1781 1271 ,

398 1298 529 1341 quam
552 1284 587 1326 si
614 1298 710 1327 eam
738 1283 860 1327 nullo
884 1291 1078 1341 tempore
1104 1284 1356 1328 tenuissent.
1385 1287 1435 1328 In
1458 1300 1545 1344 qua
1567 1287 1784 1330 sententia

398 1350 514 1395 docti
534 1353 722 1397 hominis
745 1362 788 1396 et
810 1351 1046 1396 admodum
1069 1353 1205 1407 acuti,
1231 1369 1331 1413 quae
1354 1354 1439 1398 sint
1462 1355 1605 1398 adhuc
1628 1355 1786 1400 merito

398 1422 657 1481 requirenda
677 1457 687 1476 ,
719 1422 825 1481 quid
853 1437 923 1466 me
955 1438 1073 1466 nunc
1106 1423 1261 1467 attinet
1291 1423 1456 1478 dicere,
1487 1439 1585 1468 cum
1621 1416 1673 1468 et
1694 1425 1786 1484 ipsa

399 1492 525 1535 nobis
543 1492 597 1536 ad
618 1493 663 1538 id
683 1493 803 1552 quod
825 1493 992 1551 agimus
1009 1493 1296 1551 suffragetur?
1317 1495 1358 1539 Si
1377 1494 1490 1538 enim
1510 1494 1785 1542 miseratione

398 1563 605 1606 Dominus
629 1578 716 1607 non
739 1562 842 1607 fecit
863 1564 906 1606 in
931 1563 1018 1607 istis
1041 1564 1220 1608 virtutes
1242 1599 1253 1619 ,
1275 1580 1349 1623 per
1369 1580 1477 1624 quas
1494 1566 1587 1609 fieri
1604 1575 1785 1624 possent

399 1631 563 1687 fideles,
585 1649 639 1677 ne
656 1634 825 1691 gravius
843 1633 1102 1692 punirentur
1118 1650 1218 1678 cum
1235 1644 1380 1694 postea
1399 1636 1552 1680 fierent
1569 1635 1782 1690 infideles,

399 1702 518 1761 quod
539 1718 611 1747 eos
635 1702 805 1747 futuros
831 1702 960 1747 fuisse
983 1705 1196 1762 praescivit
1223 1724 1230 1748 :
1256 1705 1356 1748 satis
1378 1714 1620 1764 aperteque.
1635 1721 1783 1756 mons÷

400 1780 553 1824 tratur,
592 1772 646 1816 de
681 1774 745 1816 his
786 1773 970 1831 peccatis
1011 1775 1226 1818 neminem
1268 1774 1454 1833 judicari
1488 1785 1779 1830 mortuorum,

397 1857 495 1899 quae
517 1842 732 1900 praescivit
754 1842 885 1886 fuisse
907 1843 1123 1886 facturum
1147 1878 1157 1896 ,
1183 1845 1215 1888 si
1243 1844 1388 1903 aliquo
1413 1844 1545 1889 modo
1566 1845 1605 1889 ei
1630 1861 1686 1890 ne
1710 1845 1785 1892 illa

395 1909 523 1954 faciat
543 1912 799 1956 subvenitur
820 1931 828 1956 :
847 1912 958 1956 sicut
983 1913 1118 1969 Tyriis
1135 1923 1178 1957 et
1200 1915 1402 1969 Sidoniis,
1425 1915 1459 1958 si
1479 1915 1693 1959 sententia
1711 1915 1784 1960 illa

396 1995 496 2024 vera
525 1989 616 2035 est,
652 1981 901 2024 subvenisse
931 1980 1090 2025 dicitur
1116 1983 1336 2037 Christus,
1367 2000 1476 2043 quos
1505 1984 1659 2028 maluit
1694 2000 1785 2029 non

397 2048 601 2092 accedere
621 2050 676 2092 ad
695 2050 843 2104 fidem,
861 2065 991 2109 quam
1013 2050 1172 2095 scelere
1192 2051 1332 2096 multo
1351 2054 1545 2110 graviore
1562 2054 1785 2098 discedere

400 2134 423 2162 a
441 2118 527 2162 fide
545 2118 665 2177 quod
681 2134 769 2173 eos,
791 2120 824 2163 si
845 2121 1133 2175 accessissent,
1154 2123 1413 2180 praeviderat
1430 2122 1557 2167 fuisse
1574 2123 1780 2168 facturos.

401 2189 607 2241 Quamvis
629 2189 661 2232 si
683 2188 868 2244 dicatur,
893 2192 983 2235 Cur
1005 2206 1095 2234 non
1117 2189 1280 2235 factum
1303 2201 1367 2236 est
1387 2202 1436 2236 ut
1456 2192 1682 2237 crederent
1704 2209 1785 2252 po-

402 2257 502 2312 tius,
523 2269 567 2302 et
588 2259 670 2303 hoc
691 2260 750 2302 eis
773 2269 1063 2318 praestaretur,
1088 2269 1137 2304 ut
1160 2270 1393 2321 antequam
1415 2262 1546 2307 fidem
1569 2261 1785 2322 relinque-

402 2337 498 2372 rent
516 2362 527 2382 ,
570 2344 621 2371 ex
656 2329 737 2372 hac
775 2329 858 2372 vita
895 2329 1157 2385 migrarent?
1193 2330 1300 2389 quid
1337 2332 1587 2390 responderi
1622 2333 1781 2391 possit,

401 2398 569 2456 ignoro.
602 2400 688 2452 Qui
719 2399 834 2443 enim
863 2399 985 2454 dicit,
1019 2399 1227 2445 relicturis
1254 2401 1386 2446 fidem
1415 2402 1626 2448 beneficio
1654 2402 1785 2454 fuisse

401 2481 670 2523 concessum,
687 2483 742 2512 ne
762 2468 926 2512 habere
946 2468 1187 2528 inciperent
1207 2470 1326 2530 quod
1349 2472 1542 2530 graviore
1563 2472 1785 2532 impietate

452 2557 460 2574 ¹
483 2553 637 2594 Rom-1¹,
660 2552 709 2594 14.

1860 514 1871 722 l

1863 968 1872 1317 j
