1821 3264
315 212 367 242 DE
397 204 794 240 PRAEDESTINATloNE
826 201 1090 231 SANCTORtM.
1343 181 1395 220 55

84 287 120 329 I.
147 286 318 327 D1x1ss13
348 274 524 336 quidem
545 267 799 329 Apostolum
827 270 836 290 ¹
863 267 1018 310 scimus
1047 265 1092 307 in
1120 258 1312 320 Epistola
1344 259 1399 301 ad

27 354 322 411 Philippenses
345 365 355 391 ε
381 364 401 387 «
425 341 588 388 Eadem
605 338 791 384 scribere
811 336 956 388 vobis,
979 334 1087 377 mihi
1114 331 1291 391 quidem
1314 343 1404 372 non

32 444 53 466 »
80 423 267 483 pigrum,
291 415 413 462 vobis
431 421 576 457 autem
593 418 738 454 tutum
754 408 857 450 est2.
879 425 895 446 »
915 402 1034 447 Idem
1054 412 1199 445 tamen
1216 399 1406 444 scribens

33 494 89 540 ad
125 490 295 537 Galatas
315 522 327 543 ‚
366 500 466 531 cum
504 497 548 526 se
584 480 683 525 satis
714 474 832 536 apud
863 489 934 518 eos
957 473 1090 531 egisse
1116 470 1407 529 perspiceret,

34 561 155 624 quod
185 560 268 604 illis
295 572 372 617 per
394 551 677 599 ministerium
698 545 907 592 sermonis
929 542 994 587 sui
1021 538 1307 585 necessarium
1324 551 1413 579 esse

35 632 241 680 cernebat
267 649 276 674 z
306 647 325 671 «
351 630 413 671 De
432 633 606 676 caetero,
625 619 785 679 inquit,
810 615 1003 660 laborem
1024 611 1130 655 mihi
1150 624 1278 652 nemo
1300 621 1415 666 prae-

40 711 155 748 »stet
181 720 190 746 2
225 718 244 741 »
266 696 353 752 vel,
378 696 489 740 sicut
507 694 552 737 in
569 689 784 751 plerisque
805 684 1028 730 codicibus
1042 681 1215 738 legitur,
1239 697 1259 719 «
1278 679 1417 722 Nemo

42 773 181 818 ›rmihi
200 770 404 814 molestus
425 766 478 809 sit
507 766 538 807 3.
571 781 590 803 »
617 763 711 819 Ego
736 766 880 802 autem
913 752 1110 814 quamvis
1138 764 1207 792 me
1239 746 1420 792 moleste

40 845 152 890 ferre
180 841 389 886 confitear
407 872 418 892 ,
437 833 557 896 quod
593 831 746 876 divinis
778 826 960 886 eloquiis
991 823 1149 883 quibus
1176 819 1252 864 Dei
1288 817 1423 875 gratia

42 912 318 976 praedicatur,
339 911 356 967 (
383 922 482 967 quae
504 904 682 949 omnino
705 898 826 944 nulla
843 906 927 949 est,
953 895 987 939 si
1008 891 1250 938 secundum
1273 887 1425 932 merita

44 992 189 1030 nostra
219 980 364 1031 datur,
390 982 404 1034 )
437 986 525 1021 tam
559 971 708 1017 multis
738 965 1062 1024 manifestisque
1095 976 1186 1006 non
1219 957 1388 1003 ceditur
1414 975 1424 1001 ε

46 1063 236 1100 vestrum
271 1059 420 1094 tamen
450 1045 644 1091 studium
667 1041 992 1096 fraternamque
1026 1031 1302 1078 dilectionem
1323 1062 1334 1082 ‚
1354 1025 1431 1070 filii

47 1122 286 1172 charissimi
314 1124 496 1177 Prosper
520 1125 562 1160 et
590 1112 754 1166 Hilari,
781 1125 868 1170 qua
890 1123 962 1152 eos
985 1105 1062 1165 qui
1087 1102 1194 1148 tales
1215 1107 1317 1145 sunt
1337 1132 1348 1153 ‚
1373 1097 1434 1140 ita

49 1212 139 1242 non
156 1194 287 1239 vultis
304 1204 462 1243 errare,
486 1196 538 1231 ut
553 1194 650 1245 post
673 1191 737 1227 tot
757 1181 889 1226 libros
905 1179 960 1223 de
976 1179 1058 1221 hac
1081 1189 1126 1218 re
1145 1171 1214 1217 vel
1234 1167 1434 1229 epistolas

51 1281 168 1313 meas
185 1299 196 1320 ,
221 1263 364 1307 adhuc
386 1274 454 1303 me
477 1255 725 1301 desideretis
746 1253 848 1296 hinc
869 1249 1057 1294 scribere
1073 1281 1084 1300 ,
1109 1252 1283 1288 tantum
1307 1253 1404 1284 amo
1421 1272 1432 1291 ,

54 1344 270 1399 quantum
285 1346 374 1376 non
395 1341 570 1389 possum
595 1325 737 1369 dicere
755 1343 767 1379 3
786 1330 828 1365 et
849 1328 1021 1364 tantum
1040 1329 1110 1359 me
1125 1326 1284 1364 amare,
1303 1322 1439 1368 quan-

56 1419 153 1454 tum
184 1404 324 1450 debeo
338 1437 349 1456 ,
375 1415 466 1444 non
488 1398 629 1442 audeo
650 1394 808 1438 dicere.
835 1393 1110 1447 Quapropter
1132 1397 1231 1428 ecce
1253 1378 1442 1425 rescribo

58 1478 181 1526 vobis
198 1511 209 1532 ‚
234 1484 277 1520 et
305 1473 407 1517 licet
423 1472 512 1531 jam
541 1483 630 1512 non
655 1464 880 1509 vobiscum
901 1495 912 1515 ,
937 1468 1082 1503 tamen
1107 1455 1236 1499 etiam
1268 1465 1344 1511 per
1367 1462 1442 1493 vos

63 1549 206 1595 adhuc
224 1560 321 1604 ago,
342 1541 462 1603 quod
484 1555 554 1583 me
576 1537 676 1582 satis
693 1536 826 1592 egisse
842 1529 1088 1576 credebam.

120 1622 180 1664 11.
207 1613 496 1663 Consideratis
513 1611 626 1654 enim
651 1606 804 1651 litteris
825 1601 973 1648 vestris
994 1599 1141 1644 videre
1168 1593 1277 1640 mihi
1297 1591 1447 1636 videor

65 1706 137 1736 eos
156 1689 311 1735 fratres
329 1721 340 1741 ‚
365 1699 444 1745 pro
466 1681 624 1742 quibus
654 1677 798 1737 geritis
830 1675 947 1733 piam
975 1684 1121 1716 curam
1143 1702 1155 1723 ‚
1187 1681 1242 1710 ne
1272 1669 1449 1708 teneant

5 1807 17 1813 ,
67 1761 280 1822 poeticam
302 1754 675 1809 sententiam,qua
687 1749 853 1791 dictum
876 1752 939 1787 est
961 1761 970 1786 ι
998 1743 1102 1799 Spes
1117 1737 1200 1781 sibi
1219 1732 1448 1794 quisque4:

69 1842 112 1876 et
133 1831 178 1874 in
208 1825 319 1872 illud
348 1825 573 1869 incurrant
604 1817 724 1879 quod
746 1831 835 1860 non
866 1812 1034 1873 poetice
1055 1844 1066 1864 ‚
1091 1808 1166 1851 sed
1198 1800 1452 1864 prophetice

71 1901 237 1946 dictum
255 1905 319 1940 est
341 1914 349 1939 :
375 1913 396 1936 «
413 1891 670 1937 Maledictus
694 1886 833 1931 omnis
856 1884 932 1943 qui
948 1894 1069 1940 spem
1090 1878 1222 1921 habet
1243 1876 1289 1918 in
1309 1870 1454 1916 homi-

74 1993 96 2016 »
116 1986 171 2016 ne
186 1972 200 1997 ⁵
215 1989 224 2014 :
243 1988 265 2010 »
290 1982 342 2011 eo
356 1964 488 2010 modo
504 1976 593 2006 esse
606 1957 871 2010 tractandos,
886 1968 975 2013 quo
992 1948 1192 1995 tractavit
1205 1942 1452 2002 Apostolus,

74 2042 232 2103 quibus
254 2039 312 2083 ait
339 2057 350 2082 ⁸.
387 2056 407 2077 α
439 2033 530 2079 Etsi
552 2030 660 2091 quid
681 2029 803 2073 aliter
820 2024 967 2084 sapitis
988 2058 1000 2077 ,
1028 2022 1112 2065 hoc
1130 2031 1306 2078 quoque
1333 2012 1458 2058 vobis

79 2134 100 2155 »
126 2116 240 2157 Deus
262 2106 513 2153 revelabitss.
535 2122 555 2144 »
582 2101 738 2147 Adhuc
761 2098 923 2157 quippe
948 2095 993 2137 in
1013 2090 1253 2151 quaestione
1272 2085 1461 2143 caligant

79 2184 134 2228 de
165 2175 542 2241 praedestinatione
563 2180 811 2216 sanctorum
833 2185 842 2211 :
868 2166 944 2210 sed
971 2163 1135 2207 habent
1154 2158 1272 2202 unde
1297 2157 1331 2199 si
1355 2151 1462 2214 quid

83 2254 204 2298 aliter
229 2252 274 2294 in
296 2264 345 2292 ea
368 2246 542 2305 sapiunt
562 2278 573 2298 ,
594 2243 677 2286 hoc
699 2252 877 2300 quoque
897 2235 980 2279 illis
1011 2231 1172 2276 revelet
1190 2232 1303 2273 Deus
1324 2261 1334 2280 ‚
1361 2226 1393 2268 si
1421 2224 1465 2266 in

84 2339 135 2368 eo
153 2319 377 2366 ambulent
394 2317 439 2360 in
459 2313 579 2375 quod
597 2316 903 2372 pervenerunt.
930 2308 1111 2361 Propter
1135 2297 1255 2358 quod
1277 2301 1465 2354 Aposto-

85 2395 154 2440 lus
179 2406 279 2436 cum
308 2388 480 2433 dixisset
512 2405 520 2429 :
549 2402 569 2426 «
607 2384 649 2428 Si
679 2379 784 2441 quid
815 2378 937 2421 aliter
965 2373 1110 2433 sapitis
1130 2407 1141 2425 ‚
1175 2371 1258 2413 hoc
1291 2378 1467 2426 quoque

139 2501 148 2517 ¹
175 2493 254 2525 Vide
278 2494 318 2523 D.
337 2489 473 2529 Guillon‚
494 2492 570 2518 torn.
591 2495 672 2524 xxxi,
694 2493 764 2524 pag.
792 2478 952 2518 332-22'1.
972 2494 1008 2498 ——
1027 2483 1037 2496 ⁷
1063 2473 1172 2515 phi.ip.
1195 2484 1237 2510 m,
1291 2486 1349 2500 .—⁷
1368 2466 1379 2489 3
1400 2466 1465 2499 Gal.

93 2562 137 2588 vr,
163 2560 259 2589 13—
277 2546 291 2575 4
309 2545 415 2586 Vir-gil.
438 2542 559 2574 Aineid.
582 2541 636 2572 lib.
653 2551 688 2570 n.
707 2556 730 2560 —
756 2535 768 2558 5
786 2539 906 2567 ,ΙΝ-ειη,
924 2543 1000 2565 xvn,
1020 2531 1051 2562 5.
1070 2527 1135 2551 ——s'
1152 2527 1262 2567 Philip.
1280 2536 1325 2559 ur>v
1349 2523 1398 2553 ιῖἰ.
