1821 3264
239 304 383 331 omnus
415 303 592 332 mezur.
627 302 791 334 CONTRA
823 306 992 336 JULIAN.
1029 309 1112 337 mn.
1148 311 1196 338 11.
1332 299 1417 339 329

32 382 135 414 nere
152 367 326 412 molitus
343 378 437 414 est:
460 378 636 429 propter
655 370 774 429 qnod
795 387 891 431 ego,
915 376 1212 433 praetermissis
1232 375 1339 443 aliis,
1363 376 1419 421 ad

32 455 124 484 eam
149 441 374 498 properavi
398 450 586 499 paitem,
611 451 662 486 ut
681 443 781 502 quia
802 459 871 488 me
890 446 1169 503 promiseram
1194 447 1307 492 hanc
1329 463 1419 492 esse

31 511 316 571 quaestionem
348 511 393 555 in
423 511 615 556 secundo
649 514 872 558 volumine
899 516 1168 571 solutuium,
1210 527 1253 561 et
1286 518 1419 563 fidem

30 582 321 642 promissionis
342 583 590 642 implerem,
627 593 670 628 et
698 587 1016 643 argumentatio
1048 587 1163 631 illius
1191 604 1291 648 quae
1312 598 1420 634 esset

29 654 324 708 ostenderem,
350 670 405 699 ne
428 664 604 714 putarer
634 655 782 701 fecisse
804 657 1026 713 fraudem,
1058 658 1091 702 si
1114 657 1229 702 illius
1250 661 1419 720 exposi-

29 725 146 770 tione
185 740 411 784 suppressa
430 760 440 780 ‚
477 741 569 769 eam
606 742 737 786 quam
773 728 1032 773 catholicam
1066 727 1256 773 fatemur
1282 729 1420 774 infer-

28 811 134 840 rem.
173 811 192 837 ὐ

85 870 377 912 At'GUSTlNUs.
404 867 680 927 Pelagianam
706 867 907 913 illaturus
929 885 973 914 es
991 905 1002 925 ,
1028 886 1115 916 non
1139 873 1414 918 catholicam.

27 937 248 982 Catholica
276 937 349 982 illa
377 947 464 993 est,
496 955 595 999 quae
628 938 816 984 ostendit
834 941 1001 1000 justum
1036 945 1173 987 Deum
1204 945 1249 987 in
1280 952 1343 988 tot
1372 960 1421 989 ac

25 1010 154 1053 tantis
178 1010 318 1068 poenis
341 1019 384 1054 et
403 1011 668 1055 cruciatibus
692 1013 999 1071 parvulorum3
1024 1029 1134 1075 quos
1156 1015 1200 1058 in
1224 1015 1421 1075 paradiso

25 1079 141 1124 ullus
171 1095 321 1125 eorum
356 1080 477 1125 nulla
509 1083 715 1142 aequitate
747 1083 948 1139 sentiret,
974 1083 1007 1127 si
1042 1093 1198 1130 natura
1230 1086 1421 1131 humana

25 1151 173 1195 vitiata
197 1161 377 1210 peccato
394 1187 405 1207 ,
431 1161 474 1197 et
496 1154 651 1198 merito
673 1152 878 1199 damnata
896 1170 986 1199 non
998 1164 1120 1200 esset.

83 1224 252 1266 XXIII.
276 1225 508 1268 Jt-mAms,
536 1243 556 1266 «
589 1227 845 1269 Retractans
882 1226 1015 1284 igitur
1043 1226 1087 1270 in
1125 1228 1265 1287 primo
1293 1243 1423 1288 opere

25 1307 122 1337 meo
145 1294 402 1337 sententiam
434 1295 524 1354 ejus
542 1330 552 1350 ,
581 1311 665 1354 qua
688 1295 878 1341 dixerat¹
907 1315 916 1340 ι
945 1299 1094 1342 »Nam
1127 1298 1237 1342 sicut
1270 1314 1422 1358 peeca-

26 1373 142 1418 tum,
181 1365 270 1409 sive
305 1365 436 1421 hinc,
468 1366 555 1410 sive
584 1366 686 1410 inde
714 1368 911 1410 trahatur
930 1384 952 1411 a
975 1368 1187 1427 parvulis,
1229 1386 1338 1430 opus
1359 1381 1422 1416 est

24 1434 186 1479 diaboli
208 1456 219 1492 3
244 1436 302 1479 sic
323 1436 472 1491 homo,
495 1436 584 1481 sive
606 1437 726 1492 hinc,
752 1438 840 1481 sive
863 1439 964 1482 inde
986 1449 1205 1496 nascatur,
1227 1456 1336 1500 opus
1359 1451 1423 1486 est

26 1506 133 1549 Dei:
167 1523 186 1547 «
220 1506 277 1550 ita
307 1515 452 1551 autem
484 1522 507 1551 a
535 1522 605 1551 me
633 1523 752 1551 nunc
786 1508 854 1552 hic
884 1509 1094 1565 refertur,
1118 1510 1229 1554 sicut
1257 1512 1301 1554 in
1324 1527 1422 1556 meo

26 1590 156 1634 opere
173 1576 442 1633 continetur,
468 1578 587 1623 unde
608 1579 838 1623 maximam
857 1589 1027 1639 partem
1044 1580 1188 1625 fuerat
1210 1581 1290 1626 iste
1307 1582 1422 1627 fura-

28 1656 108 1691 tus.
129 1666 148 1688 »

87 1722 153 1763 Αι
158 1738 214 1764 Gt
220 1739 342 1765 svm
348 1741 380 1764 s.
410 1722 478 1766 Sic
519 1737 619 1766 vera
657 1723 866 1782 disputas,
908 1723 1132 1782 quomodo
1169 1739 1244 1768 vei
1248 1740 1322 1768 um
1359 1734 1424 1770 est

28 1772 147 1850 quod
171 1806 251 1849 ego
273 1789 384 1835 illa
370 1790 539 1836 'uratus
557 1809 682 1838 sum:
698 1809 799 1837 cum
822 1795 967 1853 potius
990 1794 1063 1838 ille
1077 1796 1201 1855 cujus
1222 1796 1423 1841 chartula

28 1861 136 1904 mihi
158 1863 283 1905 missa
307 1871 396 1917 est,
423 1863 542 1923 quod
561 1863 699 1908 voluit
715 1873 846 1924 atque
861 1874 910 1909 ut
927 1865 1091 1919 voluit,
1113 1881 1162 1908 ex
1178 1881 1308 1926 opere
1324 1876 1419 1923 tuo,

29 1931 207 1976 arbitrio
224 1948 302 1977 suo
317 1897 572 1994 judicioque
597 1934 874 1979 trsnstulerit.

86 2004 249 2046 XXIV.
285 2005 463 2048 JULIANI
480 2024 512 2047 s.
558 2025 571 2044 α
602 2005 822 2064 Respondi
860 2020 961 2063 ergo
996 2006 1057 2049 ibi
1096 2025 1104 2050 z
1141 2009 1206 2049 Tu
1241 2005 1420 2066 quidem

27 2074 160 2132 (pace
183 2075 418 2132 magisterii
452 2076 513 2119 tui
540 2075 750 2127 dixerim)
771 2077 1059 2134 tergiversaris
1084 2095 1093 2121 :
1127 2076 1203 2121 sed
1228 2077 1422 2136 intellige

30 2143 151 2203 quod
164 2144 372 2189 ademerit
386 2146 465 2189 tibi
479 2147 636 2190 veritas
651 2147 869 2191 licentiam
888 2147 1166 2206 pervagandi.
1180 2150 1290 2192 Ecce
1305 2149 1419 2192 enim

32 2224 75 2259 et
89 2231 166 2259 nos
182 2216 511 2276 acquiescimus,
528 2219 628 2278 quia
642 2228 868 2277 peccatum
887 2234 994 2278 opus
1008 2229 1070 2263 est
1088 2218 1212 2263 malae
1226 2219 1422 2264 volunta-

34 2286 101 2341 tis,
128 2286 196 2330 vel
219 2302 327 2346 opus
343 2297 407 2331 est
428 2288 589 2332 diaboli
619 2309 626 2333 z
649 2289 723 2333 sed
737 2305 813 2349 per
830 2290 935 2351 quid
953 2291 1037 2335 hoc
1055 2300 1282 2350 peccatum
1302 2292 1423 2336 inve-

34 2358 155 2402 nitur
175 2359 220 2403 in
246 2359 458 2418 parvulo?
483 2363 562 2403 Per
580 2360 878 2406 voluntatem?
893 2371 935 2406 at
954 2362 1073 2407 nulla
1092 2363 1137 2406 in
1155 2378 1205 2407 eo
1218 2362 1316 2407 fuit.
1344 2366 1423 2407 Per

34 2426 218 2472 formam
242 2431 464 2489 corporis?
483 2431 558 2475 sed
588 2432 699 2475 hanc
732 2435 846 2476 Deus
875 2433 1044 2477 tribuit.
1072 2436 1152 2476 Per
1183 2433 1422 2491 ingressum

33 2498 221 2542 animae?
242 2499 316 2543 sed
333 2499 441 2543 nihil
464 2499 596 2545 debet
615 2502 767 2545 semini
790 2502 1018 2562 corporali,
1040 2518 1140 2562 quae
1158 2518 1268 2546 nova
1291 2518 1312 2547 a
1333 2506 1423 2548 Deo
1462 2561 1469 2566 ῃ

33 2569 251 2614 conditur.
280 2574 360 2615 Per
389 2573 588 2631 nuptias?
619 2575 694 2618 sed
716 2575 784 2618 hae
808 2575 1027 2633 pertinent
1045 2573 1099 2619 ad
1123 2590 1231 2634 opus
1262 2590 1422 2634 paren-

87 2661 94 2677 ¹
113 2655 191 2688 Vide
210 2656 264 2687 lib.
283 2668 294 2690 1
315 2657 354 2689 de
372 2658 509 2699 Nuptiis,
530 2669 602 2701 cap.
625 2671 652 2691 ι.
