1884 3285
429 227 481 265 34
858 232 889 259 S.
928 232 1157 259 Ausus'rim
1193 232 1369 258 zmseori

416 302 562 361 junxit
583 301 628 343 in
651 300 816 342 unitate
838 311 1032 356 personae
1054 295 1274 342 hominem
1301 298 1390 339 Deo
1405 328 1416 349 ,
1441 307 1614 337 earnem
1635 294 1796 338 Verbo.

424 376 553 416 Istam
573 369 838 413 nativitatem
859 368 972 414 bona
989 383 1118 427 opera
1140 376 1286 411 secuta
1301 374 1418 420 sunt,
1437 380 1526 409 non
1543 365 1655 408 bona
1669 378 1803 422 opera

423 447 690 484 meruerunt.
706 441 855 498 Neque
872 439 986 482 enim
1005 438 1289 481 metuendum
1303 445 1410 490 erat,
1429 451 1482 479 ne
1496 436 1577 479 isto
1590 433 1804 478 ineffabili

422 510 553 553 modo
576 510 619 553 in
643 509 853 553 unitatem
883 523 1077 566 personae
1099 524 1120 551 a
1144 507 1290 551 Verbo
1318 509 1405 550 Deo
1428 514 1582 549 natura
1610 505 1803 548 humana

422 588 634 638 suscepta,
658 595 733 638 per
750 579 935 623 liberum
957 579 1192 622 voluntatis
1214 586 1412 637 peccaret
1434 575 1676 629 arbitrium,
1702 589 1804 619 cum

422 650 511 708 ipsa
543 650 757 708 susceptio
786 649 882 693 talis
916 657 1054 702 esset,
1092 657 1141 692 ut
1173 657 1326 692 natura
1355 646 1543 691 hominis
1572 661 1596 689 a
1627 648 1716 688 Deo
1746 644 1803 689 ita

423 728 636 778 suscepta,
652 718 823 762 nullum
841 719 887 762 in
902 733 946 762 se
964 727 1131 762 motum
1150 717 1274 761 malae
1289 715 1522 761 voluntatis
1537 715 1802 758 admitteret.

425 793 505 833 Per
532 791 647 834 hune
665 789 947 834 Mediatorem
974 792 1085 833 Deus
1114 789 1301 833 ostendit
1333 803 1426 842 eos,
1451 801 1560 846 quos
1582 786 1673 845 ejus
1702 799 1806 831 san-

423 859 554 917 guine
585 859 799 913 redemit,
827 858 974 903 facere
995 873 1039 902 se
1060 873 1111 902 ex
1134 857 1256 902 malis
1286 858 1490 916 deinceps
1517 857 1562 902 in
1591 865 1806 900 aeternum

423 929 561 974 bonos
577 964 587 983 ‚
612 945 742 989 quem
763 930 823 973 sic
844 929 1046 988 suscepit,
1073 938 1122 973 ut
1141 942 1370 989 nunquam
1399 935 1509 972 esset
1534 926 1674 973 malus
1690 960 1703 981 ‚
1725 940 1806 971 nec

424 1014 476 1042 ex
497 998 610 1043 malo
632 999 771 1043 factus
787 1014 954 1057 semper
976 1008 1087 1043 esset
1104 999 1260 1043 bonus.

483 1071 645 1113 XXXI.
675 1072 805 1114 Istam
832 1069 1012 1127 gratiam
1036 1084 1124 1113 non
1155 1069 1310 1113 habuit
1339 1069 1473 1113 homo
1497 1066 1663 1126 primus
1682 1099 1695 1119 ‚
1719 1080 1808 1124 qua

424 1154 649 1199 nunquam
674 1139 806 1184 vellet
828 1155 917 1184 esse
940 1138 1077 1183 malus
1108 1159 1116 1184 :
1149 1138 1224 1183 sed
1251 1154 1353 1183 sane
1381 1137 1564 1191 habuit,
1591 1136 1637 1181 in
1658 1150 1746 1194 qua
1772 1134 1809 1181 si

424 1224 676 1267 permanere
691 1209 835 1263 vellet,
856 1225 1080 1267 nunquam
1097 1208 1235 1251 malus
1253 1217 1378 1262 esset,
1399 1216 1443 1252 et
1456 1207 1548 1254 sine
1567 1222 1656 1266 qua
1676 1205 1809 1251 etiam

423 1293 522 1322 cum
543 1279 680 1322 libero
700 1279 879 1322 arbitrio
898 1279 1039 1322 bonus
1057 1293 1146 1322 esse
1161 1293 1248 1323 nou
1272 1287 1432 1337 posset,
1456 1278 1532 1323 sed
1553 1291 1649 1321 eam
1662 1285 1810 1321 tamen

422 1348 692 1407 perliberum
702 1349 927 1393 arbitrium
941 1349 1135 1393 deserere
1148 1357 1306 1407 posset.
1321 1351 1408 1394 Nec
1425 1348 1564 1408 ipsum
1581 1362 1682 1405 ergo
1698 1350 1811 1391 Deus

425 1434 513 1462 esse
534 1419 673 1464 voluit
704 1420 795 1463 sine
828 1435 903 1463 sua
931 1420 1064 1478 gratia
1084 1454 1095 1474 ‚
1122 1434 1253 1479 quam
1286 1419 1461 1479 reliquit
1490 1419 1536 1462 in
1562 1420 1654 1479 ejus
1668 1417 1810 1462 libero

426 1491 618 1534 arbitrio.
643 1492 859 1543 Quoniam
882 1490 1071 1534 liberum
1090 1490 1318 1534 arbitrium
1350 1489 1405 1534 ad
1433 1490 1596 1535 malum
1621 1489 1808 1544 sufficit,

427 1560 481 1604 ad
504 1561 670 1604 bonum
704 1571 850 1604 autem
872 1576 1026 1620 parum
1046 1570 1110 1605 est
1130 1596 1140 1615 ‚
1177 1561 1257 1605 nisi
1282 1561 1511 1621 adjuvetur
1540 1562 1594 1605 ab
1616 1560 1814 1618 omnipo-

427 1632 534 1674 tenti
549 1631 818 1684 bono.Quod
841 1630 1103 1692 adjutorium
1125 1632 1159 1675 si
1180 1633 1312 1675 homo
1329 1631 1401 1675 ille
1418 1647 1494 1691 per
1512 1630 1700 1675 liberum
1721 1646 1812 1675 non

426 1699 680 1744 deseruisset
703 1702 948 1756 arbitrium,
973 1716 1141 1760 semper
1164 1711 1273 1746 esset
1299 1702 1440 1746 bonus
1467 1720 1475 1746 :
1500 1700 1576 1746 sed
1602 1700 1809 1756 deseruit,

427 1779 470 1813 et
488 1770 681 1814 desertus
705 1781 782 1814 est.
810 1771 911 1814 Tale
932 1772 1096 1830 quippe
1117 1782 1208 1816 erat
1230 1772 1517 1832 adjutorium,
1539 1771 1659 1831 quod
1684 1771 1812 1815 dese-

427 1850 538 1884 reret
561 1857 661 1885 eum
685 1841 830 1895 vellet,
848 1851 891 1885 et
912 1842 958 1885 in
979 1858 1067 1901 quo
1088 1853 1360 1901 permaneret
1378 1845 1411 1887 si
1434 1843 1563 1887 vellet
1584 1864 1595 1901 3
1620 1858 1708 1887 non
1723 1857 1813 1903 quo

427 1909 548 1954 fieret
565 1921 615 1955 ut
632 1910 775 1955 vellet.
803 1914 906 1955 Haec
928 1912 1066 1970 prima
1097 1921 1159 1955 est
1183 1915 1318 1971 gratia
1343 1929 1442 1972 quae
1463 1912 1564 1957 data
1587 1921 1650 1957 est
1672 1913 1812 1971 primo

430 1981 568 2023 Adam
605 1999 614 2024 z
644 1980 719 2024 sed
748 1981 828 2024 hac
857 1982 1076 2039 potentior
1107 1991 1170 2025 est
1191 1983 1235 2025 in
1258 1983 1451 2027 secundo
1476 1982 1630 2027 Adam.
1671 1983 1814 2027 Prima

427 2060 491 2094 est
506 2052 620 2094 enim
634 2067 720 2111 qua
738 2052 787 2094 fit
803 2052 1021 2095 uthabeat
1038 2053 1170 2096 homo
1188 2053 1398 2112 justitiam
1414 2054 1447 2098 si
1469 2054 1574 2099 velit
1595 2073 1604 2099 :
1623 2055 1814 2098 secunda

429 2135 529 2178 ergo
551 2121 649 2180 plus
671 2130 841 2180 potest,
867 2138 952 2180 qua
976 2123 1103 2166 etiam
1138 2123 1186 2166 fit
1216 2133 1266 2167 ut
1286 2124 1407 2178 velit,
1432 2133 1474 2168 et
1495 2134 1666 2169 tantum
1689 2125 1810 2180 velit,

428 2199 638 2251 tantoque
667 2191 819 2235 ardore
848 2190 1000 2250 diligat
1020 2227 1031 2246 ,
1057 2202 1106 2236 ut
1138 2194 1276 2238 carnis
1299 2193 1568 2239 voluntatem
1599 2196 1815 2239 contraria

427 2262 806 2320 concupiscentem
821 2262 1045 2306 voluntate
1062 2263 1234 2321 spiritus
1256 2264 1414 2308 vineat.
1443 2268 1528 2309 Nec
1542 2264 1615 2310 illa
1632 2266 1814 2325 quidem

428 2345 559 2388 parva
595 2341 685 2375 erat
706 2366 716 2385 ‚
753 2347 839 2390 qua
873 2330 1166 2376 demonstrata
1199 2342 1260 2377 est
1296 2334 1424 2376 etiam
1457 2334 1650 2393 potentia
1685 2334 1815 2378 liberi

430 2401 616 2456 arbitrii,
642 2401 850 2461 quoniam
871 2402 930 2445 sie
964 2403 1273 2462 adjuvabatur,
1301 2412 1349 2447 ut
1373 2405 1462 2447 sine
1492 2405 1574 2448 hoc
1595 2404 1812 2464 adjutorio

428 2469 474 2513 iu
496 2470 611 2515 bono
634 2486 723 2515 non
745 2480 939 2515 maneret
957 2506 967 2525 ‚
995 2472 1072 2515 sed
1089 2473 1171 2516 hoc
1194 2472 1457 2533 adjutorium
1479 2473 1510 2517 si
1535 2473 1665 2519 vellet
1687 2473 1814 2519 dese-

432 2548 556 2583 reret.
580 2543 683 2585 Haec
707 2550 851 2586 autem
874 2549 997 2586 tanto
1028 2542 1164 2600 major
1191 2552 1282 2598 est,
1307 2551 1356 2587 ut
1383 2557 1536 2602 parum
1564 2543 1614 2589 sit
1646 2543 1813 2590 homini
1882 2586 1884 2607 ὲ
