1884 3285
1848 121 1853 188 ἔ

445 261 528 302 250
868 270 901 298 s.
939 268 1168 297 weusmi
1201 269 1379 297 tracon
1848 195 1854 289 ι

501 336 676 379 LXXV.
711 335 938 377 Jmmus.
979 351 1000 375 «
1028 335 1131 377 Tam
1168 335 1282 376 enim
1314 332 1542 377 scelestum
1577 340 1668 388 est,
1699 333 1820 392 quod
1849 293 1857 383 i

441 405 627 464 suscepit
656 404 951 463 praevaricatio
981 403 1186 463 pudenda
1211 403 1472 461 Babylonis,
1499 412 1548 447 ut
1569 417 1670 448 cum
1692 419 1717 447 a
1737 419 1819 449 no-
1850 385 1856 455 l

440 475 504 519 bis
526 475 729 534 objicitur
743 509 753 528 ,
781 490 803 518 a
820 474 942 518 vobis
964 483 1147 532 negetur
1168 492 1177 518 :
1200 483 1242 517 et
1260 483 1348 517 tam
1370 480 1570 517 sanctum
1589 482 1654 517 est
1670 507 1681 526 ‚
1701 474 1821 533 quod

441 561 464 589 a
486 545 611 589 nobis
633 544 826 589 creditur
841 580 851 598 ,
875 554 924 588 ut
945 545 1025 587 sub
1043 543 1198 588 umbra
1221 545 1312 603 ejus
1331 542 1581 587 delitescere
1596 577 1608 597 ,
1626 542 1730 587 licet
1744 542 1822 588 ad—

440 616 623 659 versaria
646 624 813 669 mente,
839 614 1035 674 cupiatis.
1066 616 1173 659 Nam
1197 629 1297 658 cum
1329 629 1409 672 ego
1431 611 1648 672 quidquid
1670 612 1821 672 dispu-
1852 598 1862 706 ἰ

439 687 613 730 tationis
641 695 794 731 vestrae
815 685 994 745 sparsim
1019 685 1224 728 membris
1251 685 1484 728 tenebatur
1505 683 1789 742 exprimerem
1806 718 1818 740 ‚
1853 717 1859 750 Ι

440 766 482 801 et
504 772 716 800 summam
739 755 988 816 quaestionis
1010 755 1054 798 in
1085 755 1338 800 brevitatem
1361 768 1585 812 cogerem,
1611 762 1661 797 ut
1681 753 1822 798 eccle-
1854 759 1862 810 ξγ

439 827 619 870 siasticae
646 826 921 870 dissensionis
949 840 1102 880 causa,
1134 834 1297 885 quanta
1326 834 1370 869 et
1402 824 1540 885 qualis
1569 832 1701 878 esset,
1732 824 1823 868 sine
1854 812 1858 827 ⁵

439 896 563 941 fumo
589 905 631 940 et
659 896 830 941 nebulis
857 895 1138 955 proderetur,
1171 895 1258 939 dixi
1287 895 1475 939 liberum
1505 911 1527 939 a
1559 894 1683 940 vobis
1710 893 1824 938 arbi·
1855 897 1859 945 ζ

438 967 572 1012 trium
596 967 740 1026 negari
758 1002 769 1023 ,
801 976 843 1010 et
864 969 1004 1010 Deum
1028 967 1298 1010 nascentium
1323 965 1623 1021 conditorem,
1647 979 1778 1024 porro
1800 974 1835 1009 a
1855 955 1865 1014 'r

439 1039 564 1082 nobis
588 1038 631 1082 id
650 1047 886 1097 utrumque
905 1035 1108 1091 defendi,
1134 1046 1176 1080 et
1197 1037 1254 1081 ob
1273 1037 1356 1081 hoc
1378 1052 1453 1080 vos
1475 1036 1684 1095 imperitis
1707 1035 1824 1079 auri-
1855 1021 1867 1104 ἰν

438 1110 519 1153 bus
554 1109 608 1153 de
645 1109 894 1153 nominibus
930 1108 1243 1152 catholicorum
1279 1108 1497 1160 virorum,
1532 1106 1610 1166 qui
1647 1114 1826 1165 propter
1856 1110 1866 1174 J

438 1179 569 1222 fidem
602 1178 880 1237 apostolicam
917 1193 1048 1236 quam
1079 1186 1256 1221 tuemur
1282 1211 1293 1231 ,
1329 1177 1555 1221 nobiscum
1589 1175 1791 1220 laborant
1811 1210 1823 1232 ‚
1856 1178 1863 1239 ξ

437 1250 549 1293 ciere
580 1251 753 1293 inanem
788 1248 1025 1307 fragorem,
1062 1257 1113 1291 ut
1141 1249 1217 1307 qui
1244 1248 1489 1291 timuissent
1519 1246 1768 1292 coelestiani
1801 1261 1827 1292 a
1857 1244 1870 1298 {a

437 1319 560 1364 vobis
589 1319 699 1374 dici,
731 1319 979 1363 amitterent
1011 1317 1197 1362 coelestis
1230 1317 1334 1362 fidei
1364 1317 1646 1376 dignitatem3
1675 1325 1718 1361 et
1750 1316 1826 1376 qui
1857 1304 1862 1326 '

438 1391 706 1448 expavissent
738 1406 793 1433 ne
822 1406 843 1433 a
872 1389 994 1433 vobis
1028 1388 1245 1447 Pelagiani
1286 1389 1559 1442 dicerentur,
1600 1387 1645 1431 in
1681 1387 1825 1432 Mani·
1858 1410 1865 1436 ι

438 1461 659 1505 chaeorum
677 1460 853 1520 pelagus
875 1460 1276 1519 praecipitarentur,
1301 1468 1596 1518 putarentque
1617 1472 1662 1502 se
1682 1458 1823 1516 impe—
1858 1437 1864 1516 l

439 1532 507 1575 riti
527 1533 692 1591 quique
714 1547 802 1575 non
824 1547 946 1590 posse
966 1531 1232 1575 Christianos
1256 1530 1485 1590 appellari,
1510 1531 1541 1573 si
1566 1544 1638 1573 eos
1663 1527 1827 1572 Tradu-
1858 1517 1865 1610 J

438 1602 549 1645 ciani
589 1602 836 1659 Pelagianos
873 1609 1096 1644 vocassent
1129 1619 1137 1644 :
1176 1615 1276 1644 cum
1315 1615 1338 1643 e
1376 1600 1554 1658 regione
1589 1597 1826 1657 prudentes
1858 1611 1867 1674 f

438 1680 701 1725 statuerent,
732 1671 930 1732 quamvis
958 1672 1184 1714 nominum
1208 1670 1418 1714 invidiam
1446 1670 1526 1713 sibi
1549 1678 1592 1713 et
1622 1669 1825 1728 injuriam
1859 1679 1866 1756 Ι

437 1743 734 1786 sustinendam
765 1744 923 1800 magis,
952 1757 1084 1801 quam
1120 1742 1252 1784 fidem
1284 1741 1543 1785 catholicam
1569 1740 1824 1799 relinquen-

437 1812 552 1856 dam.
574 1814 657 1858 Sed
672 1829 726 1856 ne
742 1813 812 1857 vel
827 1814 1061 1872 hocipsum
1080 1812 1264 1856 convicii
1282 1827 1417 1871 genus
1434 1820 1578 1855 vestro
1594 1811 1824 1855 inventum
1859 1758 1868 1845 i

436 1884 610 1941 ingenio
637 1884 851 1943 glorieris,
879 1882 1192 1937 recordamini,
1218 1883 1274 1927 ab
1302 1882 1506 1925 omnibus
1528 1880 1707 1941 quidem
1729 1880 1824 1924 hae-
1860 1858 1866 1943 Ξ

1860 1953 1866 1977 l

1861 1995 1865 2017 Ι

435 1955 576 1999 reticis
597 1956 763 1999 diversa
786 1971 863 1999 nos
889 1954 1100 1999 vocabula
1131 1954 1268 1998 solere
1291 1954 1507 2013 suscipere
1532 1972 1541 1998 ε
1567 1952 1643 1997 sed
1665 1953 1711 1996 in
1738 1954 1823 2009 Sy-

436 2025 553 2069 nodo
573 2026 829 2070 Ariminensi
852 2025 1151 2069 vehementius
1172 2023 1375 2068 claruisse
1389 2059 1399 2079 ,
1421 2024 1528 2083 quid
1547 2022 1663 2082 apud
1683 2022 1822 2081 plum·
1861 2022 1868 2073 ,ί

438 2097 540 2139 beos
564 2096 728 2139 animos
754 2096 819 2139 vel
849 2095 1110 2153 ambiguitas
1137 2095 1288 2148 verbi,
1315 2095 1385 2138 vel
1416 2094 1696 2138 comminatio
1721 2093 1821 2138 novi
1861 2076 1868 2135 l,

437 2165 638 2209 vocabuli
667 2167 797 2224 possit
826 2164 994 2209 sceleris
1025 2165 1236 2208 obtinere.
1274 2167 1382 2209 Nam
1416 2179 1516 2208 cum
1546 2164 1628 2207 sub
1661 2163 1821 2208 Ariano

436 2235 657 2294 principe,
682 2236 747 2279 vir
778 2251 942 2293 magnae
971 2234 1247 2287 constantiae,
1274 2235 1376 2278 fidei
1399 2234 1654 2287 sanissimae,
1681 2233 1820 2277 Atha·
1862 2233 1867 2291 ζ

437 2307 578 2349 nasius
608 2305 924 2350 Alexandrinus
954 2307 1207 2364 episcopus,
1240 2304 1406 2363 dilapso
1431 2321 1454 2348 a
1475 2304 1562 2348 fide
1588 2301 1820 2363 Apostolo-

436 2393 532 2421 rum
552 2377 670 2421 omni
690 2392 797 2436 pene
817 2376 980 2420 mundo
993 2410 1004 2430 ,
1025 2386 1064 2419 et
1082 2376 1268 2434 impiatis
1283 2375 1550 2434 temporibus
1567 2375 1815 2430 obstitisset,
1861 2318 1869 2456 ἱ

436 2458 565 2507 atque
584 2448 640 2491 ob
659 2448 741 2492 hoc
763 2448 807 2490 in
826 2446 949 2490 exilia
975 2455 1148 2490 coactus
1171 2455 1305 2503 esset,
1326 2446 1380 2489 de
1401 2446 1611 2490 sexcentis
1634 2455 1676 2489 et
1689 2446 1818 2504 quin-
1862 2457 1867 2472 ³

435 2519 645 2578 quaginta
661 2553 672 2574 ,
702 2527 752 2562 ut
774 2517 934 2573 fertur,
961 2517 1192 2577 episcopis,
1223 2517 1291 2560 vix
1315 2525 1479 2576 septem
1503 2516 1669 2561 inventi
1690 2525 1814 2572 sunt,
1862 2510 1868 2565 Ῐ

436 2590 596 2651 quibus
617 2591 808 2636 chariora
825 2598 966 2636 essent
980 2590 1057 2634 Dei
1074 2598 1288 2649 praecepta
1310 2603 1443 2647 quam
1460 2588 1571 2647 regis
1588 2609 1599 2645 3
1616 2586 1816 2634 videlicet
1862 2570 1868 2638 l

1861 2207 1866 2231 l

1863 2811 1868 3023 Ξ
