<?xml version="1.0" encoding="UTF-8"?>
<!DOCTYPE html PUBLIC "-//W3C//DTD XHTML 1.0 Transitional//EN"
    "http://www.w3.org/TR/xhtml1/DTD/xhtml1-transitional.dtd">
<html xmlns="http://www.w3.org/1999/xhtml" xml:lang="en" lang="en">
 <head>
  <title>
</title>
<meta http-equiv="Content-Type" content="text/html;charset=utf-8" />
  <meta name='ocr-system' content='tesseract 3.04.00' />
  <meta name='ocr-capabilities' content='ocr_page ocr_carea ocr_par ocr_line ocrx_word'/>
</head>
<body>
  <div class='ocr_page' id='page_1' title='image "./operaomniaaccura36auguuoft/operaomniaaccura36auguuoft_0161.png"; bbox 0 0 1821 3264; ppageno 0'>
   <div class='ocr_carea' id='block_1_1' title="bbox 414 260 1406 303">
    <p class='ocr_par' dir='ltr' id='par_1_1' title="bbox 414 260 1406 303">
     <span class='ocr_line' id='line_1_1' title="bbox 414 260 1406 303; baseline 0 -2"><span class='ocrx_word' id='word_1_1' title='bbox 414 273 468 301; x_wconf 73' lang='lat' dir='ltr'>nn</span> <span class='ocrx_word' id='word_1_2' title='bbox 500 273 614 302; x_wconf 75' lang='lat' dir='ltr'>noivo</span> <span class='ocrx_word' id='word_1_3' title='bbox 646 271 1014 303; x_wconf 76' lang='lat' dir='ltr'>PERSEVERANTIAE.</span> <span class='ocrx_word' id='word_1_4' title='bbox 1324 260 1406 302; x_wconf 80' lang='lat'>107&#39;</span> 
     </span>
    </p>
   </div>
   <div class='ocr_carea' id='block_1_2' title="bbox 26 336 1471 2590">
    <p class='ocr_par' dir='ltr' id='par_1_2' title="bbox 26 336 1428 2434">
     <span class='ocr_line' id='line_1_2' title="bbox 84 336 1405 398; baseline -0.001 -14"><span class='ocrx_word' id='word_1_5' title='bbox 84 341 120 383; x_wconf 91' lang='lat' dir='ltr'>I.</span> <span class='ocrx_word' id='word_1_6' title='bbox 145 341 170 384; x_wconf 89' lang='lat' dir='ltr'><strong>J</strong></span> <span class='ocrx_word' id='word_1_7' title='bbox 174 340 260 389; x_wconf 56' lang='lat' dir='ltr'>Am}</span> <span class='ocrx_word' id='word_1_8' title='bbox 281 338 337 383; x_wconf 89' lang='lat' dir='ltr'>de</span> <span class='ocrx_word' id='word_1_9' title='bbox 356 337 673 398; x_wconf 86' lang='lat' dir='ltr'>perseverantia</span> <span class='ocrx_word' id='word_1_10' title='bbox 695 336 944 396; x_wconf 86' lang='lat' dir='ltr'>diligentius</span> <span class='ocrx_word' id='word_1_11' title='bbox 967 338 1281 398; x_wconf 87' lang='lat' dir='ltr'>disputandum</span> <span class='ocrx_word' id='word_1_12' title='bbox 1310 347 1374 383; x_wconf 91' lang='lat' dir='ltr'>est</span> <span class='ocrx_word' id='word_1_13' title='bbox 1396 358 1405 384; x_wconf 74' lang='grc' dir='ltr'><strong><em>ε</em></strong></span> 
     </span>
     <span class='ocr_line' id='line_1_3' title="bbox 26 408 1408 469; baseline -0.001 -14"><span class='ocrx_word' id='word_1_14' title='bbox 26 424 126 456; x_wconf 85' lang='lat' dir='ltr'>nam</span> <span class='ocrx_word' id='word_1_15' title='bbox 148 419 191 454; x_wconf 91' lang='lat' dir='ltr'>et</span> <span class='ocrx_word' id='word_1_16' title='bbox 209 410 351 469; x_wconf 88' lang='lat' dir='ltr'>priore</span> <span class='ocrx_word' id='word_1_17' title='bbox 371 409 485 453; x_wconf 88' lang='lat' dir='ltr'>libro</span> <span class='ocrx_word' id='word_1_18' title='bbox 499 442 510 464; x_wconf 91' lang='lat'>,</span> <span class='ocrx_word' id='word_1_19' title='bbox 535 423 635 452; x_wconf 88' lang='lat' dir='ltr'>cum</span> <span class='ocrx_word' id='word_1_20' title='bbox 663 423 888 466; x_wconf 85' lang='lat' dir='ltr'><strong>ageremus</strong></span> <span class='ocrx_word' id='word_1_21' title='bbox 910 409 966 453; x_wconf 93' lang='lat' dir='ltr'>de</span> <span class='ocrx_word' id='word_1_22' title='bbox 985 409 1108 453; x_wconf 88' lang='lat' dir='ltr'>initio</span> <span class='ocrx_word' id='word_1_23' title='bbox 1129 408 1254 465; x_wconf 84' lang='lat' dir='ltr'>fidei,</span> <span class='ocrx_word' id='word_1_24' title='bbox 1279 410 1408 454; x_wconf 84' lang='lat' dir='ltr'>etiam</span> 
     </span>
     <span class='ocr_line' id='line_1_4' title="bbox 26 479 1411 540; baseline -0.001 -13"><span class='ocrx_word' id='word_1_25' title='bbox 26 481 80 528; x_wconf 87' lang='lat' dir='ltr'>de</span> <span class='ocrx_word' id='word_1_26' title='bbox 100 481 181 524; x_wconf 85' lang='lat' dir='ltr'>hac</span> <span class='ocrx_word' id='word_1_27' title='bbox 208 479 354 540; x_wconf 84' lang='lat' dir='ltr'>aliqua</span> <span class='ocrx_word' id='word_1_28' title='bbox 393 479 592 525; x_wconf 84' lang='lat' dir='ltr'><strong>diximus.</strong></span> <span class='ocrx_word' id='word_1_29' title='bbox 627 480 869 524; x_wconf 85' lang='lat' dir='ltr'>Asserimus</span> <span class='ocrx_word' id='word_1_30' title='bbox 891 495 995 538; x_wconf 86' lang='lat' dir='ltr'>ergo</span> <span class='ocrx_word' id='word_1_31' title='bbox 1023 480 1189 523; x_wconf 90' lang='lat' dir='ltr'>donum</span> <span class='ocrx_word' id='word_1_32' title='bbox 1219 481 1295 524; x_wconf 91' lang='lat' dir='ltr'>Dei</span> <span class='ocrx_word' id='word_1_33' title='bbox 1321 495 1411 525; x_wconf 89' lang='lat' dir='ltr'>esse</span> 
     </span>
     <span class='ocr_line' id='line_1_5' title="bbox 27 550 1412 613; baseline -0.001 -17"><span class='ocrx_word' id='word_1_34' title='bbox 27 552 387 613; x_wconf 86' lang='lat' dir='ltr'>perseverantiam</span> <span class='ocrx_word' id='word_1_35' title='bbox 435 567 522 611; x_wconf 87' lang='lat' dir='ltr'>qua</span> <span class='ocrx_word' id='word_1_36' title='bbox 568 565 707 611; x_wconf 90' lang='lat' dir='ltr'>usque</span> <span class='ocrx_word' id='word_1_37' title='bbox 748 550 793 594; x_wconf 92' lang='lat' dir='ltr'>in</span> <span class='ocrx_word' id='word_1_38' title='bbox 842 551 975 594; x_wconf 97' lang='lat' dir='ltr'>finem</span> <span class='ocrx_word' id='word_1_39' title='bbox 1021 560 1321 609; x_wconf 87' lang='lat' dir='ltr'>perseveratur</span> <span class='ocrx_word' id='word_1_40' title='bbox 1366 552 1412 595; x_wconf 92' lang='lat' dir='ltr'>in</span> 
     </span>
     <span class='ocr_line' id='line_1_6' title="bbox 26 620 1412 680; baseline -0.002 -13"><span class='ocrx_word' id='word_1_41' title='bbox 26 622 212 668; x_wconf 89' lang='lat' dir='ltr'>Christo.</span> <span class='ocrx_word' id='word_1_42' title='bbox 235 622 390 666; x_wconf 85' lang='lat' dir='ltr'>Finem</span> <span class='ocrx_word' id='word_1_43' title='bbox 413 630 558 666; x_wconf 88' lang='lat' dir='ltr'>autem</span> <span class='ocrx_word' id='word_1_44' title='bbox 583 620 704 675; x_wconf 91' lang='lat' dir='ltr'>dico,</span> <span class='ocrx_word' id='word_1_45' title='bbox 731 635 819 680; x_wconf 88' lang='lat' dir='ltr'>quo</span> <span class='ocrx_word' id='word_1_46' title='bbox 841 621 930 666; x_wconf 88' lang='lat' dir='ltr'>vita</span> <span class='ocrx_word' id='word_1_47' title='bbox 951 620 1030 664; x_wconf 90' lang='lat' dir='ltr'>ista</span> <span class='ocrx_word' id='word_1_48' title='bbox 1053 621 1226 677; x_wconf 84' lang='lat' dir='ltr'>finitur,</span> <span class='ocrx_word' id='word_1_49' title='bbox 1257 621 1303 664; x_wconf 92' lang='lat' dir='ltr'>in</span> <span class='ocrx_word' id='word_1_50' title='bbox 1326 636 1412 680; x_wconf 88' lang='lat' dir='ltr'>qua</span> 
     </span>
     <span class='ocr_line' id='line_1_7' title="bbox 27 691 1413 752; baseline -0.002 -14"><span class='ocrx_word' id='word_1_51' title='bbox 27 692 331 738; x_wconf 83' lang='lat' dir='ltr'>tantummodo</span> <span class='ocrx_word' id='word_1_52' title='bbox 363 691 606 752; x_wconf 89' lang='lat' dir='ltr'>periculum</span> <span class='ocrx_word' id='word_1_53' title='bbox 640 700 704 735; x_wconf 84' lang='lat' dir='ltr'>est</span> <span class='ocrx_word' id='word_1_54' title='bbox 740 707 795 736; x_wconf 91' lang='lat' dir='ltr'>ne</span> <span class='ocrx_word' id='word_1_55' title='bbox 831 691 1027 736; x_wconf 81' lang='lat' dir='ltr'><strong>cadatur.</strong></span> <span class='ocrx_word' id='word_1_56' title='bbox 1071 694 1225 751; x_wconf 86' lang='lat' dir='ltr'>Itaque</span> <span class='ocrx_word' id='word_1_57' title='bbox 1263 701 1413 736; x_wconf 89' lang='lat' dir='ltr'>utrum</span> 
     </span>
     <span class='ocr_line' id='line_1_8' title="bbox 27 761 1413 825; baseline -0.002 -17"><span class='ocrx_word' id='word_1_58' title='bbox 27 764 211 825; x_wconf 89' lang='lat' dir='ltr'>quisque</span> <span class='ocrx_word' id='word_1_59' title='bbox 231 763 315 808; x_wconf 92' lang='lat' dir='ltr'>hoc</span> <span class='ocrx_word' id='word_1_60' title='bbox 337 778 498 807; x_wconf 87' lang='lat' dir='ltr'>munus</span> <span class='ocrx_word' id='word_1_61' title='bbox 526 762 762 822; x_wconf 87' lang='lat' dir='ltr'>acceperit,</span> <span class='ocrx_word' id='word_1_62' title='bbox 794 762 993 822; x_wconf 88' lang='lat' dir='ltr'>quandiu</span> <span class='ocrx_word' id='word_1_63' title='bbox 1019 763 1133 806; x_wconf 87' lang='lat' dir='ltr'>hanc</span> <span class='ocrx_word' id='word_1_64' title='bbox 1167 763 1300 806; x_wconf 91' lang='lat' dir='ltr'>vitam</span> <span class='ocrx_word' id='word_1_65' title='bbox 1327 761 1413 806; x_wconf 88' lang='lat' dir='ltr'>du-</span> 
     </span>
     <span class='ocr_line' id='line_1_9' title="bbox 28 831 1411 892; baseline -0.002 -13"><span class='ocrx_word' id='word_1_66' title='bbox 28 836 108 890; x_wconf 88' lang='lat' dir='ltr'>cit,</span> <span class='ocrx_word' id='word_1_67' title='bbox 137 835 353 878; x_wconf 91' lang='lat' dir='ltr'>incertum</span> <span class='ocrx_word' id='word_1_68' title='bbox 387 843 465 878; x_wconf 87' lang='lat' dir='ltr'>est.</span> <span class='ocrx_word' id='word_1_69' title='bbox 495 834 537 878; x_wconf 91' lang='lat' dir='ltr'>Si</span> <span class='ocrx_word' id='word_1_70' title='bbox 569 833 686 877; x_wconf 91' lang='lat' dir='ltr'>enim</span> <span class='ocrx_word' id='word_1_71' title='bbox 714 833 834 892; x_wconf 88' lang='lat' dir='ltr'>prius</span> <span class='ocrx_word' id='word_1_72' title='bbox 866 848 998 892; x_wconf 88' lang='lat' dir='ltr'>quam</span> <span class='ocrx_word' id='word_1_73' title='bbox 1023 833 1235 877; x_wconf 90' lang='lat' dir='ltr'>moriatur</span> <span class='ocrx_word' id='word_1_74' title='bbox 1263 831 1411 887; x_wconf 85' lang='lat' dir='ltr'>cadat,</span> 
     </span>
     <span class='ocr_line' id='line_1_10' title="bbox 29 904 1411 965; baseline -0.002 -15"><span class='ocrx_word' id='word_1_75' title='bbox 29 921 117 951; x_wconf 93' lang='lat' dir='ltr'>non</span> <span class='ocrx_word' id='word_1_76' title='bbox 157 921 447 965; x_wconf 87' lang='lat' dir='ltr'>perseverasse</span> <span class='ocrx_word' id='word_1_77' title='bbox 479 905 633 965; x_wconf 87' lang='lat' dir='ltr'>utique</span> <span class='ocrx_word' id='word_1_78' title='bbox 671 904 854 962; x_wconf 82' lang='lat' dir='ltr'>dicitur,</span> <span class='ocrx_word' id='word_1_79' title='bbox 896 914 938 949; x_wconf 89' lang='lat' dir='ltr'>et</span> <span class='ocrx_word' id='word_1_80' title='bbox 976 904 1195 949; x_wconf 88' lang='lat' dir='ltr'>verissime</span> <span class='ocrx_word' id='word_1_81' title='bbox 1237 904 1411 948; x_wconf 90' lang='lat' dir='ltr'>dicitur.</span> 
     </span>
     <span class='ocr_line' id='line_1_11' title="bbox 29 974 1417 1035; baseline -0.001 -15"><span class='ocrx_word' id='word_1_82' title='bbox 29 975 260 1030; x_wconf 84' lang='lat' dir='ltr'>Quomodo</span> <span class='ocrx_word' id='word_1_83' title='bbox 288 991 392 1034; x_wconf 84' lang='lat' dir='ltr'>ergo</span> <span class='ocrx_word' id='word_1_84' title='bbox 409 975 788 1035; x_wconf 85' lang='lat' dir='ltr'>perseverantiam,</span> <span class='ocrx_word' id='word_1_85' title='bbox 809 975 884 1035; x_wconf 90' lang='lat' dir='ltr'>qui</span> <span class='ocrx_word' id='word_1_86' title='bbox 907 990 997 1020; x_wconf 91' lang='lat' dir='ltr'>non</span> <span class='ocrx_word' id='word_1_87' title='bbox 1018 974 1323 1035; x_wconf 83' lang='lat' dir='ltr'>perseveravit,</span> <span class='ocrx_word' id='word_1_88' title='bbox 1344 989 1417 1018; x_wconf 87' lang='lat' dir='ltr'>ac-</span> 
     </span>
     <span class='ocr_line' id='line_1_12' title="bbox 28 1044 1418 1109; baseline -0.003 -18"><span class='ocrx_word' id='word_1_89' title='bbox 28 1047 190 1106; x_wconf 84' lang='lat' dir='ltr'>cepisse</span> <span class='ocrx_word' id='word_1_90' title='bbox 225 1047 295 1091; x_wconf 79' lang='lat' dir='ltr'>vel</span> <span class='ocrx_word' id='word_1_91' title='bbox 338 1047 540 1109; x_wconf 81' lang='lat' dir='ltr'>habuisse</span> <span class='ocrx_word' id='word_1_92' title='bbox 584 1045 796 1091; x_wconf 87' lang='lat' dir='ltr'>dicendus</span> <span class='ocrx_word' id='word_1_93' title='bbox 829 1048 918 1090; x_wconf 80' lang='lat' dir='ltr'>est?</span> <span class='ocrx_word' id='word_1_94' title='bbox 951 1048 1060 1092; x_wconf 88' lang='lat' dir='ltr'>Nam</span> <span class='ocrx_word' id='word_1_95' title='bbox 1091 1046 1125 1091; x_wconf 86' lang='lat' dir='ltr'>si</span> <span class='ocrx_word' id='word_1_96' title='bbox 1153 1045 1312 1089; x_wconf 88' lang='lat' dir='ltr'>habeat</span> <span class='ocrx_word' id='word_1_97' title='bbox 1339 1044 1418 1088; x_wconf 86' lang='lat' dir='ltr'>ali-</span> 
     </span>
     <span class='ocr_line' id='line_1_13' title="bbox 29 1116 1418 1177; baseline -0.001 -16"><span class='ocrx_word' id='word_1_98' title='bbox 29 1118 124 1177; x_wconf 89' lang='lat' dir='ltr'>quis</span> <span class='ocrx_word' id='word_1_99' title='bbox 151 1118 486 1172; x_wconf 82' lang='lat' dir='ltr'>continentiam,</span> <span class='ocrx_word' id='word_1_100' title='bbox 521 1126 565 1161; x_wconf 90' lang='lat' dir='ltr'>et</span> <span class='ocrx_word' id='word_1_101' title='bbox 601 1118 657 1161; x_wconf 87' lang='lat' dir='ltr'>ab</span> <span class='ocrx_word' id='word_1_102' title='bbox 697 1132 747 1161; x_wconf 91' lang='lat' dir='ltr'>ea</span> <span class='ocrx_word' id='word_1_103' title='bbox 779 1116 952 1162; x_wconf 78' lang='lat' dir='ltr'>decidat</span> <span class='ocrx_word' id='word_1_104' title='bbox 984 1125 1114 1177; x_wconf 87' lang='lat' dir='ltr'>atque</span> <span class='ocrx_word' id='word_1_105' title='bbox 1143 1116 1418 1160; x_wconf 87' lang='lat' dir='ltr'>incontinens</span> 
     </span>
     <span class='ocr_line' id='line_1_14' title="bbox 28 1185 1415 1247; baseline -0.001 -16"><span class='ocrx_word' id='word_1_106' title='bbox 28 1188 120 1242; x_wconf 87' lang='lat' dir='ltr'>fiat,</span> <span class='ocrx_word' id='word_1_107' title='bbox 145 1188 180 1232; x_wconf 90' lang='lat' dir='ltr'>si</span> <span class='ocrx_word' id='word_1_108' title='bbox 198 1188 410 1247; x_wconf 82' lang='lat' dir='ltr'>justitiam</span> <span class='ocrx_word' id='word_1_109' title='bbox 433 1186 652 1241; x_wconf 86' lang='lat' dir='ltr'>similiter,</span> <span class='ocrx_word' id='word_1_110' title='bbox 677 1188 711 1231; x_wconf 86' lang='lat' dir='ltr'>si</span> <span class='ocrx_word' id='word_1_111' title='bbox 735 1188 1009 1246; x_wconf 88' lang='lat' dir='ltr'>patientiam,</span> <span class='ocrx_word' id='word_1_112' title='bbox 1038 1188 1071 1231; x_wconf 88' lang='lat' dir='ltr'>si</span> <span class='ocrx_word' id='word_1_113' title='bbox 1099 1187 1237 1246; x_wconf 86' lang='lat' dir='ltr'>ipsam</span> <span class='ocrx_word' id='word_1_114' title='bbox 1258 1185 1415 1241; x_wconf 89' lang='lat' dir='ltr'>fidem,</span> 
     </span>
     <span class='ocr_line' id='line_1_15' title="bbox 28 1257 1418 1303; baseline -0.002 0"><span class='ocrx_word' id='word_1_115' title='bbox 28 1267 145 1303; x_wconf 88' lang='lat' dir='ltr'>recte</span> <span class='ocrx_word' id='word_1_116' title='bbox 178 1257 338 1302; x_wconf 87' lang='lat' dir='ltr'>dicitur</span> <span class='ocrx_word' id='word_1_117' title='bbox 373 1259 575 1302; x_wconf 88' lang='lat' dir='ltr'>habuisse</span> <span class='ocrx_word' id='word_1_118' title='bbox 607 1267 649 1302; x_wconf 87' lang='lat' dir='ltr'>et</span> <span class='ocrx_word' id='word_1_119' title='bbox 680 1273 769 1303; x_wconf 91' lang='lat' dir='ltr'>non</span> <span class='ocrx_word' id='word_1_120' title='bbox 798 1259 961 1302; x_wconf 83' lang='lat' dir='ltr'>habere</span> <span class='ocrx_word' id='word_1_121' title='bbox 992 1275 1002 1302; x_wconf 90' lang='grc'>.·</span> <span class='ocrx_word' id='word_1_122' title='bbox 1034 1258 1262 1302; x_wconf 90' lang='lat' dir='ltr'>continens</span> <span class='ocrx_word' id='word_1_123' title='bbox 1302 1257 1418 1300; x_wconf 91' lang='lat' dir='ltr'>enim</span> 
     </span>
     <span class='ocr_line' id='line_1_16' title="bbox 27 1327 1418 1388; baseline -0.002 -15"><span class='ocrx_word' id='word_1_124' title='bbox 27 1328 127 1383; x_wconf 88' lang='lat' dir='ltr'>fuit,</span> <span class='ocrx_word' id='word_1_125' title='bbox 151 1328 220 1373; x_wconf 91' lang='lat' dir='ltr'>vel</span> <span class='ocrx_word' id='word_1_126' title='bbox 241 1330 383 1388; x_wconf 86' lang='lat' dir='ltr'>justus</span> <span class='ocrx_word' id='word_1_127' title='bbox 403 1328 507 1383; x_wconf 88' lang='lat' dir='ltr'>fuit,</span> <span class='ocrx_word' id='word_1_128' title='bbox 532 1327 600 1372; x_wconf 92' lang='lat' dir='ltr'>vel</span> <span class='ocrx_word' id='word_1_129' title='bbox 624 1329 808 1387; x_wconf 84' lang='lat' dir='ltr'>patiens,</span> <span class='ocrx_word' id='word_1_130' title='bbox 829 1329 897 1372; x_wconf 92' lang='lat' dir='ltr'>vel</span> <span class='ocrx_word' id='word_1_131' title='bbox 926 1328 1064 1374; x_wconf 88' lang='lat' dir='ltr'>fidelis</span> <span class='ocrx_word' id='word_1_132' title='bbox 1086 1328 1192 1383; x_wconf 88' lang='lat' dir='ltr'>fuit,</span> <span class='ocrx_word' id='word_1_133' title='bbox 1219 1328 1418 1387; x_wconf 89' lang='lat' dir='ltr'>quandiu</span> 
     </span>
     <span class='ocr_line' id='line_1_17' title="bbox 28 1398 1420 1458; baseline -0.001 -14"><span class='ocrx_word' id='word_1_134' title='bbox 28 1398 134 1457; x_wconf 77' lang='lat' dir='ltr'>fuit3</span> <span class='ocrx_word' id='word_1_135' title='bbox 153 1415 253 1444; x_wconf 92' lang='lat' dir='ltr'>cum</span> <span class='ocrx_word' id='word_1_136' title='bbox 277 1414 379 1444; x_wconf 91' lang='lat' dir='ltr'>vero</span> <span class='ocrx_word' id='word_1_137' title='bbox 402 1414 492 1443; x_wconf 87' lang='lat' dir='ltr'>esse</span> <span class='ocrx_word' id='word_1_138' title='bbox 516 1398 703 1453; x_wconf 80' lang='lat' dir='ltr'>destitit,</span> <span class='ocrx_word' id='word_1_139' title='bbox 730 1414 818 1442; x_wconf 92' lang='lat' dir='ltr'>non</span> <span class='ocrx_word' id='word_1_140' title='bbox 841 1408 904 1443; x_wconf 90' lang='lat' dir='ltr'>est</span> <span class='ocrx_word' id='word_1_141' title='bbox 925 1399 1046 1458; x_wconf 88' lang='lat' dir='ltr'>quod</span> <span class='ocrx_word' id='word_1_142' title='bbox 1070 1398 1154 1442; x_wconf 88' lang='lat' dir='ltr'>fuit</span> <span class='ocrx_word' id='word_1_143' title='bbox 1182 1418 1189 1442; x_wconf 78' lang='lat'>2</span> <span class='ocrx_word' id='word_1_144' title='bbox 1214 1398 1292 1457; x_wconf 89' lang='lat' dir='ltr'>qui</span> <span class='ocrx_word' id='word_1_145' title='bbox 1317 1413 1420 1442; x_wconf 92' lang='lat' dir='ltr'>vero</span> 
     </span>
     <span class='ocr_line' id='line_1_18' title="bbox 28 1469 1420 1531; baseline -0.003 -15"><span class='ocrx_word' id='word_1_146' title='bbox 28 1487 117 1516; x_wconf 87' lang='lat' dir='ltr'>non</span> <span class='ocrx_word' id='word_1_147' title='bbox 135 1471 491 1531; x_wconf 84' lang='lat' dir='ltr'>perseveraverit,</span> <span class='ocrx_word' id='word_1_148' title='bbox 518 1470 742 1530; x_wconf 85' lang='lat' dir='ltr'>quomodo</span> <span class='ocrx_word' id='word_1_149' title='bbox 759 1485 1033 1530; x_wconf 84' lang='lat' dir='ltr'>perseverans</span> <span class='ocrx_word' id='word_1_150' title='bbox 1056 1469 1168 1527; x_wconf 64' lang='lat' dir='ltr'>fuit,</span> <span class='ocrx_word' id='word_1_151' title='bbox 1195 1484 1295 1513; x_wconf 90' lang='lat' dir='ltr'>cum</span> <span class='ocrx_word' id='word_1_152' title='bbox 1318 1484 1420 1528; x_wconf 91' lang='lat' dir='ltr'>per-</span> 
     </span>
     <span class='ocr_line' id='line_1_19' title="bbox 29 1539 1420 1602; baseline -0.002 -16"><span class='ocrx_word' id='word_1_153' title='bbox 29 1543 265 1587; x_wconf 87' lang='lat' dir='ltr'>severando</span> <span class='ocrx_word' id='word_1_154' title='bbox 300 1542 486 1602; x_wconf 86' lang='lat' dir='ltr'>quisque</span> <span class='ocrx_word' id='word_1_155' title='bbox 518 1542 720 1586; x_wconf 82' lang='lat' dir='ltr'>ostendat</span> <span class='ocrx_word' id='word_1_156' title='bbox 745 1556 789 1584; x_wconf 87' lang='lat' dir='ltr'>se</span> <span class='ocrx_word' id='word_1_157' title='bbox 819 1549 1166 1599; x_wconf 83' lang='lat' dir='ltr'>perseverantem</span> <span class='ocrx_word' id='word_1_158' title='bbox 1189 1539 1310 1599; x_wconf 88' lang='lat' dir='ltr'>quod</span> <span class='ocrx_word' id='word_1_159' title='bbox 1342 1539 1420 1583; x_wconf 86' lang='lat' dir='ltr'>iste</span> 
     </span>
     <span class='ocr_line' id='line_1_20' title="bbox 28 1611 1422 1673; baseline -0.003 -15"><span class='ocrx_word' id='word_1_160' title='bbox 28 1628 118 1658; x_wconf 89' lang='lat' dir='ltr'>non</span> <span class='ocrx_word' id='word_1_161' title='bbox 139 1612 274 1657; x_wconf 75' lang='lat' dir='ltr'>fecit?</span> <span class='ocrx_word' id='word_1_162' title='bbox 297 1613 383 1658; x_wconf 88' lang='lat' dir='ltr'>Sed</span> <span class='ocrx_word' id='word_1_163' title='bbox 404 1628 459 1656; x_wconf 90' lang='lat' dir='ltr'>ne</span> <span class='ocrx_word' id='word_1_164' title='bbox 475 1613 706 1673; x_wconf 85' lang='lat' dir='ltr'>quisquam</span> <span class='ocrx_word' id='word_1_165' title='bbox 720 1611 958 1656; x_wconf 78' lang='lat' dir='ltr'>reluctetur</span> <span class='ocrx_word' id='word_1_166' title='bbox 978 1622 1020 1656; x_wconf 90' lang='lat' dir='ltr'>et</span> <span class='ocrx_word' id='word_1_167' title='bbox 1041 1611 1172 1667; x_wconf 84' lang='lat' dir='ltr'>dicat,</span> <span class='ocrx_word' id='word_1_168' title='bbox 1197 1611 1238 1656; x_wconf 92' lang='lat' dir='ltr'>Si</span> <span class='ocrx_word' id='word_1_169' title='bbox 1261 1626 1312 1654; x_wconf 87' lang='lat' dir='ltr'>ex</span> <span class='ocrx_word' id='word_1_170' title='bbox 1334 1625 1422 1670; x_wconf 88' lang='lat' dir='ltr'>quo</span> 
     </span>
     <span class='ocr_line' id='line_1_21' title="bbox 29 1681 1422 1744; baseline -0.001 -17"><span class='ocrx_word' id='word_1_171' title='bbox 29 1683 168 1727; x_wconf 87' lang='lat' dir='ltr'>fidelis</span> <span class='ocrx_word' id='word_1_172' title='bbox 189 1684 375 1744; x_wconf 88' lang='lat' dir='ltr'>quisque</span> <span class='ocrx_word' id='word_1_173' title='bbox 396 1683 536 1728; x_wconf 90' lang='lat' dir='ltr'>factus</span> <span class='ocrx_word' id='word_1_174' title='bbox 559 1692 647 1738; x_wconf 88' lang='lat' dir='ltr'>est,</span> <span class='ocrx_word' id='word_1_175' title='bbox 668 1683 795 1738; x_wconf 81' lang='lat' dir='ltr'>vixit,</span> <span class='ocrx_word' id='word_1_176' title='bbox 821 1683 943 1728; x_wconf 87' lang='lat' dir='ltr'>verbi</span> <span class='ocrx_word' id='word_1_177' title='bbox 979 1683 1134 1740; x_wconf 85' lang='lat' dir='ltr'>gratia,</span> <span class='ocrx_word' id='word_1_178' title='bbox 1168 1681 1320 1726; x_wconf 88' lang='lat' dir='ltr'>decem</span> <span class='ocrx_word' id='word_1_179' title='bbox 1343 1697 1422 1725; x_wconf 91' lang='lat' dir='ltr'>an-</span> 
     </span>
     <span class='ocr_line' id='line_1_22' title="bbox 29 1752 1424 1812; baseline -0.002 -15"><span class='ocrx_word' id='word_1_180' title='bbox 29 1767 133 1808; x_wconf 91' lang='lat' dir='ltr'>nos,</span> <span class='ocrx_word' id='word_1_181' title='bbox 165 1763 207 1797; x_wconf 91' lang='lat' dir='ltr'>et</span> <span class='ocrx_word' id='word_1_182' title='bbox 242 1769 392 1802; x_wconf 84' lang='lat' dir='ltr'>eorum</span> <span class='ocrx_word' id='word_1_183' title='bbox 417 1754 562 1797; x_wconf 91' lang='lat' dir='ltr'>medio</span> <span class='ocrx_word' id='word_1_184' title='bbox 591 1763 788 1812; x_wconf 90' lang='lat' dir='ltr'>tempore</span> <span class='ocrx_word' id='word_1_185' title='bbox 823 1769 846 1797; x_wconf 88' lang='lat' dir='ltr'>a</span> <span class='ocrx_word' id='word_1_186' title='bbox 875 1753 961 1796; x_wconf 89' lang='lat' dir='ltr'>fide</span> <span class='ocrx_word' id='word_1_187' title='bbox 989 1752 1134 1811; x_wconf 86' lang='lat' dir='ltr'>lapsus</span> <span class='ocrx_word' id='word_1_188' title='bbox 1157 1761 1245 1806; x_wconf 85' lang='lat' dir='ltr'>est,</span> <span class='ocrx_word' id='word_1_189' title='bbox 1278 1766 1424 1796; x_wconf 91' lang='lat' dir='ltr'>nonne</span> 
     </span>
     <span class='ocr_line' id='line_1_23' title="bbox 30 1821 1425 1884; baseline -0.002 -17"><span class='ocrx_word' id='word_1_190' title='bbox 30 1825 227 1884; x_wconf 88' lang='lat' dir='ltr'>quinque</span> <span class='ocrx_word' id='word_1_191' title='bbox 256 1839 391 1869; x_wconf 87' lang='lat' dir='ltr'>annos</span> <span class='ocrx_word' id='word_1_192' title='bbox 422 1823 737 1883; x_wconf 79' lang='lat' dir='ltr'>perseveravit?</span> <span class='ocrx_word' id='word_1_193' title='bbox 758 1826 853 1867; x_wconf 90' lang='lat' dir='ltr'>Non</span> <span class='ocrx_word' id='word_1_194' title='bbox 877 1823 1097 1867; x_wconf 91' lang='lat' dir='ltr'>contendo</span> <span class='ocrx_word' id='word_1_195' title='bbox 1120 1823 1175 1866; x_wconf 90' lang='lat' dir='ltr'>de</span> <span class='ocrx_word' id='word_1_196' title='bbox 1201 1822 1365 1876; x_wconf 85' lang='lat' dir='ltr'>verbis,</span> <span class='ocrx_word' id='word_1_197' title='bbox 1391 1821 1425 1865; x_wconf 85' lang='lat' dir='ltr'>si</span> 
     </span>
     <span class='ocr_line' id='line_1_24' title="bbox 31 1894 1424 1954; baseline -0.002 -16"><span class='ocrx_word' id='word_1_198' title='bbox 31 1903 74 1939; x_wconf 91' lang='lat' dir='ltr'>et</span> <span class='ocrx_word' id='word_1_199' title='bbox 94 1894 167 1939; x_wconf 90' lang='lat' dir='ltr'>illa</span> <span class='ocrx_word' id='word_1_200' title='bbox 196 1895 513 1954; x_wconf 85' lang='lat' dir='ltr'>perseverantia</span> <span class='ocrx_word' id='word_1_201' title='bbox 535 1903 715 1954; x_wconf 87' lang='lat' dir='ltr'>putatur</span> <span class='ocrx_word' id='word_1_202' title='bbox 737 1909 827 1938; x_wconf 88' lang='lat' dir='ltr'>esse</span> <span class='ocrx_word' id='word_1_203' title='bbox 848 1894 1055 1948; x_wconf 83' lang='lat' dir='ltr'>dicenda,</span> <span class='ocrx_word' id='word_1_204' title='bbox 1083 1903 1293 1953; x_wconf 86' lang='lat' dir='ltr'>tanquam</span> <span class='ocrx_word' id='word_1_205' title='bbox 1313 1902 1424 1936; x_wconf 89' lang='lat' dir='ltr'>tem-</span> 
     </span>
     <span class='ocr_line' id='line_1_25' title="bbox 31 1964 1424 2026; baseline -0.003 -16"><span class='ocrx_word' id='word_1_206' title='bbox 31 1965 148 2026; x_wconf 87' lang='lat' dir='ltr'>poris</span> <span class='ocrx_word' id='word_1_207' title='bbox 179 1967 245 2010; x_wconf 90' lang='lat' dir='ltr'>sui</span> <span class='ocrx_word' id='word_1_208' title='bbox 272 1986 280 2010; x_wconf 91' lang='lat'>:</span> <span class='ocrx_word' id='word_1_209' title='bbox 311 1967 424 2010; x_wconf 89' lang='lat' dir='ltr'>hanc</span> <span class='ocrx_word' id='word_1_210' title='bbox 460 1975 576 2010; x_wconf 88' lang='lat' dir='ltr'>certe</span> <span class='ocrx_word' id='word_1_211' title='bbox 611 1964 665 2008; x_wconf 92' lang='lat' dir='ltr'>de</span> <span class='ocrx_word' id='word_1_212' title='bbox 701 1980 786 2024; x_wconf 87' lang='lat' dir='ltr'>qua</span> <span class='ocrx_word' id='word_1_213' title='bbox 808 1980 926 2008; x_wconf 88' lang='lat' dir='ltr'>nunc</span> <span class='ocrx_word' id='word_1_214' title='bbox 949 1965 1114 2022; x_wconf 88' lang='lat' dir='ltr'>agimus</span> <span class='ocrx_word' id='word_1_215' title='bbox 1143 1978 1424 2023; x_wconf 85' lang='lat' dir='ltr'>perseveran-</span> 
     </span>
     <span class='ocr_line' id='line_1_26' title="bbox 33 2033 1427 2096; baseline -0.001 -16"><span class='ocrx_word' id='word_1_216' title='bbox 33 2037 154 2091; x_wconf 87' lang='lat' dir='ltr'>tiam,</span> <span class='ocrx_word' id='word_1_217' title='bbox 177 2053 263 2096; x_wconf 88' lang='lat' dir='ltr'>qua</span> <span class='ocrx_word' id='word_1_218' title='bbox 287 2038 332 2081; x_wconf 92' lang='lat' dir='ltr'>in</span> <span class='ocrx_word' id='word_1_219' title='bbox 349 2037 522 2082; x_wconf 81' lang='lat' dir='ltr'>Christo</span> <span class='ocrx_word' id='word_1_220' title='bbox 545 2044 846 2095; x_wconf 86' lang='lat' dir='ltr'>perseveratur</span> <span class='ocrx_word' id='word_1_221' title='bbox 875 2050 1015 2095; x_wconf 87' lang='lat' dir='ltr'>usque</span> <span class='ocrx_word' id='word_1_222' title='bbox 1043 2035 1085 2078; x_wconf 89' lang='lat' dir='ltr'>in</span> <span class='ocrx_word' id='word_1_223' title='bbox 1112 2035 1267 2088; x_wconf 88' lang='lat' dir='ltr'>finem,</span> <span class='ocrx_word' id='word_1_224' title='bbox 1303 2033 1427 2078; x_wconf 88' lang='lat' dir='ltr'>nullo</span> 
     </span>
     <span class='ocr_line' id='line_1_27' title="bbox 33 2107 1427 2167; baseline -0.004 -14"><span class='ocrx_word' id='word_1_225' title='bbox 33 2109 165 2153; x_wconf 91' lang='lat' dir='ltr'>modo</span> <span class='ocrx_word' id='word_1_226' title='bbox 180 2108 382 2153; x_wconf 88' lang='lat' dir='ltr'>habuisse</span> <span class='ocrx_word' id='word_1_227' title='bbox 400 2107 612 2152; x_wconf 86' lang='lat' dir='ltr'>dicendus</span> <span class='ocrx_word' id='word_1_228' title='bbox 629 2116 714 2161; x_wconf 90' lang='lat' dir='ltr'>est,</span> <span class='ocrx_word' id='word_1_229' title='bbox 733 2107 913 2167; x_wconf 83' lang='lat' dir='ltr'>quinon</span> <span class='ocrx_word' id='word_1_230' title='bbox 926 2107 1266 2165; x_wconf 83' lang='lat' dir='ltr'>perseveraverit</span> <span class='ocrx_word' id='word_1_231' title='bbox 1288 2119 1427 2164; x_wconf 85' lang='lat' dir='ltr'>usque</span> 
     </span>
     <span class='ocr_line' id='line_1_28' title="bbox 33 2175 1428 2238; baseline -0.003 -16"><span class='ocrx_word' id='word_1_232' title='bbox 33 2180 79 2222; x_wconf 90' lang='lat' dir='ltr'>in</span> <span class='ocrx_word' id='word_1_233' title='bbox 101 2179 231 2222; x_wconf 88' lang='lat' dir='ltr'>finem</span> <span class='ocrx_word' id='word_1_234' title='bbox 264 2199 273 2224; x_wconf 90' lang='lat'>:</span> <span class='ocrx_word' id='word_1_235' title='bbox 298 2179 532 2238; x_wconf 85' lang='lat' dir='ltr'>potiusque</span> <span class='ocrx_word' id='word_1_236' title='bbox 556 2179 667 2222; x_wconf 91' lang='lat' dir='ltr'>hanc</span> <span class='ocrx_word' id='word_1_237' title='bbox 698 2178 855 2221; x_wconf 89' lang='lat' dir='ltr'>habuit</span> <span class='ocrx_word' id='word_1_238' title='bbox 891 2177 1019 2220; x_wconf 89' lang='lat' dir='ltr'>unius</span> <span class='ocrx_word' id='word_1_239' title='bbox 1053 2176 1154 2220; x_wconf 90' lang='lat' dir='ltr'>anni</span> <span class='ocrx_word' id='word_1_240' title='bbox 1189 2175 1329 2219; x_wconf 87' lang='lat' dir='ltr'>fidelis</span> <span class='ocrx_word' id='word_1_241' title='bbox 1347 2210 1358 2229; x_wconf 91' lang='lat'>,</span> <span class='ocrx_word' id='word_1_242' title='bbox 1385 2184 1428 2218; x_wconf 90' lang='lat' dir='ltr'>et</span> 
     </span>
     <span class='ocr_line' id='line_1_29' title="bbox 35 2245 1427 2310; baseline -0.003 -17"><span class='ocrx_word' id='word_1_243' title='bbox 35 2258 250 2310; x_wconf 91' lang='lat' dir='ltr'>quantum</span> <span class='ocrx_word' id='word_1_244' title='bbox 272 2249 385 2294; x_wconf 84' lang='lat' dir='ltr'>infra</span> <span class='ocrx_word' id='word_1_245' title='bbox 398 2249 574 2307; x_wconf 84' lang='lat' dir='ltr'>cogitari</span> <span class='ocrx_word' id='word_1_246' title='bbox 599 2257 752 2308; x_wconf 86' lang='lat' dir='ltr'>potest,</span> <span class='ocrx_word' id='word_1_247' title='bbox 771 2248 804 2292; x_wconf 84' lang='lat' dir='ltr'>si</span> <span class='ocrx_word' id='word_1_248' title='bbox 823 2247 963 2292; x_wconf 91' lang='lat' dir='ltr'>donec</span> <span class='ocrx_word' id='word_1_249' title='bbox 980 2255 1222 2291; x_wconf 84' lang='lat' dir='ltr'>moreretur</span> <span class='ocrx_word' id='word_1_250' title='bbox 1239 2245 1427 2290; x_wconf 87' lang='lat' dir='ltr'>fideliter</span> 
     </span>
     <span class='ocr_line' id='line_1_30' title="bbox 35 2316 1428 2379; baseline -0.004 -15"><span class='ocrx_word' id='word_1_251' title='bbox 35 2320 162 2375; x_wconf 79' lang='lat' dir='ltr'>vixit,</span> <span class='ocrx_word' id='word_1_252' title='bbox 194 2335 324 2379; x_wconf 88' lang='lat' dir='ltr'>quam</span> <span class='ocrx_word' id='word_1_253' title='bbox 357 2319 597 2364; x_wconf 86' lang='lat' dir='ltr'>multorum</span> <span class='ocrx_word' id='word_1_254' title='bbox 633 2334 873 2373; x_wconf 87' lang='lat' dir='ltr'>annorum,</span> <span class='ocrx_word' id='word_1_255' title='bbox 911 2318 946 2362; x_wconf 88' lang='lat' dir='ltr'>si</span> <span class='ocrx_word' id='word_1_256' title='bbox 983 2319 1187 2377; x_wconf 79' lang='lat' dir='ltr'>exiguum</span> <span class='ocrx_word' id='word_1_257' title='bbox 1221 2316 1428 2376; x_wconf 86' lang='lat' dir='ltr'>temporis</span> 
     </span>
     <span class='ocr_line' id='line_1_31' title="bbox 38 2388 953 2434; baseline -0.003 0"><span class='ocrx_word' id='word_1_258' title='bbox 38 2399 137 2434; x_wconf 88' lang='lat' dir='ltr'>ante</span> <span class='ocrx_word' id='word_1_259' title='bbox 151 2399 335 2434; x_wconf 89' lang='lat' dir='ltr'>mortem</span> <span class='ocrx_word' id='word_1_260' title='bbox 357 2405 379 2433; x_wconf 90' lang='lat' dir='ltr'>a</span> <span class='ocrx_word' id='word_1_261' title='bbox 401 2389 504 2434; x_wconf 89' lang='lat' dir='ltr'>fidei</span> <span class='ocrx_word' id='word_1_262' title='bbox 523 2389 755 2434; x_wconf 84' lang='lat' dir='ltr'>stabilitate</span> <span class='ocrx_word' id='word_1_263' title='bbox 777 2388 953 2432; x_wconf 89' lang='lat' dir='ltr'>defecit.</span> 
     </span>
    </p>

    <p class='ocr_par' dir='ltr' id='par_1_3' title="bbox 40 2456 1471 2590">
     <span class='ocr_line' id='line_1_32' title="bbox 97 2456 1425 2516; baseline -0.004 -12"><span class='ocrx_word' id='word_1_264' title='bbox 97 2463 154 2504; x_wconf 88' lang='lat' dir='ltr'>II.</span> <span class='ocrx_word' id='word_1_265' title='bbox 180 2462 278 2514; x_wconf 88' lang='lat' dir='ltr'>Quo</span> <span class='ocrx_word' id='word_1_266' title='bbox 297 2461 531 2504; x_wconf 85' lang='lat' dir='ltr'>constituto</span> <span class='ocrx_word' id='word_1_267' title='bbox 554 2459 779 2504; x_wconf 88' lang='lat' dir='ltr'>videamus</span> <span class='ocrx_word' id='word_1_268' title='bbox 794 2468 944 2503; x_wconf 88' lang='lat' dir='ltr'>utrum</span> <span class='ocrx_word' id='word_1_269' title='bbox 966 2459 1059 2502; x_wconf 83' lang='lat' dir='ltr'>haec</span> <span class='ocrx_word' id='word_1_270' title='bbox 1077 2456 1397 2516; x_wconf 86' lang='lat' dir='ltr'>perseverantia</span> <span class='ocrx_word' id='word_1_271' title='bbox 1414 2490 1425 2511; x_wconf 87' lang='lat'>,</span> 
     </span>
     <span class='ocr_line' id='line_1_33' title="bbox 40 2527 1471 2590; baseline -0.003 -16"><span class='ocrx_word' id='word_1_272' title='bbox 40 2529 93 2574; x_wconf 91' lang='lat' dir='ltr'>de</span> <span class='ocrx_word' id='word_1_273' title='bbox 115 2545 203 2590; x_wconf 85' lang='lat' dir='ltr'>qua</span> <span class='ocrx_word' id='word_1_274' title='bbox 225 2530 392 2575; x_wconf 87' lang='lat' dir='ltr'>dictum</span> <span class='ocrx_word' id='word_1_275' title='bbox 413 2539 502 2585; x_wconf 90' lang='lat' dir='ltr'>est,</span> <span class='ocrx_word' id='word_1_276' title='bbox 527 2549 544 2571; x_wconf 80' lang='lat'>«</span> <span class='ocrx_word' id='word_1_277' title='bbox 567 2530 652 2583; x_wconf 88' lang='lat' dir='ltr'>Qui</span> <span class='ocrx_word' id='word_1_278' title='bbox 672 2528 1010 2589; x_wconf 82' lang='lat' dir='ltr'>perseveraverit</span> <span class='ocrx_word' id='word_1_279' title='bbox 1032 2542 1170 2586; x_wconf 87' lang='lat' dir='ltr'>usque</span> <span class='ocrx_word' id='word_1_280' title='bbox 1199 2527 1245 2570; x_wconf 90' lang='lat' dir='ltr'>in</span> <span class='ocrx_word' id='word_1_281' title='bbox 1262 2527 1393 2570; x_wconf 89' lang='lat' dir='ltr'>finem</span> <span class='ocrx_word' id='word_1_282' title='bbox 1414 2561 1424 2581; x_wconf 91' lang='lat'>,</span> <span class='ocrx_word' id='word_1_283' title='bbox 1464 2555 1471 2562; x_wconf 92' lang='lat'><em>-</em></span> 
     </span>
    </p>
   </div>
   <div class='ocr_carea' id='block_1_3' title="bbox 89 2614 713 2657">
    <p class='ocr_par' dir='ltr' id='par_1_4' title="bbox 89 2614 713 2657">
     <span class='ocr_line' id='line_1_34' title="bbox 89 2614 713 2657; baseline -0.005 -10"><span class='ocrx_word' id='word_1_284' title='bbox 89 2621 97 2638; x_wconf 88' lang='lat'><strong>¹</strong></span> <span class='ocrx_word' id='word_1_285' title='bbox 118 2614 196 2647; x_wconf 88' lang='lat' dir='ltr'>Vide</span> <span class='ocrx_word' id='word_1_286' title='bbox 213 2617 250 2647; x_wconf 90' lang='lat' dir='ltr'>D.</span> <span class='ocrx_word' id='word_1_287' title='bbox 269 2614 409 2653; x_wconf 81' lang='lat' dir='ltr'>Guillon,</span> <span class='ocrx_word' id='word_1_288' title='bbox 431 2619 511 2647; x_wconf 88' lang='lat' dir='ltr'>tom.</span> <span class='ocrx_word' id='word_1_289' title='bbox 531 2625 620 2655; x_wconf 79' lang='lat' dir='ltr'>xxn,</span> <span class='ocrx_word' id='word_1_290' title='bbox 640 2624 713 2657; x_wconf 85' lang='lat' dir='ltr'>pag.</span> 
     </span>
    </p>
   </div>
  </div>
 </body>
</html>
