1821 3264
0 0 10 175 l

0 180 7 227 i

0 256 5 321 i
239 282 383 309 OPERIS
417 283 592 310 IMPERF.
627 284 790 312 CONTRA
821 285 989 315 JULIAN.
1026 290 1108 315 LlB.
1145 292 1192 316 11.
1325 279 1409 319 447

0 332 5 359 ἶ
28 346 281 392 surditatem
310 347 543 403 cecidistis,
579 348 686 393 dum
723 349 956 397 defenditis
991 368 1080 398 esse
1115 356 1302 413 potuisse
1336 371 1412 415 per

0 362 5 479 i
27 424 226 461 naturam
243 416 470 478 legemque
489 419 700 478 justitiam
723 439 732 465 :
758 422 1014 467 utrumlibet
1039 433 1184 468 autem
1205 426 1239 470 si
1262 441 1411 470 verum

0 481 5 566 l
27 496 110 541 est,
134 501 241 545 ergo
262 488 460 532 Christus
478 489 609 547 gratis
631 501 828 536 mortuus
850 502 928 536 est.

84 558 365 602 CLXXXIX.
400 561 630 604 Juumvs.
671 579 691 601 «
716 563 781 605 Ita
809 563 941 606 etiam
973 565 1018 606 in
1048 572 1168 621 parte
1196 565 1409 609 contraria

0 609 3 670 l
25 627 164 674 Adam
182 629 341 673 dicitur
362 628 501 675 forma
517 633 698 690 peccati,
720 648 808 677 non
828 634 966 692 prima
980 668 990 688 ,
1011 633 1086 677 sed
1104 636 1302 679 maxima.
1330 653 1350 676 »

0 675 3 746 i
83 700 374 745 AUGUSTINUS.
406 700 531 745 Unde
542 715 643 759 ergo
655 717 744 747 non
757 703 910 762 prima,
925 704 1413 763 scdmaxima?quando

0 799 2 828 7
25 769 203 828 quidem
238 779 416 829 propter
455 771 681 815 exordium
720 773 884 831 generis
916 774 1121 829 humani,
1163 789 1252 818 non
1283 788 1414 832 negas

0 838 232 897 ²primam,
261 855 340 884 nec
369 841 536 885 invenis
568 857 646 886 cur
683 841 799 886 dicas
829 842 1090 901 maximam,
1130 843 1207 887 nisi
1243 843 1414 888 fatearis

0 963 2 968 ,
26 917 147 954 tanto
165 910 335 968 gravius
357 909 498 955 Adam
521 927 718 971 peccasse
735 947 746 967 ,
767 923 933 972 quanto
954 913 1015 956 ibi
1036 915 1173 973 major
1196 930 1286 958 non
1308 930 1411 973 pec-

27 979 156 1024 candi
179 980 359 1026 facilitas
379 992 470 1027 erat
486 1016 497 1038 ,
518 983 595 1027 ubi
616 984 765 1027 vitiata
790 993 945 1027 natura
972 983 1169 1027 nondum
1196 994 1308 1039 erat,
1333 1000 1413 1028 nec

25 1049 93 1094 lex
117 1054 282 1110 peccati
305 1053 350 1096 in
367 1053 573 1097 membris
596 1053 867 1112 repugnabat
883 1053 969 1113 legi
992 1055 1147 1098 mentis
1173 1074 1182 1099 ι
1206 1070 1304 1098 cum
1327 1071 1414 1114 qua

26 1135 157 1181 poena
179 1123 319 1167 omnis
340 1123 470 1168 homo
488 1125 679 1169 nascitur
694 1160 703 1178 ,
723 1126 940 1184 periturus
958 1126 1003 1168 in
1025 1134 1254 1180 aeternum,
1274 1125 1307 1169 si
1324 1140 1413 1169 non

25 1201 300 1248 renascatur,
326 1202 370 1237 ct
393 1195 613 1253 perditus,
639 1195 721 1239 nisi
748 1195 803 1239 ab
826 1210 877 1240 eo
900 1195 1107 1255 quaesitus
1137 1196 1383 1240 inveniatur
1399 1229 1410 1249 ,

25 1264 101 1323 qui
122 1265 242 1309 venit
258 1280 452 1325 quaerere
475 1266 596 1326 quod
613 1267 839 1325 perierat¹.

84 1338 214 1381 CXC.
251 1339 478 1382 Jommus.
519 1357 538 1379 «
573 1338 803 1383 Maximam
843 1346 988 1381 autem
1025 1336 1148 1391 dico,
1186 1352 1275 1381 non
1310 1338 1412 1395 quia

27 1405 252 1451 diabolum
275 1407 411 1466 magis
427 1423 548 1452 reum
566 1407 696 1452 fuisse
717 1409 906 1452 diffitear
924 1427 932 1452 :
958 1407 1033 1452 sed
1055 1408 1156 1467 quia
1177 1422 1280 1451 cum
1298 1407 1416 1451 insti-

26 1477 203 1522 tutionis
233 1478 343 1523 ratio
379 1488 628 1537 peteretur,
663 1477 1034 1523 accommodatius
1068 1476 1301 1536 Apostolus
1331 1478 1414 1521 ho-

26 1549 153 1593 minis
168 1583 179 1604 ,
220 1566 352 1610 quem
396 1550 636 1608 plurimum
665 1550 876 1594 successio
911 1549 1193 1592 humanitatis
1229 1550 1412 1607 aspexit,

27 1635 158 1680 quam
180 1621 306 1665 aeriae
334 1621 586 1665 substantiae
607 1620 757 1665 fecerit
779 1620 1062 1664 mentionem.
1081 1621 1244 1662 Verum
1263 1619 1306 1662 in
1324 1619 1415 1677 ipsa

27 1691 298 1736 humanitate
329 1692 512 1751 primam
542 1691 768 1735 mulierem
802 1690 1032 1750 deliquisse
1057 1690 1309 1745 constabat,
1340 1689 1414 1732 sed

27 1762 129 1823 quia
150 1771 323 1822 patrum
346 1763 393 1806 in
410 1762 612 1807 omnibus
636 1762 853 1806 efficacior
870 1770 933 1805 est
950 1770 993 1804 et
1010 1761 1148 1819 major
1164 1759 1412 1813 auctoritas,

29 1848 129 1877 eum
145 1833 254 1877 dixit
272 1832 459 1877 sormam
482 1832 612 1877 fuisse
639 1835 803 1892 peccati
822 1867 833 1887 ,
854 1848 944 1876 non
974 1847 997 1875 a
1017 1846 1105 1891 quo
1127 1831 1262 1889 coepit
1283 1830 1417 1874 delic-

28 1912 145 1958 tum,
176 1904 252 1947 sed
281 1904 356 1963 qui
384 1918 460 1962 per
491 1912 750 1962 potestatem
783 1917 908 1946 sexus
937 1901 1090 1955 virilis,
1121 1900 1255 1959 magis
1283 1899 1415 1943 fuisse

26 1975 235 2034 probatur
257 1974 493 2018 imitabilis.
521 1973 651 2018 Vides
674 1988 830 2032 nempe
849 2008 858 2027 ,
884 1982 934 2016 ut
956 1972 1265 2031 consequentia
1282 1970 1414 2014 intel-

27 2044 162 2091 lectus
183 2045 408 2090 veritatem
427 2045 506 2089 sibi
525 2046 661 2088 inesse
683 2053 880 2088 testetur.
912 2061 930 2083 »

86 2119 374 2162 Amusmns.
401 2118 497 2160 Non
518 2112 1078 2167 imitationemimitationi,
1099 2111 1175 2155 sed
1192 2125 1416 2169 regenera-

28 2187 192 2231 tionem
225 2187 492 2246 generationi
526 2186 778 2245 opposuisse
817 2183 1101 2242 Apostolum,
1137 2182 1227 2240 ipsa
1258 2180 1415 2225 Christi

27 2256 168 2302 forma
182 2259 471 2313 demonstrat,
489 2258 563 2317 qui
576 2256 745 2300 homini
759 2256 898 2314 primo
910 2255 1042 2297 homo
1051 2251 1267 2296 secundus
1280 2266 1417 2310 oppo-

29 2330 164 2374 nitur.
184 2329 226 2375 Si
240 2344 342 2388 ergo
355 2344 442 2373 non
459 2329 676 2386 pertinent
691 2326 744 2371 ad
754 2325 966 2385 justitiam
980 2323 1141 2369 Christi
1157 2358 1167 2378 ,
1183 2322 1258 2382 qui
1273 2336 1418 2365 renas-

30 2409 213 2458 cuntur3
235 2415 324 2445 non
341 2400 560 2459 pertinent
579 2397 633 2441 ad
652 2405 881 2456 peccatum
904 2395 1033 2448 Adae,
1057 2393 1132 2453 qui
1154 2400 1415 2448 naseuntur,

31 2481 69 2518 et
96 2487 186 2516 non
203 2480 266 2515 est
282 2470 478 2515 Christus
494 2467 633 2514 forma
651 2484 673 2512 a
692 2467 908 2512 contrario
927 2484 936 2510 :
961 2464 1036 2508 sed
1047 2464 1155 2523 'quia
1169 2463 1310 2507 forma
1330 2470 1415 2516 est,

31 2542 186 2603 procul
201 2541 336 2587 dubio
357 2541 468 2586 sicut
495 2540 634 2585 renati
659 2538 714 2583 ad
728 2538 939 2598 justitiam
966 2534 1129 2581 Christi
1162 2540 1414 2586 transeunt,
1467 2555 1474 2561 -

3 2647 19 2665 f
84 2635 90 2652 ¹
111 2629 190 2661 Luc.
215 2637 284 2667 x1x‚
309 2637 356 2658 ιο.
