1884 3285
425 212 508 250 190
862 223 896 247 s.
931 220 1161 249 Auens‘nm
1193 220 1376 248 nasoon

420 285 499 330 lios
522 284 660 329 Adam
689 298 712 327 a
733 283 804 327 die
830 284 968 329 exitus
1002 284 1057 329 de
1081 293 1234 329 ventre
1261 285 1408 329 matris
1438 287 1618 330 eorum¹
1645 304 1654 330 ε
1683 288 1804 346 quod

420 355 598 399 omnino
623 368 714 398 esse
739 354 887 400 asserit
918 355 1116 415 iniquum
1131 389 1143 411 ‚
1170 355 1248 415 qui
1271 364 1401 414 negat
1421 355 1628 415 originale
1650 371 1828 431 pecca-,32
1882 419 1884 426 Ι

420 433 528 468 tum.
610 463 615 466 .

477 496 687 539 XXVIII.
707 497 734 540 J
737 511 935 540 umam-s.
957 513 980 538 «
994 498 1061 540 Ita
1077 495 1192 539 enim
1209 495 1411 540 omnibus
1428 495 1704 553 generaliter,
1719 435 1831 580 dex}

417 574 543 610 cente
563 576 719 612 natura
733 602 745 622 ‚
768 566 1036 611 inculcatum
1051 576 1130 622 est,
1161 570 1300 612 Deum
1315 568 1483 626 justum
1506 582 1612 623 esse,
1638 578 1690 614 ut
1707 583 1819 626 ma*-⁴

417 635 624 682 nifestum
640 638 710 691 sit,
730 641 869 682 Deum
887 653 978 682 non
992 652 1104 691 esse,
1123 653 1254 696 quem
1277 637 1517 682 constiterit
1527 639 1698 698 justum
1714 654 1828 697 noni

417 721 520 752 esse.
550 711 696 753 Potest
717 709 849 768 igitur
871 717 914 752 et
942 709 1076 754 homo
1097 710 1240 769 justus
1274 723 1364 752 esse
1399 727 1408 754 :
1441 712 1553 754 Deus
1580 725 1684 756 vero
1714 725 1806 756 esse

416 778 498 821 nisi
513 779 651 837 justus
671 793 761 823 non
775 787 932 837 potest.
955 797 975 820 »

474 851 766 894 AUGUSTINL'S.
795 849 894 893 Tibi
916 848 1002 894 dic.

472 919 638 963 XXIX.
664 922 891 965 JcLum-s.
937 938 957 961 «
986 920 1192 972 Quicum
1229 928 1293 963 est
1323 921 1394 964 hic
1427 935 1540 964 unus
1570 934 1696 965 verus
1732 920 1809 967 cui-

413 990 645 1046 credimus‚
670 1001 714 1036 et
735 1006 866 1050 quem
884 992 929 1035 in
953 991 1163 1036 Trinitate
1182 1007 1467 1048 veneramur,
1491 993 1628 1039 dubio
1649 991 1806 1054 procul
1831 1055 1833 1057 Ι

413 1059 460 1104 in
480 1075 630 1105 omnes
643 1061 794 1122 judicii
812 1072 876 1107 est
899 1063 1064 1106 ratione
1081 1063 1356 1122 justissimus.
1395 1082 1414 1104 »

475 1135 765 1177 Aneusnmffs.
795 1133 892 1177 Tibi
913 1133 984 1177 dic
1010 1152 1018 1178 ε
1045 1143 1089 1177 et
1110 1134 1289 1177 ostende
1305 1135 1472 1193 justum
1497 1149 1604 1190 esse,
1628 1144 1678 1179 ut
1700 1150 1804 1180 eum

412 1209 501 1244 tam
528 1204 755 1248 manifesta
785 1204 969 1259 miseria,
1000 1203 1070 1249 vel
1092 1204 1145 1248 ad
1173 1213 1261 1248 tam
1286 1204 1561 1250 manifestam
1584 1206 1822 1251 miseriam*

410 1282 628 1327 nascatur,
649 1290 673 1317 a
690 1289 778 1332 quo
795 1284 1021 1332 peccatum
1040 1274 1247 1335 originale
1265 1290 1353 1319 non
1378 1275 1579 1319 trahitur.

467 1344 593 1386 XXX
616 1346 641 1387 J
646 1361 843 1388 sumus.
867 1363 887 1386 «
907 1347 969 1388 De
991 1345 1121 1404 hujus
1137 1345 1285 1404 itaque
1299 1345 1470 1403 legibus
1492 1347 1549 1390 ita
1567 1346 1803 1406 probariet

407 1412 617 1457 vindicari
641 1430 730 1458 non
751 1425 920 1473 potest,
947 1416 1068 1475 quod
1097 1431 1186 1460 esse
1221 1425 1391 1460 constat
1421 1417 1655 1477 injustum3
1685 1427 1736 1462 ut
1767 1417 1801 1462 si

406 1483 491 1528 hoc
509 1485 600 1528 fieri
623 1496 762 1543 posset
776 1522 786 1541 ‚
811 1486 924 1530 illius
945 1486 1147 1531 divinitas
1169 1497 1258 1532 tota
1287 1487 1527 1532 vilesceret.
1553 1490 1623 1533 Ab
1644 1503 1697 1533 eo
1718 1488 1802 1547 igi—

408 1561 480 1597 tur
501 1555 760 1613 probabitur
782 1558 838 1600 de
855 1557 1088 1615 Scripturis
1119 1559 1276 1602 sanctis
1298 1558 1521 1618 injustitiae
1547 1559 1708 1619 dogma
1730 1559 1801 1603 fir-

407 1625 532 1677 mari,
553 1642 576 1669 a
593 1642 682 1686 quo
707 1628 940 1685 approbari
962 1629 1151 1687 quiverit
1184 1629 1440 1674 Trinitatem
1476 1630 1547 1674 cui
1580 1629 1799 1675 credimus

406 1692 643 1739 divinitatis
667 1697 799 1755 gloria
818 1713 940 1756 posse
953 1699 1128 1758 privari.
1155 1717 1174 1739 »

463 1768 756 1811 Atetsnffls.
793 1770 949 1812 Verum
981 1767 1088 1812 dicis
1116 1788 1123 1811 :
1157 1768 1233 1813 sed
1260 1770 1383 1813 vobis
1412 1770 1566 1825 dicite,
1590 1770 1668 1829 qui
1699 1769 1798 1828 glo-

405 1834 509 1878 riam
525 1835 714 1892 Christo,
735 1853 820 1897 qua
839 1838 1043 1897 parvulos
1060 1848 1197 1894 sanat,
1222 1839 1434 1884 molimini
1455 1839 1645 1885 auferre.

462 1910 628 1952 XXXI.
667 1912 691 1954 J
698 1926 896 1955 numus.
936 1910 1066 1963 Quod
1103 1912 1309 1971 quoniam
1352 1926 1434 1956 nec
1472 1912 1582 1957 ratio
1615 1912 1799 1956 sustinet

403 1976 509 2032 ulla,
536 1994 617 2023 nec
633 1980 769 2038 pietas
787 1999 796 2024 ε
816 1989 892 2024 aut
907 1980 1037 2033 doce,
1059 1981 1127 2026 vel
1150 1996 1272 2040 posse
1290 1996 1398 2037 esse,
1419 1982 1488 2026 vel
1498 1984 1668 2042 justum
1685 1997 1794 2037 esse,

401 2046 609 2106 imputari
624 2050 828 2110 cuiquam
847 2051 1045 2095 naturale.
1063 2061 1317 2111 peccatum3
1335 2061 1412 2096 aut
1428 2068 1452 2097 a
1473 2053 1796 2112 Scripturarum

402 2129 648 2164 sanctarum
680 2121 1051 2166 contaminatione
1083 2121 1323 2178 discedito,
1348 2138 1537 2182 quarum
1568 2123 1794 2168 sententiis

402 2191 558 2234 sanciri
579 2192 764 2236 aestimas
786 2193 907 2252 quod
928 2193 1130 2253 iniquum
1151 2194 1316 2251 cogeris
1340 2196 1554 2239 confiteri.

461 2264 754 2307 Acen-smnus.
803 2264 965 2308 Erratis
1002 2283 1010 2307 :
1050 2279 1126 2309 vos
1162 2264 1306 2323 potius
1347 2265 1552 2326 iniquum
1587 2264 1795 2323 cogimini

401 2333 599 2376 confiteri
617 2349 746 2392 grave
766 2349 895 2393 super
918 2334 1121 2393 parvulos
1138 2335 1326 2394 jugum3
1355 2336 1389 2379 si
1417 2334 1794 2395 quemadmodum

401 2402 573 2447 nullum
595 2405 759 2450 habent
788 2406 1042 2466 proprium,
1073 2406 1131 2450 ita
1163 2405 1338 2450 nullum
1374 2407 1558 2451 trahunt
1582 2404 1794 2466 originale
1842 2398 1843 2402 ¹

402 2482 646 2531 peccatum.

433 2563 459 2580 '¹
481 2556 582 2593 Eccli.
600 2570 651 2601 η,
674 2572 702 2593 1.
