1821 3264
283 259 426 287 omnus
458 260 634 287 IMPERF.
669 259 832 288 CONTRA
863 259 1032 290 JULIAN.
1070 263 1152 289 Lm.
1190 264 1219 288 1.
1357 251 1442 290 319

114 325 196 368 ΙΙΙ.
219 326 244 368 J
249 341 445 371 numus.
467 344 488 368 «
505 329 570 370 Ita
586 341 687 371 cum
709 326 1003 386 prudentibus
1021 342 1173 387 parum
1196 327 1321 382 lieet,
1342 328 1443 371 vili-

55 393 137 438 bus
159 403 305 439 autem
327 396 557 455 quodlibet
578 397 708 441 etiam
730 396 856 456 licet3
881 399 1143 443 seditionum
1167 398 1343 443 decreto
1365 414 1444 442 ex-

4 464 5 467 ’
56 463 172 508 clusa
203 474 268 509 est
299 466 353 510 de
384 467 586 512 Ecclesiis
617 482 799 513 censura
833 468 1047 513 virtutum
1079 488 1088 513 :
1114 468 1327 528 nobisque
1362 469 1446 513 hoc

56 534 173 594 apud
195 536 392 581 homines
423 538 545 598 vulgi
565 538 724 593 officit,
749 537 871 599 quod
890 539 1076 584 accessio
1096 540 1249 583 erroris
1270 554 1360 584 esse
1384 555 1445 583 re-

55 605 254 664 nuimus3
275 607 410 667 vulgi,
435 609 612 668 inquam
629 643 640 663 ,
669 609 745 668 qui
763 610 990 654 sententiae
1013 609 1217 653 meritum
1241 610 1296 653 de
1320 625 1444 668 pros-

54 676 310 734 peritatibus
331 677 591 737 ponderans,
611 694 705 723 eam
726 680 938 725 veriorem
959 681 1165 735 aestimat,
1193 695 1325 740 quam
1343 680 1445 739 plu-

54 748 174 793 ribus
190 748 362 808 placere
384 750 672 810 conspexerit.
699 769 719 792 »

111 821 403 865 Amusmns.
430 819 654 880 Numquid
698 820 963 866 Maniehaeus
1013 821 1216 880 pluribus
1266 820 1444 881 placet?

53 903 199 934 nonne
217 891 329 935 sicut
351 891 599 950 parricidae,
626 900 668 935 et
690 892 834 951 pauci,
859 901 902 936 et
935 892 1105 951 pessimi
1138 894 1268 936 sunt?
1301 891 1444 937 Nolite

53 975 155 1019 ergo
189 960 244 1004 de
276 963 492 1021 paucitate
526 962 718 1020 gloriari:
758 971 802 1006 et
830 962 952 1022 quod
986 972 1049 1007 est
1086 963 1267 1018 vanius,
1299 962 1444 1007 dicere

52 1031 172 1090 quod
194 1031 394 1091 pluribus
416 1033 584 1093 placeat
604 1032 760 1092 dogma
783 1043 1005 1089 nostrum,
1038 1045 1080 1077 et
1106 1034 1294 1093 objicere
1320 1034 1445 1078 nobis

52 1101 376 1148 detestabilium
396 1103 554 1164 dogma
579 1120 834 1164 paucorum.

111 1175 186 1217 IV.
207 1176 434 1219 JULIANUS.
459 1194 478 1216 «
504 1175 722 1236 Quodque
739 1177 798 1220 ait
815 1176 859 1219 in
876 1176 1119 1235 Epicurum
1141 1175 1332 1231 Tullius,
1360 1190 1445 1220 ma·

50 1242 208 1288 nifesto
230 1255 488 1305 argumento
511 1262 601 1291 non
623 1246 709 1291 dici
730 1246 803 1290 illa
826 1246 1046 1291 subtiliter
1064 1282 1075 1302 ,
1101 1246 1222 1307 quod
1244 1247 1444 1306 cujusce-

50 1314 183 1372 modi·
198 1315 393 1359 homines
416 1317 574 1375 passim
596 1316 677 1360 sibi
710 1331 758 1360 ea
778 1317 1042 1376 profitentur
1066 1317 1253 1376 placere.
1282 1316 1332 1360 Id
1357 1316 1441 1370 isti,

48 1385 160 1430 sicut
180 1387 344 1441 omnia,
370 1402 490 1431 more
507 1402 733 1447 perverso,
757 1387 812 1432 ad
830 1389 1051 1447 sapientiae
1074 1397 1231 1447 putant
1250 1388 1446 1431 testimo-

50 1456 171 1501 nium
195 1458 426 1516 pertinere.

109 1530 402 1573 Aret-sums.
427 1528 511 1573 Sed
546 1528 737 1572 Tullium
760 1528 864 1572 vicit
898 1537 1031 1588 atque
1066 1527 1254 1572 convicit
1284 1528 1328 1570 in
1364 1528 1446 1571 hac

51 1599 262 1644 sententia
284 1599 357 1643 ille
379 1600 454 1660 qui
477 1599 602 1654 dicit,
636 1619 655 1641 «
683 1598 877 1644 Laudate
899 1600 1133 1644 Dominum
1166 1614 1315 1643 omnes
1336 1614 1445 1657 gen-

54 1687 74 1711 »
99 1678 183 1725 tes,
209 1669 386 1714 laudate
407 1685 506 1715 eum
530 1685 679 1714 omnes
702 1669 890 1730 popuh1.
922 1689 941 1712 »
964 1673 1084 1724 Quos
1107 1680 1155 1714 tu
1176 1670 1334 1729 quaeris
1357 1685 1446 1713 non

49 1741 258 1785 veraciter
275 1741 453 1796 docere,
479 1741 555 1785 sed
585 1740 803 1786 subtiliter
825 1739 976 1785 fallere
1000 1740 1167 1800 aliquos
1196 1755 1346 1784 eorum
1362 1774 1374 1794 ,
1405 1749 1448 1783 et

49 1820 202 1856 vestrae
232 1811 392 1856 addere
424 1812 656 1871 paucitati,
681 1811 969 1856 subtilitatem
987 1825 1228 1870 paucorum
1255 1810 1446 1869 philoso-

49 1882 237 1940 phorum
259 1882 533 1927 saecularium
571 1881 880 1942 praedicando,
908 1891 952 1925 et
980 1897 1060 1926 nos
1085 1880 1447 1940 reprehendendo

49 1952 168 2012 quod
187 1969 277 1998 non
299 1953 501 1998 dicantur
527 1962 671 1998 nostra
695 1953 931 2007 subtiliter,
969 1963 1011 1997 et
1029 1953 1130 1997 ideo
1150 1951 1446 2012 cujuscemodi

48 2023 246 2068 homines
274 2025 430 2084 passim
460 2024 542 2068 sibi
579 2040 628 2068 ca
660 2025 948 2084 profiteantur
978 2023 1163 2083 placere.
1194 2026 1266 2068 Me
1303 2033 1447 2066 tamen

51 2093 277 2154 aliquoties
308 2095 474 2151 dixisti,
510 2094 622 2139 nihil
643 2095 780 2154 magis
804 2099 957 2154 agere²
982 2110 1114 2155 quam
1140 2103 1188 2138 ut
1210 2109 1300 2138 non
1319 2092 1447 2137 intel-

49 2164 159 2223 ligar
182 2185 190 2210 ;
215 2166 440 2226 quomodo
466 2180 567 2223 ergo
594 2165 639 2209 id
670 2166 793 2225 quod
816 2165 1033 2221 defendo,
1062 2164 1334 2209 multitudini
1355 2163 1448 2223 pla-

50 2244 140 2291 cet,
166 2236 247 2281 nisi
264 2238 366 2297 quia
384 2236 623 2281 multitudo
641 2238 721 2281 ista
737 2236 953 2282 catholica
973 2245 1059 2291 est,
1086 2236 1158 2281 cui
1181 2237 1335 2280 merito
1356 2250 1449 2279 ves-

49 2315 115 2351 tra
136 2308 311 2352 haeresis
329 2307 559 2367 displicet?

111 2381 165 2423 V.
188 2382 415 2424 humus.
441 2381 671 2423 «Delectat
687 2378 802 2422 enim
832 2393 1006 2437 prorsus
1028 2377 1233 2421 subantes
1250 2376 1415 2420 animas
1435 2409 1447 2430 ,

50 2449 260 2495 infamare
277 2450 494 2511 quidquid
514 2466 710 2510 unquam
724 2459 768 2494 et
784 2465 968 2510 usquam
991 2458 1241 2494 sanctorum
1261 2447 1368 2502 fuit,
1396 2463 1449 2491 ne

53 2520 271 2567 clarorum
294 2536 479 2582 operum
502 2521 766 2579 castigentur
787 2520 1013 2579 exemplis.
1039 2539 1059 2561 »

103 2612 112 2630 ¹
129 2605 208 2640 Psal.
225 2617 288 2645 cvi,
313 2618 339 2638 t·
354 2623 395 2631 --
412 2613 425 2629 2
449 2606 527 2639 Vide
540 2604 595 2639 lib.
614 2606 679 2639 ide
695 2606 832 2648 Nuptiis,
851 2616 924 2648 cap.
947 2616 997 2646 19.
