1821 3264
404 243 458 269 DE
489 241 783 270 CORRBPTIONE
814 243 867 270 ΕΤ
898 240 1071 270 GRATIA.
1379 234 1431 269 27

51 309 134 355 nisi
156 309 216 353 eis
239 308 315 368 qui
338 322 427 352 non
456 306 692 366 peribunt,
715 307 922 366 quoniam
943 308 1018 367 qui
1043 322 1132 352 non
1159 318 1435 367 perseverant

49 379 270 493 ΡΘΞΞΠΙᾟΪ
296 446 484 491 νΤειΙίὺιις,
514 449 627 491 Deus
654 445 936 505 diligentibus
964 461 1065 490 eum
1096 449 1240 492 omnia
1278 463 1436 507 coope-

48 529 168 565 ratur
190 520 235 562 in
265 519 458 575 bonum,
482 533 618 578 usque
642 517 750 562 adeo
773 532 948 576 prorsus
981 518 1150 570 omnia,
1176 527 1226 561 ut
1247 519 1377 563 etiam
1401 520 1436 564 si

47 592 123 652 qui
153 605 305 634 eorum
341 590 518 634 deviant
549 599 591 632 et
622 588 891 644 exorbitant,
927 588 1057 632 etiarn
1092 589 1176 632 hoc
1207 589 1351 647 ipsum
1377 591 1436 634 eis

49 659 179 707 faciat
200 661 408 720 proficere
426 661 470 703 in
494 663 684 715 bonum,
705 660 806 720 quia
828 659 1080 703 humiliores
1103 659 1290 704 redeunt
1306 669 1437 719 atque

51 731 278 776 doctiores.
310 732 492 775 Discunt
512 732 628 774 enim
651 731 696 773 in
719 731 808 789 ipsa
833 731 899 773 via
922 731 1039 789 justa
1061 746 1162 774 cum
1184 740 1372 775 tremore
1393 746 1437 774 se

49 801 242 846 exultare
279 801 462 856 debere,
501 816 591 845 non
625 800 707 844 sibi
741 800 984 858 arrogando
1020 809 1230 859 tanquam
1269 800 1324 844 de
1361 816 1437 845 sua

48 873 208 918 virtute
229 873 435 918 fiduciam
459 873 767 933 permanendi,
790 888 871 916 nec
893 871 1080 917 dicendo
1102 873 1147 917 in
1172 873 1437 917 abundantia

46 959 122 990 sua
139 963 149 989 2
169 947 299 990 «Non
315 944 590 989 movebimur
606 944 652 988 in
665 947 895 988 aeternum¹
906 978 915 988 .
935 962 954 985 »
973 947 1154 1003 Propter
1168 943 1289 1004 quod
1305 945 1363 988 eis
1378 944 1438 987 die

44 1016 157 1060 citur
188 1035 197 1060 ι
238 1034 259 1058 «
285 1016 449 1061 Servite
481 1016 670 1060 Domino
700 1016 745 1060 in
773 1016 956 1071 timore,
983 1025 1026 1060 et
1054 1015 1245 1059 exultate
1266 1016 1305 1059 ei
1337 1030 1437 1059 cum

49 1104 71 1128 »
96 1095 307 1142 tremore,
336 1102 392 1132 ne
415 1087 594 1148 quando
618 1088 827 1132 irascatur
855 1087 1090 1142 Dominus,
1116 1095 1158 1132 et
1179 1086 1364 1146 pereatis
1386 1086 1440 1130 de

47 1176 68 1200 »
94 1158 162 1203 via
186 1160 347 1218 justa2.
379 1177 398 1201 »
433 1161 585 1219 Neque
606 1159 722 1204 enim
745 1160 829 1215 ait,
855 1169 898 1205 et
925 1175 1014 1205 non
1036 1159 1217 1204 veniatis
1247 1158 1302 1204 ad
1323 1159 1439 1203 viam

42 1229 204 1287 justam
223 1249 235 1285 3
255 1228 352 1284 sed,
388 1248 408 1272 «
434 1245 489 1274 ne
515 1231 720 1289 pereatis,
748 1231 913 1291 inquit,
941 1230 997 1275 de
1018 1232 1085 1275 via
1098 1232 1217 1291 justa
1241 1249 1249 1275 ε
1284 1248 1304 1272 »
1330 1230 1438 1288 quid

47 1299 302 1354 ostendens,
328 1300 410 1343 nisi
438 1315 511 1345 eos
540 1316 630 1345 esse
659 1303 947 1347 commonitos
965 1338 975 1357 ,
1001 1303 1078 1361 qui
1094 1303 1183 1362 jam
1211 1299 1438 1345 ambulant

47 1370 93 1414 in
123 1370 192 1415 via
221 1371 360 1430 justa,
385 1379 436 1415 ut
466 1372 511 1414 in
548 1372 700 1416 timore
734 1375 823 1416 Deo
851 1373 1061 1426 serviant,
1091 1372 1138 1415 id
1169 1381 1255 1425 est,
1297 1390 1316 1413 «
1349 1386 1439 1415 non

49 1458 71 1482 >›
98 1439 236 1485 altum
264 1441 458 1501 sapiant,
494 1442 570 1486 sed
606 1443 844 1487 timeantss?
875 1461 894 1484 »
927 1442 1048 1502 quod
1083 1441 1318 1500 significat,
1349 1456 1439 1485 non

47 1511 302 1571 superbiant
318 1547 329 1567 ,
351 1512 427 1556 sed
448 1512 635 1557 humiles
659 1513 744 1557 siut
766 1532 775 1558 :
801 1513 917 1557 unde
939 1522 982 1557 et
1004 1512 1108 1557 alibi
1131 1512 1237 1556 dicit
1262 1531 1272 1557 :
1301 1530 1322 1554 «
1341 1514 1439 1557 Non

51 1600 72 1624 n
99 1581 184 1626 alta
200 1583 414 1642 sapientes
430 1618 440 1638 ,
459 1583 533 1627 sed
555 1584 797 1628 humilibus
815 1584 1174 1628 consentientes4.
1204 1602 1224 1625 «
1245 1582 1440 1627 exultent

46 1655 160 1708 Deo,
197 1653 273 1697 sed
307 1669 409 1698 cum
448 1663 662 1711 tremore,
701 1655 745 1698 in
780 1654 903 1699 nullo
938 1655 1223 1714 gloriantes⁵‚
1260 1654 1439 1714 quando

43 1732 240 1768 nostrum
255 1724 365 1768 nihil
387 1725 461 1781 sit,
481 1734 532 1768 ut
552 1725 629 1785 qui
646 1725 871 1784 gloriatur,
890 1726 936 1770 in
954 1726 1141 1771 Domino
1165 1725 1398 1784 glorietur6
1427 1744 1435 1769 :

42 1809 98 1838 ne
125 1804 305 1853 pereant
329 1793 384 1838 de
404 1796 474 1840 via
494 1796 606 1854 justa
623 1831 633 1850 ,
658 1797 703 1839 in
725 1812 812 1856 qua
829 1799 918 1856 jam
937 1797 1163 1841 ambulare
1184 1805 1435 1855 coeperunt,

45 1864 154 1909 dum
175 1865 255 1909 sibi
271 1866 355 1910 hoc
371 1865 512 1925 ipsum
536 1867 774 1925 assignant,
798 1868 918 1927 quod
935 1869 979 1911 in
997 1883 1046 1911 ea
1065 1876 1182 1911 sunt.
1203 1868 1279 1911 His
1297 1867 1438 1911 verbis

46 1952 148 1981 usus
172 1945 236 1981 est
256 1946 300 1981 et
320 1936 555 1996 Apostolus
571 1973 581 1992 ,
607 1939 686 1981 ubi
710 1939 768 1982 ait
790 1957 798 1982 :
829 1957 849 1980 «
869 1940 980 1982 Cum
1003 1939 1160 1981 timore
1182 1946 1225 1981 et
1251 1947 1438 1982 tremore

37 2026 66 2050 7η
92 2017 279 2054 vestram
308 2009 504 2069 ipsorum
537 2008 740 2053 salutem«
757 2009 1044 2068 operamini⁷.
1072 2026 1091 2049 »
1125 2011 1183 2052 Et
1208 2007 1438 2053 ostendens

43 2095 179 2139 quare
201 2095 302 2124 cum
324 2080 480 2125 timore
502 2089 544 2124 et
568 2089 756 2125 tremore
783 2099 792 2124 :
829 2099 848 2122 «
872 2083 986 2124 Deus
1011 2089 1075 2124 est
1099 2080 1240 2134 enim,
1270 2080 1434 2139 inquit,

49 2168 68 2192 »
96 2151 172 2210 qui
197 2160 402 2210 operatur
426 2152 471 2195 in
500 2151 624 2195 vobis
651 2160 693 2195 et
722 2150 834 2195 velle
858 2160 901 2194 et
926 2151 1094 2210 operari
1118 2166 1197 2210 pro
1220 2151 1335 2194 bona
1358 2166 1437 2195 vo-

45 2239 66 2263 »
93 2221 303 2266 luntatess.
326 2240 346 2263 »
375 2224 471 2267 Non
493 2223 606 2266 enim
630 2223 820 2267 habebat
843 2223 962 2267 hunc
984 2223 1184 2267 timorem
1208 2231 1251 2266 et
1272 2230 1437 2267 tremo-

43 2307 134 2336 rem
151 2327 163 2348 ,
188 2293 263 2353 qui
283 2292 456 2338 dicebat
477 2293 523 2336 in
546 2293 817 2338 abundantia
839 2309 916 2338 sua
939 2313 947 2339 :
991 2313 1010 2336 «
1031 2297 1128 2339 Non
1155 2294 1366 2339 movebor
1393 2294 1436 2337 in

46 2381 67 2406 »
94 2366 351 2409 aeternum9.
378 2383 398 2406 n
423 2363 507 2410 Sed
524 2365 626 2425 quia
643 2364 757 2410 filius
780 2375 872 2411 erat
888 2365 1206 2426 promissionis,
1228 2381 1318 2410 non
1335 2380 1436 2424 per-

92 2493 101 2508 ¹
126 2485 196 2518 Psal
228 2485 323 2527 xnx',
351 2496 439 2527 7.—
455 2493 467 2509 ²
500 2487 608 2529 1d-n,
633 2499 682 2520 ιῐ.
701 2505 738 2511 --
754 2487 768 2510 3
788 2491 878 2520 Rom.
901 2499 929 2520 xi
948 2515 955 2528 ‚
989 2497 1043 2521 20.
1062 2505 1100 2510 -
1117 2487 1134 2515 4
1168 2488 1215 2520 Id.
1240 2498 1301 2524 xlx,
1325 2487 1376 2519 16.
1394 2503 1434 2509 —

43 2540 59 2565 ⁵
76 2542 226 2585 Cyprian.
248 2542 305 2575 lib.
322 2553 360 2575 111
377 2544 508 2575 Testim.
529 2555 601 2587 cap.
623 2544 654 2587 4.
672 2543 740 2569 ...6
767 2548 885 2578 Jerem.
908 2556 951 2586 ix,
972 2545 1013 2577 '23
1031 2562 1069 2568 —
1084 2553 1096 2577 7
1118 2544 1230 2586 Philip.
1253 2555 1286 2585 ιι,
1320 2552 1369 2576 12.
1390 2559 1430 2566 —

44 2596 59 2619 8
77 2597 158 2630 lbid.
183 2598 232 2631 13.
252 2616 292 2622 -
307 2606 322 2630 9
340 2599 420 2631 Psal.
445 2609 534 2640 xxix,
555 2610 585 2640 7.
