1884 3285
450 264 503 304 54
885 275 916 302 s.
956 276 1179 306 Atat-snm
1212 280 1389 308 tmscom

492 339 599 400 fide
621 340 949 398 accipiendum
963 341 1158 405 probat.
1191 344 1365 390 Fidem
1384 348 1509 390 inter
1524 346 1628 394 alia
1658 365 1821 394 nume-

507 408 715 452 randam
739 426 838 454 esse
855 427 1020 470 opera,
1039 411 1208 471 quibus
1229 414 1325 458 Dei
1341 417 1552 477 gratiam
1570 420 1827 476 praeveniri

502 489 649 539 negat
680 480 940 538 Apostolus
966 518 978 536 ,
1027 498 1130 526 cum
1170 482 1285 528 dicit
1324 502 1333 528 .·
1378 489 1473 530 Non
1510 503 1560 530 ex
1601 489 1819 547 operibus.

506 546 684 593 Gratia
707 548 935 595 duritiam
969 553 1125 598 cordis
1154 555 1342 617 auferri
1367 577 1388 610 ,·
1413 566 1458 601 et
1482 557 1554 601 ad
1581 558 1823 604 Christum

501 621 662 663 venire
696 636 858 666 omnes
896 624 979 680 qui
1005 640 1037 667 a
1071 624 1224 668 Patre
1259 625 1489 670 docentur
1517 637 1566 671 ut
1586 630 1785 673 veniant
1809 647 1820 674 :

502 706 619 748 quos
656 702 818 736 autem
841 692 1008 748 (locet,
1042 695 1369 740 misericordia
1395 697 1564 743 docere
1597 720 1608 756 3
1634 709 1678 742 et
1707 716 1823 757 quos

502 759 598 804 no'n
626 760 790 816 docet,
814 763 992 823 judicio
1024 780 1119 809 non
1148 765 1333 812 docere.
1365 766 1547 814 Locum
1582 782 1645 813 ex
1675 770 1824 829 ipsius
1863 769 1866 772 ’

499 829 724 889 Epistola
747 851 819 885 cu,
843 844 1006 891 quwst.
1031 843 1070 885 2,
1100 836 1158 880 (le
1183 847 1392 897 tempore
1414 837 1691 884 christianae
1714 839 1824 885 reli-

497 904 671 961 gionis,
692 904 775 960 qui
797 920 827 947 a
851 904 1256 968 Semzpelagianis
1271 908 1527 969 allegatur,
1540 925 1682 969 posse
1698 921 1825 956 recte

500 970 634 1015 salua
666 975 839 1034 gratia?
869 990 929 1019 ac
950 975 1388 1034 praedestinationis
1418 978 1642 1024 doctrina
1665 980 1825 1040 expli-

498 1043 616 1085 cari.
643 1042 797 1087 Docet
823 1044 940 1102 quid
959 1047 1083 1102 inter
1099 1049 1312 1108 gratiam
1341 1051 1524 1094 intersit
1549 1060 1593 1094 et
1611 1049 1824 1110 proedes-

498 1113 796 1156 linationem.
825 1113 982 1159 Porro
1001 1116 1424 1174 prceclestinatione
1445 1119 1601 1164 Deum
1622 1137 1681 1164 ea
1703 1137 1826 1179 prce-

499 1183 703 1234 sciuisse,
719 1184 997 1245 qucefiierat
1014 1187 1122 1247 ipse¹
1123 1187 1365 1247 facturus.
1378 1188 1826 1235 praedestinationis

499 1251 817 1306 adversarios,
838 1255 1002 1310 (suiad
1011 1257 1242 1300 incertum
1260 1257 1523 1302 voluntatis
1544 1258 1643 1304 Dei
1654 1258 1830 1306 deduci

496 1337 546 1364 se
568 1321 694 1366 nolle
718 1322 955 1379 dicuntur,
972 1327 1177 1370 miratur
1196 1327 1323 1372 male
1337 1345 1387 1373 se
1407 1331 1535 1387 ipsos
1557 1331 1830 1390 infirmitati

495 1408 591 1436 suce
606 1429 619 1447 ,
646 1410 800 1453 quam.
799 1397 1030 1454 firmitati
1044 1399 1373 1458 promissionis
1395 1399 1493 1444 Dei
1509 1403 1821 1447 committere.

494 1460 712 1506 Eosdem
730 1462 824 1507 lmc
843 1469 1130 1512 auctoritate
1155 1485 1165 1512 :
1201 1469 1243 1513 Si
1266 1469 1527 1525 credideris,
1554 1470 1697 1515 salvus
1720 1473 1820 1527 eris,

495 1531 632 1576 abuti
664 1547 1021 1581 commonstrat.
1068 1537 1253 1583 Gratioe
1291 1556 1351 1583 ac
1381 1539 1824 1599 prcedestinationis

495 1604 745 1648 veritatem
767 1605 976 1651 relucere
995 1609 1040 1652 in
1053 1608 1268 1667 parvulis
1286 1613 1370 1668 qui
1388 1610 1653 1668 salvantur,
1681 1612 1825 1660 nullis

496 1674 592 1716 suis
604 1675 783 1718 meritis
798 1673 993 1721 discreti
1005 1694 1037 1721 a
1049 1681 1233 1724 eceteris
1247 1683 1330 1739 qui
1334 1691 1550 1741 pereunt.
1565 1682 1683 1728 Non
1699 1684 1826 1729 enim

496 1742 620 1786 inter
652 1759 730 1788 eos
759 1744 967 1791 discerni
983 1763 1045 1791 ex
1062 1751 1371 1808 prcescientia
1396 1756 1688 1808 meritorum',
1719 1769 1825 1812 quoe

494 1814 537 1856 si
548 1812 721 1858 (liutius
736 1817 942 1861 viverent
941 1818 1154 1880 fuerant
1177 1820 1403 1866 habituri.
1430 1824 1480 1867 A
1485 1821 1512 1867 b
1534 1821 1825 1869 adversariis

495 1881 616 1927 illud
629 1884 805 1946 injuria
827 1896 1061 1945 tanquam
1079 1906 1174 1934 non
1196 1893 1482 1937 canonicum
1507 1894 1826 1939 testimonium

495 1955 668 2011 respui,
695 1954 827 2013 quod
845 1957 893 2000 in
911 1973 1020 2001 eam
1047 1975 1144 2003 rem
1169 1959 1359 2005 attulit:
1391 1966 1555 2021 Raptus
1575 1973 1638 2007 est
1661 1980 1715 2007 ne
1734 1980 1824 2009 ma-

495 2022 605 2075 litia,
632 2034 714 2068 etc.
745 2025 1179 2074 Prseclarissimmn
1206 2032 1478 2092 exemplum
1503 2034 1824 2093 praedestina,-

494 2094 634 2137 tionis
675 2104 720 2138 et
760 2098 934 2157 gratioe
968 2115 1069 2143 esse
1106 2102 1257 2160 ipsum
1287 2102 1592 2149 Salvatorem
1613 2142 1629 2161 ,
1659 2107 1743 2164 qui
1774 2116 1825 2150 ut

492 2163 722 2209 Salvator
737 2176 783 2209 et
800 2166 851 2211 F
851 2166 957 2212 ilius
981 2169 1077 2213 Dei
1091 2173 1358 2234 unigenitus
1381 2185 1518 2230 esset,
1540 2174 1685 2220 nullis
1700 2193 1824 2237 proe-

492 2233 767 2280 cedentibus
788 2236 864 2281 vel
877 2254 1071 2297 operum
1088 2241 1291 2303 velficlei
1310 2245 1491 2290 meritis
1503 2248 1817 2307 comparavit.
1882 2262 1884 2276 ¹

495 2303 875 2352 Proedestinatos
919 2312 1086 2354 vocari
1123 2323 1256 2356 certa
1300 2314 1515 2373 quadam
1566 2314 1822 2362 electorum
1882 2328 1884 2342 ¹

485 2377 685 2434 propria
710 2380 980 2436 vocatione,
1006 2392 1150 2440 atque
1184 2394 1297 2428 ante
1329 2385 1497 2430 mundi
1522 2389 1820 2434 constitutio-

487 2461 596 2489 nem
618 2445 789 2491 electos
807 2465 922 2504 esse,
939 2467 1034 2496 non
1046 2453 1159 2510 quia
1177 2454 1407 2499 credituri
1415 2457 1816 2516 praesciebantur,

489 2525 546 2577 et¹
548 2516 708 2576 futuri
725 2521 896 2576 sancti,
921 2521 1008 2566 sed
1026 2534 1077 2568 ut
1094 2524 1214 2571 tales
1237 2538 1394 2573 essent
1405 2545 1496 2588 per
1515 2531 1674 2589 ipsam
1695 2530 1818 2577 elec-

492 2586 665 2630 tionem
686 2591 887 2648 gratise:
914 2602 1001 2636 etc.
