1884 3285
407 281 489 316 280
841 286 873 311 s.
914 285 952 309 Al
969 285 1140 312 GusTiiw
1174 285 1353 310 EPISCOPI

400 355 595 399 cessitate
618 349 913 402 venientibus,
933 364 1035 407 quae
1043 350 1132 407 jam
1155 364 1243 393 non
1262 348 1402 392 solum
1421 356 1612 407 peccata,
1632 361 1782 391 verum
1835 360 1838 401 ;

401 426 528 469 etiam
552 436 696 482 poenae
719 429 820 463 sunt
847 428 1150 478 peccatorum,
1176 419 1356 478 plenum
1388 419 1442 463 sit
1472 433 1607 476 genus
1628 418 1785 461 huma·
1836 420 1838 456 Ξ
1880 436 1882 438 ’

399 510 507 539 num
547 513 556 538 2
595 489 819 552 quomodo
861 489 966 534 dicis
1003 489 1329 534 definitionibus
1366 489 1521 534 nostris
1557 497 1786 548 peccatum

398 580 480 610 nec
500 565 546 608 in
571 562 766 607 moribus
792 561 1003 605 inveniri?
1033 560 1116 605 Sed
1137 560 1256 621 quod
1280 575 1369 605 non
1389 559 1541 614 vultis,
1565 558 1727 604 audite.
1749 561 1787 603 A
1839 566 1841 603 ζ

399 635 585 697 peccatis
619 633 822 678 omnibus
855 632 943 676 sive
976 632 1284 690 originalibus,
1316 632 1403 676 sive
1422 630 1687 685 moralibus,
1719 629 1788 673 vel
1840 647 1843 689 j,
1883 640 1884 667 3

397 723 496 768 quae
519 706 633 751 facta
655 714 777 759 sunt,
811 703 878 748 vel
910 718 964 746 ne
993 703 1116 759 fiant,
1145 719 1233 747 non
1263 702 1419 746 liberat
1450 702 1530 746 nisi
1553 701 1687 761 gratia
1710 700 1788 746 Dei

398 795 474 838 per
500 780 647 821 Jesum
664 775 885 820 Christum
909 774 1142 818 Dominum
1172 782 1370 818 nostrum
1385 775 1415 827 ¹,
1440 773 1486 816 in
1505 787 1593 832 quo
1611 786 1789 830 regene-

400 850 481 894 rati
499 863 665 902 sumus,
687 856 730 890 et
748 862 769 889 a
793 861 882 906 quo
909 844 1141 890 didicimus
1155 844 1321 890 orando
1338 844 1497 899 dicere,
1519 860 1608 889 non
1628 842 1788 897 solum,
1845 861 1847 866 ·

402 939 421 962 «
446 918 626 963 Dimitte
649 917 775 961 nobis
792 915 939 960 debita
961 925 1107 960 nostra
1128 951 1140 971 ,
1162 934 1182 957 »
1205 916 1250 960 id
1268 924 1352 971 est,
1379 914 1481 975 quia
1495 915 1788 974 peccavimus,
1845 932 1848 956 1

395 1005 549 1036 verum
582 988 736 1043 etiam,
765 989 871 1032 «Ne
904 1002 983 1032 nos
1014 987 1174 1032 inferas
1201 987 1246 1030 in
1275 986 1604 1040 tentationem2,
1640 984 1686 1029 id
1707 993 1787 1039 est,
1847 1022 1849 1028 ,

398 1078 453 1106 ne
475 1075 720 1121 peccemus.

456 1133 570 1177 CVI.
610 1133 836 1173 JiuAm-s.
880 1130 1045 1171 Verum
1076 1127 1327 1185 consignata
1367 1126 1448 1170 hac
1487 1124 1792 1185 disputationis
1848 1122 1850 1124 ’

397 1217 565 1247 summa
589 1200 817 1260 prudentis
850 1198 996 1242 animo
1028 1197 1225 1253 lectoris,
1262 1198 1528 1242 excutiamus
1551 1196 1658 1257 quid
1681 1197 1791 1256 bap-
1849 1215 1852 1231 τ
1873 1224 1876 1228 ‹

396 1274 521 1318 tisma
535 1282 678 1327 tuum,
696 1269 817 1331 quod
836 1278 1013 1329 propter
1028 1269 1163 1314 solam
1178 1268 1433 1327 genitalium
1451 1269 1792 1314 commotionem
1851 1306 1853 1311 .
1873 1288 1876 1289 ⁷

395 1344 501 1388 dicis
535 1343 664 1387 fuisse
697 1341 944 1401 provisum,
986 1340 1140 1384 crediti
1181 1340 1260 1384 sibi
1297 1340 1488 1384 muneris
1533 1348 1789 1400 exequatur.

395 1415 631 1460 Profitetur
652 1428 696 1457 se
720 1428 743 1456 a
773 1412 961 1472 peccatis
985 1412 1182 1456 homines
1210 1412 1414 1471 expiare,
1445 1411 1520 1456 sed
1541 1426 1643 1455 cum
1676 1410 1795 1470 apud
1853 1417 1877 1455 ².=

391 1485 601 1547 justitiam
627 1499 755 1528 causa
778 1483 923 1542 agitur
958 1482 1215 1537 voluntatis,
1248 1497 1337 1527 non
1359 1482 1671 1541 pronuntiatur
1697 1497 1791 1537 rea,
1854 1509 1856 1516 ι
1880 1526 1881 1530 ,

398 1572 497 1616 quae
529 1554 647 1599 aliud
678 1553 791 1598 velle
822 1569 911 1597 non
936 1553 1095 1612 potuit.
1131 1556 1428 1598 Evanescente
1460 1562 1604 1597 autem
1634 1553 1794 1597 invidia

401 1636 564 1680 reatus,
591 1627 720 1669 etiam
745 1640 906 1684 pompa
938 1624 1206 1683 indulgentis
1230 1625 1409 1669 evanuit
1434 1643 1442 1669 ε
1469 1624 1570 1684 quia
1593 1639 1683 1668 non
1712 1638 1794 1682 po·
1856 1630 1859 1685 ᾖ

400 1708 485 1743 test
511 1698 760 1756 ignoscere,
786 1696 906 1754 quod
930 1696 1029 1755 jure
1062 1710 1151 1739 non
1184 1703 1326 1754 potest
1359 1697 1591 1755 imputare.
1624 1698 1686 1739 Ac
1717 1709 1795 1754 per
1857 1702 1860 1742 ἰ

402 1771 514 1823 hoc,
550 1766 844 1827 promissionis
883 1782 972 1810 suae
1006 1765 1240 1810 frustratur
1276 1766 1504 1810 effectibus
1541 1782 1549 1807 z
1587 1766 1795 1826 quoniam
1858 1782 1861 1829 g

402 1856 482 1885 nec
506 1838 672 1882 invenit
707 1837 914 1892 crimina,
946 1852 1136 1897 quorum
1164 1838 1413 1882 remissione
1447 1837 1674 1892 laudetur3
1713 1852 1794 1881 nec
1859 1834 1861 1890 ἶ

403 1911 537 1955 habet
565 1910 695 1968 hujus
729 1907 928 1951 beneficii
962 1907 1202 1959 debitores,
1235 1923 1324 1967 quo
1350 1917 1627 1967 peccatorum
1651 1906 1793 1952 vincla
1860 1921 1863 1928 ·

405 1982 629 2026 solvantur
647 1999 655 2023 z
674 1978 778 2038 quia
800 1978 846 2021 in
861 1978 1123 2022 necessitatis
1150 1978 1269 2036 asylo
1286 1977 1520 2023 collocatos
1542 1994 1632 2023 non
1653 1986 1797 2037 potest
1862 1980 1863 2029 ξ

403 2050 530 2094 malae
562 2048 821 2093 convincere
851 2047 1089 2091 voluntatis
1126 2067 1134 2092 :
1174 2063 1251 2107 per
1279 2064 1378 2108 quae
1416 2049 1561 2093 omnia
1590 2063 1796 2107 superva—
1862 2057 1864 2100 ξ

404 2137 537 2166 cuum
573 2117 931 2178 deprehenditur.
959 2120 1123 2162 Verum
1155 2118 1257 2179 quia
1280 2119 1414 2178 gratia
1448 2135 1549 2180 quae
1577 2135 1602 2163 a
1623 2119 1797 2164 Christo
1862 2109 1865 2159 Ῑ

404 2191 576 2252 provisa
597 2198 674 2244 est,
695 2204 962 2248 supervacua
985 2204 1074 2234 non
1097 2198 1160 2233 est
1185 2208 1195 2234 ;
1221 2189 1489 2234 rationabilis
1511 2191 1602 2250 ejus
1624 2190 1798 2234 munifi·
1864 2192 1867 2214 ³

407 2262 549 2307 centia
570 2269 792 2314 teneatur,
823 2275 900 2318 per
929 2259 1049 2320 quod
1081 2275 1153 2305 rea
1175 2259 1378 2305 voluntas
1401 2261 1674 2305 convincitur
1694 2276 1797 2320 pec-

404 2332 584 2387 catoris,
605 2346 705 2390 quae
728 2330 871 2389 potuit
893 2331 1045 2390 utique
1074 2339 1165 2375 tam
1196 2331 1364 2375 bonum
1386 2330 1514 2386 velle,
1542 2347 1675 2391 quam
1703 2347 1797 2376 ma-

407 2404 499 2448 lum
520 2401 675 2446 voluit.
704 2403 864 2444 Totum
885 2415 989 2460 ergo
1015 2401 1273 2459 figmentum
1295 2403 1562 2447 necessitatis
1584 2404 1760 2448 evanuit
1782 2422 1792 2448 ε

410 2489 457 2519 ac
490 2488 567 2533 per
594 2473 678 2517 hoc
706 2470 878 2516 nullum
905 2480 969 2515 est
999 2471 1053 2515 de
1081 2481 1248 2516 naturae
1269 2472 1519 2518 conditione
1541 2483 1795 2533 peccatum,

407 2544 483 2590 sed
517 2544 705 2588 liberum
733 2542 961 2587 arbitrium
993 2543 1038 2586 in
1073 2552 1228 2588 natura
1265 2544 1493 2590 hominum
1521 2554 1791 2603 perseverat:

461 2639 469 2652 ¹
495 2633 585 2663 Rom.
607 2641 665 2668 vu,
684 2630 815 2662 25·—²
833 2628 945 2662 Matth.
966 2640 1011 2667 vi,
1032 2637 1070 2662 12
1088 2634 1121 2662 et
1142 2631 1192 2663 13.
