<?xml version="1.0" encoding="UTF-8"?>
<!DOCTYPE html PUBLIC "-//W3C//DTD XHTML 1.0 Transitional//EN"
    "http://www.w3.org/TR/xhtml1/DTD/xhtml1-transitional.dtd">
<html xmlns="http://www.w3.org/1999/xhtml" xml:lang="en" lang="en">
 <head>
  <title>
</title>
<meta http-equiv="Content-Type" content="text/html;charset=utf-8" />
  <meta name='ocr-system' content='tesseract 3.04.00' />
  <meta name='ocr-capabilities' content='ocr_page ocr_carea ocr_par ocr_line ocrx_word'/>
</head>
<body>
  <div class='ocr_page' id='page_1' title='image "./operaomniaaccura36auguuoft/operaomniaaccura36auguuoft_0310.png"; bbox 0 0 1884 3285; ppageno 0'>
   <div class='ocr_carea' id='block_1_1' title="bbox 415 233 1365 270">
    <p class='ocr_par' dir='ltr' id='par_1_1' title="bbox 415 233 1365 270">
     <span class='ocr_line' id='line_1_1' title="bbox 415 233 1365 270; baseline -0.004 0"><span class='ocrx_word' id='word_1_1' title='bbox 415 233 496 270; x_wconf 79' lang='lat'>228</span> <span class='ocrx_word' id='word_1_2' title='bbox 853 238 886 266; x_wconf 81' lang='lat' dir='ltr'>S·</span> <span class='ocrx_word' id='word_1_3' title='bbox 922 239 1152 268; x_wconf 75' lang='lat' dir='ltr'>Aucus&#39;nm</span> <span class='ocrx_word' id='word_1_4' title='bbox 1183 242 1365 268; x_wconf 72' lang='lat' dir='ltr'>Erlscom</span> 
     </span>
    </p>
   </div>
   <div class='ocr_carea' id='block_1_2' title="bbox 396 299 1884 2547">
    <p class='ocr_par' dir='ltr' id='par_1_2' title="bbox 396 299 1884 2547">
     <span class='ocr_line' id='line_1_2' title="bbox 405 299 1867 365; baseline 0.001 -16"><span class='ocrx_word' id='word_1_5' title='bbox 405 307 495 364; x_wconf 86' lang='lat' dir='ltr'>jam</span> <span class='ocrx_word' id='word_1_6' title='bbox 516 303 704 347; x_wconf 86' lang='lat' dir='ltr'>breviter</span> <span class='ocrx_word' id='word_1_7' title='bbox 723 303 960 357; x_wconf 87' lang='lat' dir='ltr'>annotab0‚</span> <span class='ocrx_word' id='word_1_8' title='bbox 979 312 1022 347; x_wconf 90' lang='lat' dir='ltr'>te</span> <span class='ocrx_word' id='word_1_9' title='bbox 1036 302 1204 348; x_wconf 87' lang='lat' dir='ltr'>fallere:</span> <span class='ocrx_word' id='word_1_10' title='bbox 1227 319 1295 348; x_wconf 90' lang='lat' dir='ltr'>me</span> <span class='ocrx_word' id='word_1_11' title='bbox 1312 312 1474 358; x_wconf 88' lang='lat' dir='ltr'>autern,</span> <span class='ocrx_word' id='word_1_12' title='bbox 1500 303 1570 347; x_wconf 91' lang='lat' dir='ltr'>vel</span> <span class='ocrx_word' id='word_1_13' title='bbox 1592 313 1686 363; x_wconf 92' lang='lat' dir='ltr'>post</span> <span class='ocrx_word' id='word_1_14' title='bbox 1707 306 1789 350; x_wconf 92' lang='lat' dir='ltr'>hoc</span> <span class='ocrx_word' id='word_1_15' title='bbox 1838 299 1867 365; x_wconf 64' lang='lat' dir='ltr'>{i</span> 
     </span>
     <span class='ocr_line' id='line_1_3' title="bbox 408 371 1879 437; baseline 0.004 -20"><span class='ocrx_word' id='word_1_16' title='bbox 408 389 516 433; x_wconf 91' lang='lat' dir='ltr'>opus</span> <span class='ocrx_word' id='word_1_17' title='bbox 528 371 761 429; x_wconf 85' lang='lat' dir='ltr'>intelliges,</span> <span class='ocrx_word' id='word_1_18' title='bbox 779 372 1038 417; x_wconf 85' lang='lat' dir='ltr'>insolentem</span> <span class='ocrx_word' id='word_1_19' title='bbox 1061 390 1149 419; x_wconf 88' lang='lat' dir='ltr'>esse</span> <span class='ocrx_word' id='word_1_20' title='bbox 1166 375 1394 419; x_wconf 91' lang='lat' dir='ltr'>mendacii.</span> <span class='ocrx_word' id='word_1_21' title='bbox 1420 373 1517 418; x_wconf 86' lang='lat' dir='ltr'>Tibi</span> <span class='ocrx_word' id='word_1_22' title='bbox 1539 390 1641 433; x_wconf 87' lang='lat' dir='ltr'>ergo</span> <span class='ocrx_word' id='word_1_23' title='bbox 1662 376 1791 434; x_wconf 76' lang='lat' dir='ltr'>hujus</span> <span class='ocrx_word' id='word_1_24' title='bbox 1839 382 1879 437; x_wconf 60' lang='lat' dir='ltr'>{a</span> 
     </span>
     <span class='ocr_line' id='line_1_4' title="bbox 408 441 1882 503; baseline 0.002 -16"><span class='ocrx_word' id='word_1_25' title='bbox 408 443 499 487; x_wconf 83' lang='lat' dir='ltr'>vitii</span> <span class='ocrx_word' id='word_1_26' title='bbox 520 441 695 487; x_wconf 87' lang='lat' dir='ltr'>vindica</span> <span class='ocrx_word' id='word_1_27' title='bbox 722 451 857 486; x_wconf 89' lang='lat' dir='ltr'>totam</span> <span class='ocrx_word' id='word_1_28' title='bbox 889 444 1200 502; x_wconf 86' lang='lat' dir='ltr'>possessionem</span> <span class='ocrx_word' id='word_1_29' title='bbox 1221 480 1232 500; x_wconf 83' lang='lat'>‚</span> <span class='ocrx_word' id='word_1_30' title='bbox 1257 455 1306 489; x_wconf 90' lang='lat' dir='ltr'>ut</span> <span class='ocrx_word' id='word_1_31' title='bbox 1337 445 1391 489; x_wconf 90' lang='lat' dir='ltr'>ab</span> <span class='ocrx_word' id='word_1_32' title='bbox 1414 445 1651 503; x_wconf 86' lang='lat' dir='ltr'>Evangelio</span> <span class='ocrx_word' id='word_1_33' title='bbox 1673 481 1684 501; x_wconf 87' lang='lat'>,</span> <span class='ocrx_word' id='word_1_34' title='bbox 1712 461 1792 490; x_wconf 89' lang='lat' dir='ltr'>nec</span> <span class='ocrx_word' id='word_1_35' title='bbox 1839 446 1882 491; x_wconf 72' lang='grc' dir='ltr'>ῗι-</span> 
     </span>
     <span class='ocr_line' id='line_1_5' title="bbox 407 507 1884 576; baseline 0.002 -18"><span class='ocrx_word' id='word_1_36' title='bbox 407 529 510 558; x_wconf 89' lang='lat' dir='ltr'>sane</span> <span class='ocrx_word' id='word_1_37' title='bbox 524 514 696 573; x_wconf 85' lang='lat' dir='ltr'>injuria,</span> <span class='ocrx_word' id='word_1_38' title='bbox 717 514 864 558; x_wconf 90' lang='lat' dir='ltr'>audire</span> <span class='ocrx_word' id='word_1_39' title='bbox 877 516 1027 574; x_wconf 85' lang='lat' dir='ltr'>possis,</span> <span class='ocrx_word' id='word_1_40' title='bbox 1046 517 1147 576; x_wconf 90' lang='lat' dir='ltr'>quia</span> <span class='ocrx_word' id='word_1_41' title='bbox 1164 517 1218 561; x_wconf 91' lang='lat' dir='ltr'>ab</span> <span class='ocrx_word' id='word_1_42' title='bbox 1240 517 1363 560; x_wconf 83' lang='lat' dir='ltr'>initio</span> <span class='ocrx_word' id='word_1_43' title='bbox 1382 516 1566 560; x_wconf 84' lang='lat' dir='ltr'>mendax</span> <span class='ocrx_word' id='word_1_44' title='bbox 1583 519 1663 570; x_wconf 87' lang='lat' dir='ltr'>es¹,</span> <span class='ocrx_word' id='word_1_45' title='bbox 1683 518 1793 561; x_wconf 90' lang='lat' dir='ltr'>sicut</span> <span class='ocrx_word' id='word_1_46' title='bbox 1840 507 1884 575; x_wconf 68' lang='lat' dir='ltr'>{tt</span> 
     </span>
     <span class='ocr_line' id='line_1_6' title="bbox 407 583 1869 646; baseline 0 -18"><span class='ocrx_word' id='word_1_47' title='bbox 407 594 450 629; x_wconf 88' lang='lat' dir='ltr'>et</span> <span class='ocrx_word' id='word_1_48' title='bbox 472 593 595 644; x_wconf 87' lang='lat' dir='ltr'>pater</span> <span class='ocrx_word' id='word_1_49' title='bbox 622 593 720 628; x_wconf 89' lang='lat' dir='ltr'>tuus</span> <span class='ocrx_word' id='word_1_50' title='bbox 738 620 749 640; x_wconf 87' lang='lat'>,</span> <span class='ocrx_word' id='word_1_51' title='bbox 773 584 843 629; x_wconf 88' lang='lat' dir='ltr'>vel</span> <span class='ocrx_word' id='word_1_52' title='bbox 870 585 943 629; x_wconf 88' lang='lat' dir='ltr'>ille</span> <span class='ocrx_word' id='word_1_53' title='bbox 974 587 1029 630; x_wconf 89' lang='lat' dir='ltr'>ad</span> <span class='ocrx_word' id='word_1_54' title='bbox 1054 588 1176 646; x_wconf 85' lang='lat' dir='ltr'>cujus</span> <span class='ocrx_word' id='word_1_55' title='bbox 1206 597 1248 631; x_wconf 91' lang='lat' dir='ltr'>te</span> <span class='ocrx_word' id='word_1_56' title='bbox 1275 587 1380 631; x_wconf 89' lang='lat' dir='ltr'>dicis</span> <span class='ocrx_word' id='word_1_57' title='bbox 1403 585 1629 631; x_wconf 88' lang='lat' dir='ltr'>dominum</span> <span class='ocrx_word' id='word_1_58' title='bbox 1657 588 1791 646; x_wconf 88' lang='lat' dir='ltr'>perti—</span> <span class='ocrx_word' id='word_1_59' title='bbox 1842 583 1869 628; x_wconf 65' lang='grc'><strong>3</strong></span> 
     </span>
     <span class='ocr_line' id='line_1_7' title="bbox 407 656 1867 719; baseline 0.002 -19"><span class='ocrx_word' id='word_1_60' title='bbox 407 656 551 700; x_wconf 87' lang='lat' dir='ltr'>nuisse</span> <span class='ocrx_word' id='word_1_61' title='bbox 564 666 830 710; x_wconf 85' lang='lat' dir='ltr'>nascentem,</span> <span class='ocrx_word' id='word_1_62' title='bbox 843 656 913 701; x_wconf 89' lang='lat' dir='ltr'>vel</span> <span class='ocrx_word' id='word_1_63' title='bbox 930 657 1037 701; x_wconf 84' lang='lat' dir='ltr'>alter</span> <span class='ocrx_word' id='word_1_64' title='bbox 1054 659 1347 714; x_wconf 85' lang='lat' dir='ltr'>secundarius,</span> <span class='ocrx_word' id='word_1_65' title='bbox 1361 660 1434 719; x_wconf 86' lang='lat' dir='ltr'>qui</span> <span class='ocrx_word' id='word_1_66' title='bbox 1455 669 1494 702; x_wconf 84' lang='lat' dir='ltr'>te</span> <span class='ocrx_word' id='word_1_67' title='bbox 1512 658 1789 717; x_wconf 87' lang='lat' dir='ltr'>eligantibus,</span> <span class='ocrx_word' id='word_1_68' title='bbox 1842 656 1845 690; x_wconf 64' lang='lat'><em>³</em></span> <span class='ocrx_word' id='word_1_69' title='bbox 1865 662 1867 669; x_wconf 90' lang='lat'>&#39;</span> 
     </span>
     <span class='ocr_line' id='line_1_8' title="bbox 407 728 1846 789; baseline 0.002 -18"><span class='ocrx_word' id='word_1_70' title='bbox 407 743 507 786; x_wconf 89' lang='lat' dir='ltr'>quae</span> <span class='ocrx_word' id='word_1_71' title='bbox 536 736 684 772; x_wconf 88' lang='lat' dir='ltr'>tamen</span> <span class='ocrx_word' id='word_1_72' title='bbox 710 728 824 771; x_wconf 89' lang='lat' dir='ltr'>inter</span> <span class='ocrx_word' id='word_1_73' title='bbox 851 728 1054 773; x_wconf 90' lang='lat' dir='ltr'>honestos</span> <span class='ocrx_word' id='word_1_74' title='bbox 1077 729 1291 774; x_wconf 88' lang='lat' dir='ltr'>nominari</span> <span class='ocrx_word' id='word_1_75' title='bbox 1314 744 1402 773; x_wconf 92' lang='lat' dir='ltr'>non</span> <span class='ocrx_word' id='word_1_76' title='bbox 1424 737 1610 789; x_wconf 82' lang='lat' dir='ltr'>queant,</span> <span class='ocrx_word' id='word_1_77' title='bbox 1635 729 1793 774; x_wconf 87' lang='lat' dir='ltr'>imbuit</span> <span class='ocrx_word' id='word_1_78' title='bbox 1843 730 1846 736; x_wconf 54' lang='lat'><strong>⁴</strong></span> 
     </span>
     <span class='ocr_line' id='line_1_9' title="bbox 408 800 1789 861; baseline 0.001 -18"><span class='ocrx_word' id='word_1_79' title='bbox 408 800 698 844; x_wconf 85' lang='lat' dir='ltr'>sacramentis.</span> <span class='ocrx_word' id='word_1_80' title='bbox 714 803 871 844; x_wconf 89' lang='lat' dir='ltr'>Totum</span> <span class='ocrx_word' id='word_1_81' title='bbox 884 816 986 860; x_wconf 86' lang='lat' dir='ltr'>ergo</span> <span class='ocrx_word' id='word_1_82' title='bbox 1009 802 1092 847; x_wconf 90' lang='lat' dir='ltr'>hoc</span> <span class='ocrx_word' id='word_1_83' title='bbox 1114 803 1275 861; x_wconf 87' lang='lat' dir='ltr'>protuli</span> <span class='ocrx_word' id='word_1_84' title='bbox 1294 803 1338 845; x_wconf 91' lang='lat' dir='ltr'>in</span> <span class='ocrx_word' id='word_1_85' title='bbox 1360 817 1489 861; x_wconf 89' lang='lat' dir='ltr'>opere</span> <span class='ocrx_word' id='word_1_86' title='bbox 1510 816 1609 845; x_wconf 88' lang='lat' dir='ltr'>meo</span> <span class='ocrx_word' id='word_1_87' title='bbox 1630 802 1789 860; x_wconf 87' lang='lat' dir='ltr'>priore,</span> 
     </span>
     <span class='ocr_line' id='line_1_10' title="bbox 407 870 1848 932; baseline 0.001 -18"><span class='ocrx_word' id='word_1_88' title='bbox 407 870 529 930; x_wconf 89' lang='lat' dir='ltr'>quod</span> <span class='ocrx_word' id='word_1_89' title='bbox 558 880 606 914; x_wconf 91' lang='lat' dir='ltr'>tu</span> <span class='ocrx_word' id='word_1_90' title='bbox 634 871 970 929; x_wconf 83' lang='lat' dir='ltr'>praetermissum</span> <span class='ocrx_word' id='word_1_91' title='bbox 1003 887 1093 916; x_wconf 87' lang='lat' dir='ltr'>esse</span> <span class='ocrx_word' id='word_1_92' title='bbox 1116 873 1333 932; x_wconf 84' lang='lat' dir='ltr'>confingis</span> <span class='ocrx_word' id='word_1_93' title='bbox 1359 892 1367 917; x_wconf 93' lang='lat'>:</span> <span class='ocrx_word' id='word_1_94' title='bbox 1394 872 1512 932; x_wconf 85' lang='lat' dir='ltr'>quod</span> <span class='ocrx_word' id='word_1_95' title='bbox 1545 881 1707 932; x_wconf 89' lang='lat' dir='ltr'>quanta</span> <span class='ocrx_word' id='word_1_96' title='bbox 1740 872 1794 916; x_wconf 91' lang='lat' dir='ltr'>sit</span> <span class='ocrx_word' id='word_1_97' title='bbox 1846 927 1848 930; x_wconf 14' lang='lat' dir='ltr'>y</span> 
     </span>
     <span class='ocr_line' id='line_1_11' title="bbox 407 939 1871 1003; baseline 0.001 -19"><span class='ocrx_word' id='word_1_98' title='bbox 407 939 711 999; x_wconf 75' lang='lat' dir='ltr'>disputationis</span> <span class='ocrx_word' id='word_1_99' title='bbox 731 941 910 985; x_wconf 85' lang='lat' dir='ltr'>veritate</span> <span class='ocrx_word' id='word_1_100' title='bbox 931 958 979 985; x_wconf 90' lang='lat' dir='ltr'>ac</span> <span class='ocrx_word' id='word_1_101' title='bbox 1002 941 1100 986; x_wconf 91' lang='lat' dir='ltr'>luce</span> <span class='ocrx_word' id='word_1_102' title='bbox 1124 945 1390 996; x_wconf 84' lang='lat' dir='ltr'>convictum,</span> <span class='ocrx_word' id='word_1_103' title='bbox 1406 942 1440 986; x_wconf 92' lang='lat' dir='ltr'>si</span> <span class='ocrx_word' id='word_1_104' title='bbox 1463 957 1598 1001; x_wconf 84' lang='lat' dir='ltr'>prope</span> <span class='ocrx_word' id='word_1_105' title='bbox 1621 941 1795 986; x_wconf 79' lang='lat' dir='ltr'>ultimas</span> <span class='ocrx_word' id='word_1_106' title='bbox 1846 944 1848 953; x_wconf 81' lang='grc'>’</span> <span class='ocrx_word' id='word_1_107' title='bbox 1870 999 1871 1003; x_wconf 12' lang='lat'>¹</span> 
     </span>
     <span class='ocr_line' id='line_1_12' title="bbox 405 1005 1874 1072; baseline 0.001 -18"><span class='ocrx_word' id='word_1_108' title='bbox 405 1011 535 1070; x_wconf 91' lang='lat' dir='ltr'>primi</span> <span class='ocrx_word' id='word_1_109' title='bbox 556 1011 790 1056; x_wconf 89' lang='lat' dir='ltr'>voluminis</span> <span class='ocrx_word' id='word_1_110' title='bbox 812 1014 897 1056; x_wconf 87' lang='lat' dir='ltr'>mei</span> <span class='ocrx_word' id='word_1_111' title='bbox 921 1023 1060 1072; x_wconf 87' lang='lat' dir='ltr'>partes</span> <span class='ocrx_word' id='word_1_112' title='bbox 1085 1013 1215 1071; x_wconf 81' lang='lat' dir='ltr'>legas,</span> <span class='ocrx_word' id='word_1_113' title='bbox 1242 1015 1370 1057; x_wconf 87' lang='lat' dir='ltr'>etiam</span> <span class='ocrx_word' id='word_1_114' title='bbox 1392 1014 1482 1072; x_wconf 88' lang='lat' dir='ltr'>ipse</span> <span class='ocrx_word' id='word_1_115' title='bbox 1502 1013 1662 1070; x_wconf 86' lang='lat' dir='ltr'>poteris</span> <span class='ocrx_word' id='word_1_116' title='bbox 1685 1027 1794 1056; x_wconf 89' lang='lat' dir='ltr'>con·</span> <span class='ocrx_word' id='word_1_117' title='bbox 1848 1005 1874 1068; x_wconf 64' lang='grc' dir='ltr'>«ζ</span> 
     </span>
     <span class='ocr_line' id='line_1_13' title="bbox 405 1076 1875 1150; baseline 0 -25"><span class='ocrx_word' id='word_1_118' title='bbox 405 1082 534 1126; x_wconf 88' lang='lat' dir='ltr'>fiteri.</span> <span class='ocrx_word' id='word_1_119' title='bbox 558 1084 653 1128; x_wconf 90' lang='lat' dir='ltr'>Non</span> <span class='ocrx_word' id='word_1_120' title='bbox 673 1097 773 1140; x_wconf 89' lang='lat' dir='ltr'>crgo</span> <span class='ocrx_word' id='word_1_121' title='bbox 790 1091 865 1126; x_wconf 87' lang='lat' dir='ltr'>tua</span> <span class='ocrx_word' id='word_1_122' title='bbox 885 1083 1139 1127; x_wconf 86' lang='lat' dir='ltr'>detruncata</span> <span class='ocrx_word' id='word_1_123' title='bbox 1163 1084 1377 1127; x_wconf 85' lang='lat' dir='ltr'>sententia</span> <span class='ocrx_word' id='word_1_124' title='bbox 1399 1118 1409 1136; x_wconf 85' lang='lat'>,</span> <span class='ocrx_word' id='word_1_125' title='bbox 1435 1081 1510 1126; x_wconf 88' lang='lat' dir='ltr'>sed</span> <span class='ocrx_word' id='word_1_126' title='bbox 1532 1083 1698 1140; x_wconf 87' lang='lat' dir='ltr'>integra</span> <span class='ocrx_word' id='word_1_127' title='bbox 1718 1098 1795 1125; x_wconf 83' lang='lat' dir='ltr'>va·</span> <span class='ocrx_word' id='word_1_128' title='bbox 1848 1076 1875 1150; x_wconf 69' lang='lat' dir='ltr'>‘l</span> 
     </span>
     <span class='ocr_line' id='line_1_14' title="bbox 405 1151 1876 1257; baseline -0.001 -62"><span class='ocrx_word' id='word_1_129' title='bbox 405 1151 513 1196; x_wconf 86' lang='lat' dir='ltr'>lenti</span> <span class='ocrx_word' id='word_1_130' title='bbox 530 1162 594 1197; x_wconf 91' lang='lat' dir='ltr'>est</span> <span class='ocrx_word' id='word_1_131' title='bbox 611 1154 883 1211; x_wconf 86' lang='lat' dir='ltr'>responsions</span> <span class='ocrx_word' id='word_1_132' title='bbox 900 1153 1135 1197; x_wconf 88' lang='lat' dir='ltr'>destructa.</span> <span class='ocrx_word' id='word_1_133' title='bbox 1161 1173 1179 1194; x_wconf 95' lang='lat'>»</span> <span class='ocrx_word' id='word_1_134' title='bbox 1849 1159 1876 1257; x_wconf 52' lang='lat' dir='ltr'>l</span> 
     </span>
     <span class='ocr_line' id='line_1_15' title="bbox 469 1222 1877 1282; baseline 0.002 -19"><span class='ocrx_word' id='word_1_135' title='bbox 469 1242 490 1264; x_wconf 82' lang='lat'>‹&lt;</span> <span class='ocrx_word' id='word_1_136' title='bbox 518 1225 644 1267; x_wconf 90' lang='lat' dir='ltr'>Nunc</span> <span class='ocrx_word' id='word_1_137' title='bbox 668 1232 813 1266; x_wconf 85' lang='lat' dir='ltr'>autern</span> <span class='ocrx_word' id='word_1_138' title='bbox 833 1222 934 1266; x_wconf 89' lang='lat' dir='ltr'>audi</span> <span class='ocrx_word' id='word_1_139' title='bbox 963 1224 1179 1267; x_wconf 86' lang='lat' dir='ltr'>breviter:</span> <span class='ocrx_word' id='word_1_140' title='bbox 1206 1223 1438 1282; x_wconf 85' lang='lat' dir='ltr'>Apostolus</span> <span class='ocrx_word' id='word_1_141' title='bbox 1456 1224 1538 1267; x_wconf 90' lang='lat' dir='ltr'>hoc</span> <span class='ocrx_word' id='word_1_142' title='bbox 1560 1223 1679 1282; x_wconf 87' lang='lat' dir='ltr'>quod</span> <span class='ocrx_word' id='word_1_143' title='bbox 1706 1223 1790 1267; x_wconf 84' lang='lat' dir='ltr'>ait:</span> <span class='ocrx_word' id='word_1_144' title='bbox 1850 1247 1877 1276; x_wconf 36' lang='lat'>¹,</span> 
     </span>
     <span class='ocr_line' id='line_1_16' title="bbox 409 1277 1877 1363; baseline 0 -28"><span class='ocrx_word' id='word_1_145' title='bbox 409 1311 430 1335; x_wconf 90' lang='lat'>«</span> <span class='ocrx_word' id='word_1_146' title='bbox 453 1293 584 1337; x_wconf 88' lang='lat' dir='ltr'>Miser</span> <span class='ocrx_word' id='word_1_147' title='bbox 614 1308 694 1352; x_wconf 89' lang='lat' dir='ltr'>ego</span> <span class='ocrx_word' id='word_1_148' title='bbox 717 1294 850 1337; x_wconf 91' lang='lat' dir='ltr'>homo</span> <span class='ocrx_word' id='word_1_149' title='bbox 872 1328 882 1348; x_wconf 83' lang='lat'>,</span> <span class='ocrx_word' id='word_1_150' title='bbox 906 1294 1002 1352; x_wconf 84' lang='lat' dir='ltr'>quis</span> <span class='ocrx_word' id='word_1_151' title='bbox 1030 1310 1099 1337; x_wconf 85' lang='lat' dir='ltr'>me</span> <span class='ocrx_word' id='word_1_152' title='bbox 1123 1294 1325 1337; x_wconf 81' lang='lat' dir='ltr'>liberabit</span> <span class='ocrx_word' id='word_1_153' title='bbox 1359 1294 1413 1337; x_wconf 87' lang='lat' dir='ltr'>de</span> <span class='ocrx_word' id='word_1_154' title='bbox 1436 1309 1618 1353; x_wconf 87' lang='lat' dir='ltr'>corpore</span> <span class='ocrx_word' id='word_1_155' title='bbox 1645 1294 1794 1338; x_wconf 88' lang='lat' dir='ltr'>mortis</span> <span class='ocrx_word' id='word_1_156' title='bbox 1850 1277 1877 1363; x_wconf 52' lang='lat'>{4</span> 
     </span>
     <span class='ocr_line' id='line_1_17' title="bbox 409 1363 1879 1428; baseline 0.003 -25"><span class='ocrx_word' id='word_1_157' title='bbox 409 1380 429 1403; x_wconf 84' lang='lat'>»</span> <span class='ocrx_word' id='word_1_158' title='bbox 455 1363 618 1422; x_wconf 81' lang='lat' dir='ltr'>hujus?</span> <span class='ocrx_word' id='word_1_159' title='bbox 642 1363 776 1421; x_wconf 87' lang='lat' dir='ltr'>gratia</span> <span class='ocrx_word' id='word_1_160' title='bbox 808 1364 884 1407; x_wconf 91' lang='lat' dir='ltr'>Dei</span> <span class='ocrx_word' id='word_1_161' title='bbox 917 1379 992 1422; x_wconf 88' lang='lat' dir='ltr'>per</span> <span class='ocrx_word' id='word_1_162' title='bbox 1018 1366 1165 1407; x_wconf 85' lang='lat' dir='ltr'>Jesnm</span> <span class='ocrx_word' id='word_1_163' title='bbox 1182 1365 1399 1408; x_wconf 85' lang='lat' dir='ltr'>Christum</span> <span class='ocrx_word' id='word_1_164' title='bbox 1431 1365 1663 1408; x_wconf 85' lang='lat' dir='ltr'>Dominum</span> <span class='ocrx_word' id='word_1_165' title='bbox 1689 1380 1793 1408; x_wconf 86' lang='lat' dir='ltr'>nos·</span> <span class='ocrx_word' id='word_1_166' title='bbox 1850 1365 1879 1428; x_wconf 52' lang='grc' dir='ltr'>ᾗῇ</span> 
     </span>
     <span class='ocr_line' id='line_1_18' title="bbox 408 1429 1854 1494; baseline 0.003 -19"><span class='ocrx_word' id='word_1_167' title='bbox 408 1451 428 1475; x_wconf 89' lang='lat'>»</span> <span class='ocrx_word' id='word_1_168' title='bbox 454 1443 571 1478; x_wconf 90' lang='lat' dir='ltr'>trum</span> <span class='ocrx_word' id='word_1_169' title='bbox 592 1437 609 1459; x_wconf 73' lang='lat'><strong>²</strong></span> <span class='ocrx_word' id='word_1_170' title='bbox 626 1468 637 1489; x_wconf 86' lang='lat'>‚</span> <span class='ocrx_word' id='word_1_171' title='bbox 666 1452 686 1475; x_wconf 73' lang='lat' dir='ltr'>n</span> <span class='ocrx_word' id='word_1_172' title='bbox 712 1449 801 1478; x_wconf 89' lang='lat' dir='ltr'>non</span> <span class='ocrx_word' id='word_1_173' title='bbox 827 1434 881 1478; x_wconf 87' lang='lat' dir='ltr'>ad</span> <span class='ocrx_word' id='word_1_174' title='bbox 906 1435 1211 1479; x_wconf 82' lang='lat' dir='ltr'>mortalitatem</span> <span class='ocrx_word' id='word_1_175' title='bbox 1244 1436 1380 1479; x_wconf 84' lang='lat' dir='ltr'>nostri</span> <span class='ocrx_word' id='word_1_176' title='bbox 1404 1436 1596 1494; x_wconf 90' lang='lat' dir='ltr'>corporis</span> <span class='ocrx_word' id='word_1_177' title='bbox 1620 1435 1789 1488; x_wconf 87' lang='lat' dir='ltr'>retulit,</span> <span class='ocrx_word' id='word_1_178' title='bbox 1851 1429 1854 1479; x_wconf 64' lang='grc' dir='ltr'><em>ᾗ</em></span> 
     </span>
     <span class='ocr_line' id='line_1_19' title="bbox 403 1503 1854 1565; baseline 0.002 -19"><span class='ocrx_word' id='word_1_179' title='bbox 403 1518 536 1562; x_wconf 86' lang='lat' dir='ltr'>quam</span> <span class='ocrx_word' id='word_1_180' title='bbox 570 1519 671 1548; x_wconf 82' lang='lat' dir='ltr'>caro</span> <span class='ocrx_word' id='word_1_181' title='bbox 701 1503 956 1547; x_wconf 88' lang='lat' dir='ltr'>animalium</span> <span class='ocrx_word' id='word_1_182' title='bbox 989 1506 1044 1548; x_wconf 88' lang='lat' dir='ltr'>de</span> <span class='ocrx_word' id='word_1_183' title='bbox 1069 1514 1237 1549; x_wconf 82' lang='lat' dir='ltr'>naturae</span> <span class='ocrx_word' id='word_1_184' title='bbox 1266 1506 1540 1549; x_wconf 89' lang='lat' dir='ltr'>institutione</span> <span class='ocrx_word' id='word_1_185' title='bbox 1567 1506 1753 1565; x_wconf 88' lang='lat' dir='ltr'>suscepit</span> <span class='ocrx_word' id='word_1_186' title='bbox 1779 1525 1791 1563; x_wconf 87' lang='lat'>3</span> <span class='ocrx_word' id='word_1_187' title='bbox 1851 1519 1854 1565; x_wconf 61' lang='lat' dir='ltr'>q</span> 
     </span>
     <span class='ocr_line' id='line_1_20' title="bbox 401 1573 1877 1635; baseline 0.001 -17"><span class='ocrx_word' id='word_1_188' title='bbox 401 1573 478 1618; x_wconf 90' lang='lat' dir='ltr'>sed</span> <span class='ocrx_word' id='word_1_189' title='bbox 501 1575 555 1618; x_wconf 88' lang='lat' dir='ltr'>ad</span> <span class='ocrx_word' id='word_1_190' title='bbox 577 1574 939 1618; x_wconf 84' lang='lat' dir='ltr'>consuetudinem</span> <span class='ocrx_word' id='word_1_191' title='bbox 958 1575 1268 1634; x_wconf 82' lang='lat' dir='ltr'>delinquendi3</span> <span class='ocrx_word' id='word_1_192' title='bbox 1294 1592 1314 1619; x_wconf 85' lang='lat' dir='ltr'>a</span> <span class='ocrx_word' id='word_1_193' title='bbox 1336 1592 1424 1635; x_wconf 91' lang='lat' dir='ltr'>quo</span> <span class='ocrx_word' id='word_1_194' title='bbox 1447 1585 1568 1619; x_wconf 84' lang='lat' dir='ltr'>reatu</span> <span class='ocrx_word' id='word_1_195' title='bbox 1592 1585 1689 1635; x_wconf 87' lang='lat' dir='ltr'>post</span> <span class='ocrx_word' id='word_1_196' title='bbox 1720 1576 1791 1619; x_wconf 77' lang='lat' dir='ltr'>in·</span> <span class='ocrx_word' id='word_1_197' title='bbox 1852 1603 1855 1629; x_wconf 61' lang='lat'>¹,</span> <span class='ocrx_word' id='word_1_198' title='bbox 1875 1612 1877 1614; x_wconf 89' lang='grc'>.</span> 
     </span>
     <span class='ocr_line' id='line_1_21' title="bbox 400 1645 1792 1705; baseline 0.001 -18"><span class='ocrx_word' id='word_1_199' title='bbox 400 1645 696 1689; x_wconf 86' lang='lat' dir='ltr'>carnationem</span> <span class='ocrx_word' id='word_1_200' title='bbox 723 1645 903 1699; x_wconf 82' lang='lat' dir='ltr'>Christi,</span> <span class='ocrx_word' id='word_1_201' title='bbox 930 1661 1004 1704; x_wconf 87' lang='lat' dir='ltr'>per</span> <span class='ocrx_word' id='word_1_202' title='bbox 1030 1649 1353 1689; x_wconf 86' lang='lat' dir='ltr'>Testamentum</span> <span class='ocrx_word' id='word_1_203' title='bbox 1382 1649 1570 1700; x_wconf 87' lang='lat' dir='ltr'>Novum,</span> <span class='ocrx_word' id='word_1_204' title='bbox 1597 1646 1792 1705; x_wconf 82' lang='lat' dir='ltr'>quisquis</span> 
     </span>
     <span class='ocr_line' id='line_1_22' title="bbox 402 1713 1857 1776; baseline 0 -19"><span class='ocrx_word' id='word_1_205' title='bbox 402 1713 458 1757; x_wconf 89' lang='lat' dir='ltr'>ad</span> <span class='ocrx_word' id='word_1_206' title='bbox 481 1714 651 1758; x_wconf 87' lang='lat' dir='ltr'>virtutis</span> <span class='ocrx_word' id='word_1_207' title='bbox 674 1714 815 1758; x_wconf 84' lang='lat' dir='ltr'>studia</span> <span class='ocrx_word' id='word_1_208' title='bbox 841 1716 1102 1773; x_wconf 76' lang='lat' dir='ltr'>migraverit,</span> <span class='ocrx_word' id='word_1_209' title='bbox 1128 1715 1353 1759; x_wconf 86' lang='lat' dir='ltr'>liberatur.</span> <span class='ocrx_word' id='word_1_210' title='bbox 1377 1715 1441 1759; x_wconf 91' lang='lat' dir='ltr'>Ibi</span> <span class='ocrx_word' id='word_1_211' title='bbox 1466 1731 1569 1774; x_wconf 89' lang='lat' dir='ltr'>ergo</span> <span class='ocrx_word' id='word_1_212' title='bbox 1588 1715 1671 1758; x_wconf 84' lang='lat' dir='ltr'>sub</span> <span class='ocrx_word' id='word_1_213' title='bbox 1693 1730 1791 1773; x_wconf 87' lang='lat' dir='ltr'>per·</span> <span class='ocrx_word' id='word_1_214' title='bbox 1854 1730 1857 1776; x_wconf 39' lang='grc' dir='ltr'><strong>ᾗ</strong></span> 
     </span>
     <span class='ocr_line' id='line_1_23' title="bbox 398 1778 1857 1844; baseline -0.001 -15"><span class='ocrx_word' id='word_1_215' title='bbox 398 1800 501 1829; x_wconf 91' lang='lat' dir='ltr'>sona</span> <span class='ocrx_word' id='word_1_216' title='bbox 539 1785 793 1830; x_wconf 86' lang='lat' dir='ltr'>Judaeorum</span> <span class='ocrx_word' id='word_1_217' title='bbox 830 1785 1014 1844; x_wconf 85' lang='lat' dir='ltr'>loquens</span> <span class='ocrx_word' id='word_1_218' title='bbox 1032 1820 1042 1839; x_wconf 83' lang='lat'>,</span> <span class='ocrx_word' id='word_1_219' title='bbox 1068 1785 1367 1829; x_wconf 88' lang='lat' dir='ltr'>illecebrarum</span> <span class='ocrx_word' id='word_1_220' title='bbox 1392 1786 1630 1844; x_wconf 88' lang='lat' dir='ltr'>cupiditate</span> <span class='ocrx_word' id='word_1_221' title='bbox 1662 1786 1791 1829; x_wconf 83' lang='lat' dir='ltr'>etiam</span> <span class='ocrx_word' id='word_1_222' title='bbox 1854 1778 1857 1825; x_wconf 71' lang='grc' dir='ltr'>ἓ</span> 
     </span>
     <span class='ocr_line' id='line_1_24' title="bbox 399 1856 1788 1914; baseline 0 -14"><span class='ocrx_word' id='word_1_223' title='bbox 399 1865 497 1914; x_wconf 86' lang='lat' dir='ltr'>post</span> <span class='ocrx_word' id='word_1_224' title='bbox 516 1856 799 1901; x_wconf 89' lang='lat' dir='ltr'>interdictum</span> <span class='ocrx_word' id='word_1_225' title='bbox 823 1871 953 1900; x_wconf 87' lang='lat' dir='ltr'>sacrae</span> <span class='ocrx_word' id='word_1_226' title='bbox 975 1857 1098 1913; x_wconf 88' lang='lat' dir='ltr'>Legis</span> <span class='ocrx_word' id='word_1_227' title='bbox 1120 1857 1354 1900; x_wconf 88' lang='lat' dir='ltr'>errantium</span> <span class='ocrx_word' id='word_1_228' title='bbox 1369 1891 1379 1911; x_wconf 80' lang='lat'><strong>‚</strong></span> <span class='ocrx_word' id='word_1_229' title='bbox 1404 1856 1592 1900; x_wconf 88' lang='lat' dir='ltr'>ostendit</span> <span class='ocrx_word' id='word_1_230' title='bbox 1610 1857 1788 1900; x_wconf 90' lang='lat' dir='ltr'>unicum</span> 
     </span>
     <span class='ocr_line' id='line_1_25' title="bbox 399 1924 1785 1984; baseline 0.001 -16"><span class='ocrx_word' id='word_1_231' title='bbox 399 1940 488 1969; x_wconf 89' lang='lat' dir='ltr'>esse</span> <span class='ocrx_word' id='word_1_232' title='bbox 516 1926 562 1969; x_wconf 91' lang='lat' dir='ltr'>in</span> <span class='ocrx_word' id='word_1_233' title='bbox 589 1924 663 1970; x_wconf 86' lang='lat' dir='ltr'>illa</span> <span class='ocrx_word' id='word_1_234' title='bbox 692 1935 948 1984; x_wconf 85' lang='lat' dir='ltr'>tempestate</span> <span class='ocrx_word' id='word_1_235' title='bbox 981 1926 1237 1980; x_wconf 78' lang='lat' dir='ltr'>subsidium,</span> <span class='ocrx_word' id='word_1_236' title='bbox 1263 1927 1296 1970; x_wconf 95' lang='lat' dir='ltr'>si</span> <span class='ocrx_word' id='word_1_237' title='bbox 1325 1925 1551 1970; x_wconf 84' lang='lat' dir='ltr'>crederent</span> <span class='ocrx_word' id='word_1_238' title='bbox 1576 1927 1750 1970; x_wconf 87' lang='lat' dir='ltr'>Christo</span> <span class='ocrx_word' id='word_1_239' title='bbox 1775 1947 1785 1982; x_wconf 98' lang='lat'>3</span> 
     </span>
     <span class='ocr_line' id='line_1_26' title="bbox 397 1994 1787 2053; baseline 0.001 -15"><span class='ocrx_word' id='word_1_240' title='bbox 397 1995 474 2053; x_wconf 90' lang='lat' dir='ltr'>qui</span> <span class='ocrx_word' id='word_1_241' title='bbox 497 1995 556 2039; x_wconf 89' lang='lat' dir='ltr'>sic</span> <span class='ocrx_word' id='word_1_242' title='bbox 580 1994 800 2038; x_wconf 89' lang='lat' dir='ltr'>indicebat</span> <span class='ocrx_word' id='word_1_243' title='bbox 822 1995 1044 2039; x_wconf 87' lang='lat' dir='ltr'>cautiones</span> <span class='ocrx_word' id='word_1_244' title='bbox 1070 1995 1125 2038; x_wconf 85' lang='lat' dir='ltr'>de</span> <span class='ocrx_word' id='word_1_245' title='bbox 1145 1995 1324 2049; x_wconf 87' lang='lat' dir='ltr'>futuris,</span> <span class='ocrx_word' id='word_1_246' title='bbox 1351 2005 1399 2039; x_wconf 90' lang='lat' dir='ltr'>ut</span> <span class='ocrx_word' id='word_1_247' title='bbox 1421 1996 1592 2039; x_wconf 82' lang='lat' dir='ltr'>veniam</span> <span class='ocrx_word' id='word_1_248' title='bbox 1621 1996 1787 2040; x_wconf 88' lang='lat' dir='ltr'>condo-</span> 
     </span>
     <span class='ocr_line' id='line_1_27' title="bbox 398 2065 1781 2126; baseline 0.001 -18"><span class='ocrx_word' id='word_1_249' title='bbox 398 2074 521 2110; x_wconf 88' lang='lat' dir='ltr'>naret</span> <span class='ocrx_word' id='word_1_250' title='bbox 544 2066 726 2124; x_wconf 86' lang='lat' dir='ltr'>peractis</span> <span class='ocrx_word' id='word_1_251' title='bbox 752 2086 763 2122; x_wconf 90' lang='lat'>3</span> <span class='ocrx_word' id='word_1_252' title='bbox 787 2080 866 2109; x_wconf 90' lang='lat' dir='ltr'>nec</span> <span class='ocrx_word' id='word_1_253' title='bbox 889 2065 1113 2109; x_wconf 84' lang='lat' dir='ltr'>insistebat</span> <span class='ocrx_word' id='word_1_254' title='bbox 1151 2067 1231 2110; x_wconf 87' lang='lat' dir='ltr'>reis</span> <span class='ocrx_word' id='word_1_255' title='bbox 1253 2066 1540 2110; x_wconf 88' lang='lat' dir='ltr'>intentatione</span> <span class='ocrx_word' id='word_1_256' title='bbox 1566 2067 1781 2126; x_wconf 90' lang='lat' dir='ltr'>supplicii,</span> 
     </span>
     <span class='ocr_line' id='line_1_28' title="bbox 397 2134 1786 2193; baseline 0.001 -15"><span class='ocrx_word' id='word_1_257' title='bbox 397 2134 473 2179; x_wconf 86' lang='lat' dir='ltr'>sed</span> <span class='ocrx_word' id='word_1_258' title='bbox 494 2144 716 2180; x_wconf 89' lang='lat' dir='ltr'>currentes</span> <span class='ocrx_word' id='word_1_259' title='bbox 737 2135 1035 2180; x_wconf 86' lang='lat' dir='ltr'>liberalissimo</span> <span class='ocrx_word' id='word_1_260' title='bbox 1058 2137 1219 2193; x_wconf 86' lang='lat' dir='ltr'>gremio</span> <span class='ocrx_word' id='word_1_261' title='bbox 1241 2135 1503 2180; x_wconf 89' lang='lat' dir='ltr'>confovebat</span> <span class='ocrx_word' id='word_1_262' title='bbox 1529 2157 1539 2193; x_wconf 92' lang='lat'>3</span> <span class='ocrx_word' id='word_1_263' title='bbox 1564 2151 1653 2180; x_wconf 90' lang='lat' dir='ltr'>non</span> <span class='ocrx_word' id='word_1_264' title='bbox 1684 2152 1786 2180; x_wconf 82' lang='lat' dir='ltr'>exa-</span> 
     </span>
     <span class='ocr_line' id='line_1_29' title="bbox 396 2206 1780 2266; baseline 0.001 -16"><span class='ocrx_word' id='word_1_265' title='bbox 396 2206 565 2250; x_wconf 90' lang='lat' dir='ltr'>nimans</span> <span class='ocrx_word' id='word_1_266' title='bbox 595 2215 758 2251; x_wconf 89' lang='lat' dir='ltr'>terrore</span> <span class='ocrx_word' id='word_1_267' title='bbox 783 2207 1005 2266; x_wconf 87' lang='lat' dir='ltr'>depressos</span> <span class='ocrx_word' id='word_1_268' title='bbox 1025 2240 1036 2261; x_wconf 88' lang='lat'>,</span> <span class='ocrx_word' id='word_1_269' title='bbox 1062 2206 1137 2251; x_wconf 92' lang='lat' dir='ltr'>sed</span> <span class='ocrx_word' id='word_1_270' title='bbox 1160 2222 1362 2266; x_wconf 86' lang='lat' dir='ltr'>reparans</span> <span class='ocrx_word' id='word_1_271' title='bbox 1383 2207 1648 2264; x_wconf 85' lang='lat' dir='ltr'>benignitate</span> <span class='ocrx_word' id='word_1_272' title='bbox 1685 2223 1780 2252; x_wconf 88' lang='lat' dir='ltr'>cor-</span> 
     </span>
     <span class='ocr_line' id='line_1_30' title="bbox 400 2278 1780 2338; baseline 0.002 -18"><span class='ocrx_word' id='word_1_273' title='bbox 400 2287 561 2322; x_wconf 90' lang='lat' dir='ltr'>rectos:</span> <span class='ocrx_word' id='word_1_274' title='bbox 581 2293 714 2338; x_wconf 89' lang='lat' dir='ltr'>quam</span> <span class='ocrx_word' id='word_1_275' title='bbox 737 2278 1051 2336; x_wconf 85' lang='lat' dir='ltr'>benignitatem</span> <span class='ocrx_word' id='word_1_276' title='bbox 1068 2279 1158 2337; x_wconf 88' lang='lat' dir='ltr'>ipse</span> <span class='ocrx_word' id='word_1_277' title='bbox 1169 2279 1258 2337; x_wconf 86' lang='lat' dir='ltr'>jam</span> <span class='ocrx_word' id='word_1_278' title='bbox 1274 2288 1478 2332; x_wconf 83' lang='lat' dir='ltr'>senserat,</span> <span class='ocrx_word' id='word_1_279' title='bbox 1491 2279 1567 2338; x_wconf 86' lang='lat' dir='ltr'>qui</span> <span class='ocrx_word' id='word_1_280' title='bbox 1585 2278 1780 2324; x_wconf 87' lang='lat' dir='ltr'>dicebat:</span> 
     </span>
     <span class='ocr_line' id='line_1_31' title="bbox 405 2349 1784 2408; baseline 0.003 -17"><span class='ocrx_word' id='word_1_281' title='bbox 405 2367 425 2391; x_wconf 90' lang='lat'>«</span> <span class='ocrx_word' id='word_1_282' title='bbox 446 2352 672 2394; x_wconf 88' lang='lat' dir='ltr'>Humanus</span> <span class='ocrx_word' id='word_1_283' title='bbox 693 2363 849 2403; x_wconf 89' lang='lat' dir='ltr'>sermo,</span> <span class='ocrx_word' id='word_1_284' title='bbox 871 2349 1077 2408; x_wconf 87' lang='lat' dir='ltr'>quoniam</span> <span class='ocrx_word' id='word_1_285' title='bbox 1101 2349 1297 2393; x_wconf 88' lang='lat' dir='ltr'>Christus</span> <span class='ocrx_word' id='word_1_286' title='bbox 1318 2352 1439 2393; x_wconf 89' lang='lat' dir='ltr'>Jesus</span> <span class='ocrx_word' id='word_1_287' title='bbox 1461 2351 1579 2393; x_wconf 88' lang='lat' dir='ltr'>venit</span> <span class='ocrx_word' id='word_1_288' title='bbox 1599 2351 1642 2393; x_wconf 89' lang='lat' dir='ltr'>in</span> <span class='ocrx_word' id='word_1_289' title='bbox 1665 2351 1784 2395; x_wconf 90' lang='lat' dir='ltr'>hunc</span> 
     </span>
     <span class='ocr_line' id='line_1_32' title="bbox 403 2418 1779 2478; baseline 0.004 -19"><span class='ocrx_word' id='word_1_290' title='bbox 403 2437 423 2460; x_wconf 88' lang='lat'>»</span> <span class='ocrx_word' id='word_1_291' title='bbox 443 2419 659 2464; x_wconf 89' lang='lat' dir='ltr'>mundum</span> <span class='ocrx_word' id='word_1_292' title='bbox 683 2429 930 2478; x_wconf 81' lang='lat' dir='ltr'>peccatores</span> <span class='ocrx_word' id='word_1_293' title='bbox 952 2418 1089 2462; x_wconf 87' lang='lat' dir='ltr'>salvos</span> <span class='ocrx_word' id='word_1_294' title='bbox 1111 2418 1267 2473; x_wconf 79' lang='lat' dir='ltr'>facere,</span> <span class='ocrx_word' id='word_1_295' title='bbox 1294 2435 1479 2477; x_wconf 81' lang='lat' dir='ltr'>quorum</span> <span class='ocrx_word' id='word_1_296' title='bbox 1505 2421 1668 2478; x_wconf 87' lang='lat' dir='ltr'>primus</span> <span class='ocrx_word' id='word_1_297' title='bbox 1686 2436 1779 2464; x_wconf 88' lang='lat' dir='ltr'>sum</span> 
     </span>
     <span class='ocr_line' id='line_1_33' title="bbox 402 2489 1781 2547; baseline 0.002 -16"><span class='ocrx_word' id='word_1_298' title='bbox 402 2508 421 2530; x_wconf 90' lang='lat'>»</span> <span class='ocrx_word' id='word_1_299' title='bbox 446 2505 524 2547; x_wconf 79' lang='lat' dir='ltr'>ogo</span> <span class='ocrx_word' id='word_1_300' title='bbox 548 2511 558 2547; x_wconf 90' lang='lat'>3</span> <span class='ocrx_word' id='word_1_301' title='bbox 586 2491 660 2534; x_wconf 89' lang='lat' dir='ltr'>sed</span> <span class='ocrx_word' id='word_1_302' title='bbox 683 2490 782 2534; x_wconf 89' lang='lat' dir='ltr'>ideo</span> <span class='ocrx_word' id='word_1_303' title='bbox 800 2489 1132 2533; x_wconf 82' lang='lat' dir='ltr'>misericordiam</span> <span class='ocrx_word' id='word_1_304' title='bbox 1156 2499 1413 2534; x_wconf 86' lang='lat' dir='ltr'>consecutus</span> <span class='ocrx_word' id='word_1_305' title='bbox 1436 2505 1529 2533; x_wconf 88' lang='lat' dir='ltr'>sum</span> <span class='ocrx_word' id='word_1_306' title='bbox 1548 2525 1558 2544; x_wconf 89' lang='lat'>‚</span> <span class='ocrx_word' id='word_1_307' title='bbox 1575 2499 1625 2534; x_wconf 87' lang='lat' dir='ltr'>ut</span> <span class='ocrx_word' id='word_1_308' title='bbox 1647 2491 1691 2534; x_wconf 89' lang='lat' dir='ltr'>in</span> <span class='ocrx_word' id='word_1_309' title='bbox 1713 2506 1781 2534; x_wconf 92' lang='lat' dir='ltr'>me</span> 
     </span>
    </p>
   </div>
   <div class='ocr_carea' id='block_1_3' title="bbox 1859 2384 1863 2423">
    <p class='ocr_par' dir='ltr' id='par_1_3' title="bbox 1859 2384 1863 2423">
     <span class='ocr_line' id='line_1_34' title="bbox 1859 2384 1863 2423; baseline 0 0"><span class='ocrx_word' id='word_1_310' title='bbox 1859 2384 1863 2423; x_wconf 67' lang='grc' dir='ltr'><strong>ἰ</strong></span> 
     </span>
    </p>
   </div>
   <div class='ocr_carea' id='block_1_4' title="bbox 446 2564 1231 2616">
    <p class='ocr_par' dir='ltr' id='par_1_4' title="bbox 446 2564 1231 2616">
     <span class='ocr_line' id='line_1_35' title="bbox 446 2564 1231 2616; baseline 0 -10"><span class='ocrx_word' id='word_1_311' title='bbox 446 2581 452 2596; x_wconf 88' lang='lat'>¹</span> <span class='ocrx_word' id='word_1_312' title='bbox 474 2576 566 2606; x_wconf 84' lang='lat' dir='ltr'>Joan.</span> <span class='ocrx_word' id='word_1_313' title='bbox 588 2584 653 2616; x_wconf 72' lang='lat' dir='ltr'>vm,</span> <span class='ocrx_word' id='word_1_314' title='bbox 673 2574 725 2616; x_wconf 66' lang='grc'>44.</span> <span class='ocrx_word' id='word_1_315' title='bbox 741 2580 810 2598; x_wconf 79' lang='lat'>--²</span> <span class='ocrx_word' id='word_1_316' title='bbox 830 2577 918 2607; x_wconf 78' lang='lat' dir='ltr'>Rom.</span> <span class='ocrx_word' id='word_1_317' title='bbox 941 2585 992 2614; x_wconf 71' lang='lat' dir='ltr'>vn,</span> <span class='ocrx_word' id='word_1_318' title='bbox 1014 2574 1052 2616; x_wconf 68' lang='lat'>24</span> <span class='ocrx_word' id='word_1_319' title='bbox 1078 2579 1111 2606; x_wconf 81' lang='lat' dir='ltr'>ct</span> <span class='ocrx_word' id='word_1_320' title='bbox 1129 2575 1181 2606; x_wconf 78' lang='lat'>25.</span> <span class='ocrx_word' id='word_1_321' title='bbox 1228 2564 1231 2567; x_wconf 34' lang='grc' dir='ltr'>Ι</span> 
     </span>
    </p>
   </div>
  </div>
 </body>
</html>
