<?xml version="1.0" encoding="UTF-8"?>
<!DOCTYPE html PUBLIC "-//W3C//DTD XHTML 1.0 Transitional//EN"
    "http://www.w3.org/TR/xhtml1/DTD/xhtml1-transitional.dtd">
<html xmlns="http://www.w3.org/1999/xhtml" xml:lang="en" lang="en">
 <head>
  <title>
</title>
<meta http-equiv="Content-Type" content="text/html;charset=utf-8" />
  <meta name='ocr-system' content='tesseract 3.04.00' />
  <meta name='ocr-capabilities' content='ocr_page ocr_carea ocr_par ocr_line ocrx_word'/>
</head>
<body>
  <div class='ocr_page' id='page_1' title='image "./operaomniaaccura36auguuoft/operaomniaaccura36auguuoft_0211.png"; bbox 0 0 1821 3264; ppageno 0'>
   <div class='ocr_carea' id='block_1_1' title="bbox 390 245 1384 286">
    <p class='ocr_par' dir='ltr' id='par_1_1' title="bbox 390 245 1384 286">
     <span class='ocr_line' id='line_1_1' title="bbox 390 245 1384 286; baseline 0.002 -4"><span class='ocrx_word' id='word_1_1' title='bbox 390 256 443 282; x_wconf 73' lang='lat' dir='ltr'>nn</span> <span class='ocrx_word' id='word_1_2' title='bbox 476 256 588 283; x_wconf 70' lang='lat' dir='ltr'>nouo</span> <span class='ocrx_word' id='word_1_3' title='bbox 619 255 985 284; x_wconf 64' lang='lat' dir='ltr'>Pssnsssvssnmnae.</span> <span class='ocrx_word' id='word_1_4' title='bbox 1302 245 1384 286; x_wconf 74' lang='lat'>147</span> 
     </span>
    </p>
   </div>
   <div class='ocr_carea' id='block_1_2' title="bbox 3 317 1406 2488">
    <p class='ocr_par' dir='ltr' id='par_1_2' title="bbox 4 317 1390 1012">
     <span class='ocr_line' id='line_1_2' title="bbox 7 317 1382 378; baseline 0.004 -17"><span class='ocrx_word' id='word_1_5' title='bbox 7 332 102 362; x_wconf 87' lang='lat' dir='ltr'>suas</span> <span class='ocrx_word' id='word_1_6' title='bbox 117 317 316 377; x_wconf 89' lang='lat' dir='ltr'>impediri</span> <span class='ocrx_word' id='word_1_7' title='bbox 333 318 639 378; x_wconf 81' lang='lat' dir='ltr'>praedicatione</span> <span class='ocrx_word' id='word_1_8' title='bbox 662 320 1048 378; x_wconf 83' lang='lat' dir='ltr'>praedestinationis</span> <span class='ocrx_word' id='word_1_9' title='bbox 1067 322 1166 377; x_wconf 86' lang='lat' dir='ltr'>Dei,</span> <span class='ocrx_word' id='word_1_10' title='bbox 1189 323 1272 367; x_wconf 92' lang='lat' dir='ltr'>hoc</span> <span class='ocrx_word' id='word_1_11' title='bbox 1293 332 1382 378; x_wconf 91' lang='lat' dir='ltr'>est,</span> 
     </span>
     <span class='ocr_line' id='line_1_3' title="bbox 8 387 1383 450; baseline 0.005 -20"><span class='ocrx_word' id='word_1_12' title='bbox 8 387 313 447; x_wconf 79' lang='lat' dir='ltr'>praedicatione</span> <span class='ocrx_word' id='word_1_13' title='bbox 341 389 396 432; x_wconf 91' lang='lat' dir='ltr'>de</span> <span class='ocrx_word' id='word_1_14' title='bbox 418 390 482 433; x_wconf 91' lang='lat' dir='ltr'>his</span> <span class='ocrx_word' id='word_1_15' title='bbox 508 389 632 434; x_wconf 85' lang='lat' dir='ltr'>donis</span> <span class='ocrx_word' id='word_1_16' title='bbox 655 390 747 449; x_wconf 89' lang='lat' dir='ltr'>ejus</span> <span class='ocrx_word' id='word_1_17' title='bbox 774 389 927 435; x_wconf 85' lang='lat' dir='ltr'>futuris</span> <span class='ocrx_word' id='word_1_18' title='bbox 957 393 1235 450; x_wconf 79' lang='lat' dir='ltr'>praescientiae</span> <span class='ocrx_word' id='word_1_19' title='bbox 1266 393 1343 436; x_wconf 90' lang='lat' dir='ltr'>Dei</span> <span class='ocrx_word' id='word_1_20' title='bbox 1374 412 1383 437; x_wconf 92' lang='lat'>:</span> 
     </span>
     <span class='ocr_line' id='line_1_4' title="bbox 5 457 1386 523; baseline 0.004 -22"><span class='ocrx_word' id='word_1_21' title='bbox 5 458 64 502; x_wconf 91' lang='lat' dir='ltr'>sic</span> <span class='ocrx_word' id='word_1_22' title='bbox 86 457 261 502; x_wconf 87' lang='lat' dir='ltr'>videant</span> <span class='ocrx_word' id='word_1_23' title='bbox 284 475 363 504; x_wconf 91' lang='lat' dir='ltr'>nec</span> <span class='ocrx_word' id='word_1_24' title='bbox 391 458 444 503; x_wconf 91' lang='lat' dir='ltr'>ad</span> <span class='ocrx_word' id='word_1_25' title='bbox 466 460 595 504; x_wconf 90' lang='lat' dir='ltr'>fidem</span> <span class='ocrx_word' id='word_1_26' title='bbox 624 475 704 505; x_wconf 90' lang='lat' dir='ltr'>nec</span> <span class='ocrx_word' id='word_1_27' title='bbox 723 460 776 505; x_wconf 91' lang='lat' dir='ltr'>ad</span> <span class='ocrx_word' id='word_1_28' title='bbox 801 464 1160 520; x_wconf 86' lang='lat' dir='ltr'>perseverantiam</span> <span class='ocrx_word' id='word_1_29' title='bbox 1186 462 1386 523; x_wconf 87' lang='lat' dir='ltr'>impediri</span> 
     </span>
     <span class='ocr_line' id='line_1_5' title="bbox 6 529 1387 591; baseline 0.002 -17"><span class='ocrx_word' id='word_1_30' title='bbox 6 529 321 574; x_wconf 81' lang='lat' dir='ltr'>exhortationes</span> <span class='ocrx_word' id='word_1_31' title='bbox 342 546 464 586; x_wconf 88' lang='lat' dir='ltr'>suas,</span> <span class='ocrx_word' id='word_1_32' title='bbox 485 531 520 574; x_wconf 86' lang='lat' dir='ltr'>si</span> <span class='ocrx_word' id='word_1_33' title='bbox 547 540 589 575; x_wconf 94' lang='lat' dir='ltr'>et</span> <span class='ocrx_word' id='word_1_34' title='bbox 612 531 702 590; x_wconf 89' lang='lat' dir='ltr'>ipsa</span> <span class='ocrx_word' id='word_1_35' title='bbox 723 566 734 585; x_wconf 87' lang='lat'>‚</span> <span class='ocrx_word' id='word_1_36' title='bbox 765 531 882 591; x_wconf 87' lang='lat' dir='ltr'>quod</span> <span class='ocrx_word' id='word_1_37' title='bbox 906 547 1057 575; x_wconf 90' lang='lat' dir='ltr'>verum</span> <span class='ocrx_word' id='word_1_38' title='bbox 1085 542 1178 590; x_wconf 81' lang='lat' dir='ltr'>est3</span> <span class='ocrx_word' id='word_1_39' title='bbox 1201 549 1288 577; x_wconf 89' lang='lat' dir='ltr'>esse</span> <span class='ocrx_word' id='word_1_40' title='bbox 1310 535 1387 577; x_wconf 89' lang='lat' dir='ltr'>Dei</span> 
     </span>
     <span class='ocr_line' id='line_1_6' title="bbox 5 599 1387 663; baseline 0.001 -17"><span class='ocrx_word' id='word_1_41' title='bbox 5 599 121 646; x_wconf 83' lang='lat' dir='ltr'>dono</span> <span class='ocrx_word' id='word_1_42' title='bbox 134 635 146 655; x_wconf 88' lang='lat'>,</span> <span class='ocrx_word' id='word_1_43' title='bbox 167 616 303 661; x_wconf 88' lang='lat' dir='ltr'>eaque</span> <span class='ocrx_word' id='word_1_44' title='bbox 322 603 584 661; x_wconf 81' lang='lat' dir='ltr'>praecognita</span> <span class='ocrx_word' id='word_1_45' title='bbox 603 637 613 657; x_wconf 87' lang='lat'>,</span> <span class='ocrx_word' id='word_1_46' title='bbox 639 602 684 646; x_wconf 91' lang='lat' dir='ltr'>id</span> <span class='ocrx_word' id='word_1_47' title='bbox 704 612 767 647; x_wconf 90' lang='lat' dir='ltr'>est</span> <span class='ocrx_word' id='word_1_48' title='bbox 782 602 874 658; x_wconf 75' lang='lat' dir='ltr'>‚,ad</span> <span class='ocrx_word' id='word_1_49' title='bbox 895 603 1150 647; x_wconf 86' lang='lat' dir='ltr'>donandum</span> <span class='ocrx_word' id='word_1_50' title='bbox 1170 605 1387 663; x_wconf 82' lang='lat' dir='ltr'>praedesti-</span> 
     </span>
     <span class='ocr_line' id='line_1_7' title="bbox 8 670 1389 733; baseline 0.001 -19"><span class='ocrx_word' id='word_1_51' title='bbox 8 679 107 714; x_wconf 87' lang='lat' dir='ltr'>nata</span> <span class='ocrx_word' id='word_1_52' title='bbox 140 686 230 714; x_wconf 88' lang='lat' dir='ltr'>esse</span> <span class='ocrx_word' id='word_1_53' title='bbox 257 670 486 729; x_wconf 83' lang='lat' dir='ltr'>dicantur,</span> <span class='ocrx_word' id='word_1_54' title='bbox 522 670 596 716; x_wconf 81' lang='lat' dir='ltr'>sed</span> <span class='ocrx_word' id='word_1_55' title='bbox 630 672 827 730; x_wconf 90' lang='lat' dir='ltr'>impediri</span> <span class='ocrx_word' id='word_1_56' title='bbox 865 674 1007 732; x_wconf 89' lang='lat' dir='ltr'>potius</span> <span class='ocrx_word' id='word_1_57' title='bbox 1038 683 1168 733; x_wconf 84' lang='lat' dir='ltr'>atque</span> <span class='ocrx_word' id='word_1_58' title='bbox 1195 674 1389 717; x_wconf 84' lang='lat' dir='ltr'>subverti</span> 
     </span>
     <span class='ocr_line' id='line_1_8' title="bbox 5 740 1389 802; baseline 0.002 -19"><span class='ocrx_word' id='word_1_59' title='bbox 5 740 84 784; x_wconf 87' lang='lat' dir='ltr'>hac</span> <span class='ocrx_word' id='word_1_60' title='bbox 103 741 489 799; x_wconf 81' lang='lat' dir='ltr'>praedestinationis</span> <span class='ocrx_word' id='word_1_61' title='bbox 507 741 813 801; x_wconf 76' lang='lat' dir='ltr'>praedicatione</span> <span class='ocrx_word' id='word_1_62' title='bbox 828 742 952 787; x_wconf 84' lang='lat' dir='ltr'>illum</span> <span class='ocrx_word' id='word_1_63' title='bbox 972 742 1277 788; x_wconf 89' lang='lat' dir='ltr'>tantummodo</span> <span class='ocrx_word' id='word_1_64' title='bbox 1294 759 1389 802; x_wconf 91' lang='lat' dir='ltr'>per-</span> 
     </span>
     <span class='ocr_line' id='line_1_9' title="bbox 5 810 1389 873; baseline 0.004 -19"><span class='ocrx_word' id='word_1_65' title='bbox 5 810 332 859; x_wconf 82' lang='lat' dir='ltr'>niciosissimum</span> <span class='ocrx_word' id='word_1_66' title='bbox 357 828 545 857; x_wconf 86' lang='lat' dir='ltr'>errorem</span> <span class='ocrx_word' id='word_1_67' title='bbox 565 848 576 868; x_wconf 82' lang='lat'>‚</span> <span class='ocrx_word' id='word_1_68' title='bbox 605 829 694 873; x_wconf 88' lang='lat' dir='ltr'>quo</span> <span class='ocrx_word' id='word_1_69' title='bbox 717 813 902 868; x_wconf 90' lang='lat' dir='ltr'>dicitur,</span> <span class='ocrx_word' id='word_1_70' title='bbox 930 815 1111 873; x_wconf 85' lang='lat' dir='ltr'><strong>gratiam</strong></span> <span class='ocrx_word' id='word_1_71' title='bbox 1136 816 1210 859; x_wconf 88' lang='lat' dir='ltr'>Dei</span> <span class='ocrx_word' id='word_1_72' title='bbox 1233 830 1389 859; x_wconf 86' lang='lat' dir='ltr'>secun-</span> 
     </span>
     <span class='ocr_line' id='line_1_10' title="bbox 4 880 1390 944; baseline 0.004 -18"><span class='ocrx_word' id='word_1_73' title='bbox 4 880 109 926; x_wconf 91' lang='lat' dir='ltr'>dum</span> <span class='ocrx_word' id='word_1_74' title='bbox 142 883 293 926; x_wconf 90' lang='lat' dir='ltr'>merita</span> <span class='ocrx_word' id='word_1_75' title='bbox 327 892 472 926; x_wconf 90' lang='lat' dir='ltr'>nostra</span> <span class='ocrx_word' id='word_1_76' title='bbox 505 882 626 941; x_wconf 79' lang='lat' dir='ltr'>dari3</span> <span class='ocrx_word' id='word_1_77' title='bbox 663 893 712 927; x_wconf 93' lang='lat' dir='ltr'>ut</span> <span class='ocrx_word' id='word_1_78' title='bbox 734 887 810 944; x_wconf 89' lang='lat' dir='ltr'>qui</span> <span class='ocrx_word' id='word_1_79' title='bbox 834 884 1043 943; x_wconf 86' lang='lat' dir='ltr'>gloriatur</span> <span class='ocrx_word' id='word_1_80' title='bbox 1064 920 1074 940; x_wconf 85' lang='lat'>‚</span> <span class='ocrx_word' id='word_1_81' title='bbox 1107 901 1198 930; x_wconf 89' lang='lat' dir='ltr'>non</span> <span class='ocrx_word' id='word_1_82' title='bbox 1225 886 1271 929; x_wconf 90' lang='lat' dir='ltr'>in</span> <span class='ocrx_word' id='word_1_83' title='bbox 1302 889 1390 932; x_wconf 90' lang='lat' dir='ltr'>Do-</span> 
     </span>
     <span class='ocr_line' id='line_1_11' title="bbox 5 952 769 1012; baseline 0.003 -17"><span class='ocrx_word' id='word_1_84' title='bbox 5 952 121 996; x_wconf 91' lang='lat' dir='ltr'>mino</span> <span class='ocrx_word' id='word_1_85' title='bbox 138 987 150 1006; x_wconf 93' lang='lat'>,</span> <span class='ocrx_word' id='word_1_86' title='bbox 174 952 249 996; x_wconf 90' lang='lat' dir='ltr'>sed</span> <span class='ocrx_word' id='word_1_87' title='bbox 270 953 315 996; x_wconf 90' lang='lat' dir='ltr'>in</span> <span class='ocrx_word' id='word_1_88' title='bbox 335 968 379 996; x_wconf 90' lang='lat' dir='ltr'>se</span> <span class='ocrx_word' id='word_1_89' title='bbox 399 953 492 1012; x_wconf 90' lang='lat' dir='ltr'>ipso</span> <span class='ocrx_word' id='word_1_90' title='bbox 511 953 719 1011; x_wconf 85' lang='lat' dir='ltr'>glorietur</span> <span class='ocrx_word' id='word_1_91' title='bbox 738 956 769 997; x_wconf 89' lang='lat'>¹.</span> 
     </span>
    </p>

    <p class='ocr_par' dir='ltr' id='par_1_3' title="bbox 3 1025 1406 2488">
     <span class='ocr_line' id='line_1_12' title="bbox 61 1025 1388 1085; baseline 0.004 -19"><span class='ocrx_word' id='word_1_92' title='bbox 61 1025 223 1067; x_wconf 85' lang='lat' dir='ltr'>XLIII.</span> <span class='ocrx_word' id='word_1_93' title='bbox 259 1025 387 1076; x_wconf 88' lang='lat' dir='ltr'>Quod</span> <span class='ocrx_word' id='word_1_94' title='bbox 413 1034 460 1068; x_wconf 88' lang='lat' dir='ltr'>ut</span> <span class='ocrx_word' id='word_1_95' title='bbox 483 1026 671 1084; x_wconf 81' lang='lat' dir='ltr'>apertius</span> <span class='ocrx_word' id='word_1_96' title='bbox 693 1035 871 1085; x_wconf 89' lang='lat' dir='ltr'>propter</span> <span class='ocrx_word' id='word_1_97' title='bbox 888 1025 1175 1071; x_wconf 84' lang='lat' dir='ltr'><strong>tardiusculos</strong></span> <span class='ocrx_word' id='word_1_98' title='bbox 1199 1026 1388 1085; x_wconf 82' lang='lat' dir='ltr'>explice-</span> 
     </span>
     <span class='ocr_line' id='line_1_13' title="bbox 3 1094 1390 1156; baseline 0.003 -19"><span class='ocrx_word' id='word_1_99' title='bbox 3 1107 127 1148; x_wconf 88' lang='lat' dir='ltr'>mus,</span> <span class='ocrx_word' id='word_1_100' title='bbox 159 1095 491 1138; x_wconf 82' lang='lat' dir='ltr'>remorationem</span> <span class='ocrx_word' id='word_1_101' title='bbox 524 1110 663 1139; x_wconf 90' lang='lat' dir='ltr'>meam</span> <span class='ocrx_word' id='word_1_102' title='bbox 696 1094 858 1151; x_wconf 80' lang='lat' dir='ltr'>ferant,</span> <span class='ocrx_word' id='word_1_103' title='bbox 887 1097 1047 1156; x_wconf 89' lang='lat' dir='ltr'>quibus</span> <span class='ocrx_word' id='word_1_104' title='bbox 1076 1098 1250 1155; x_wconf 82' lang='lat' dir='ltr'>ingenio</span> <span class='ocrx_word' id='word_1_105' title='bbox 1276 1113 1390 1156; x_wconf 84' lang='lat' dir='ltr'>prae·</span> 
     </span>
     <span class='ocr_line' id='line_1_14' title="bbox 3 1164 1392 1228; baseline 0.003 -19"><span class='ocrx_word' id='word_1_106' title='bbox 3 1164 149 1210; x_wconf 87' lang='lat' dir='ltr'>volare</span> <span class='ocrx_word' id='word_1_107' title='bbox 174 1165 385 1210; x_wconf 89' lang='lat' dir='ltr'>donatum</span> <span class='ocrx_word' id='word_1_108' title='bbox 411 1176 487 1210; x_wconf 88' lang='lat' dir='ltr'>est.</span> <span class='ocrx_word' id='word_1_109' title='bbox 520 1167 631 1210; x_wconf 81' lang='lat' dir='ltr'>Dicit</span> <span class='ocrx_word' id='word_1_110' title='bbox 663 1167 884 1226; x_wconf 88' lang='lat' dir='ltr'>apostolus</span> <span class='ocrx_word' id='word_1_111' title='bbox 907 1169 1094 1212; x_wconf 86' lang='lat' dir='ltr'>Jacobus</span> <span class='ocrx_word' id='word_1_112' title='bbox 1122 1188 1131 1213; x_wconf 91' lang='lat'>:</span> <span class='ocrx_word' id='word_1_113' title='bbox 1172 1188 1191 1210; x_wconf 93' lang='lat'>«</span> <span class='ocrx_word' id='word_1_114' title='bbox 1225 1170 1268 1214; x_wconf 90' lang='lat' dir='ltr'>Si</span> <span class='ocrx_word' id='word_1_115' title='bbox 1296 1169 1392 1228; x_wconf 87' lang='lat' dir='ltr'>quis</span> 
     </span>
     <span class='ocr_line' id='line_1_15' title="bbox 8 1236 1390 1298; baseline 0.004 -20"><span class='ocrx_word' id='word_1_116' title='bbox 8 1253 27 1276; x_wconf 69' lang='grc' dir='ltr'><strong>υ</strong></span> <span class='ocrx_word' id='word_1_117' title='bbox 52 1243 244 1279; x_wconf 88' lang='lat' dir='ltr'>vestrum</span> <span class='ocrx_word' id='word_1_118' title='bbox 266 1236 428 1294; x_wconf 81' lang='lat' dir='ltr'>indiget</span> <span class='ocrx_word' id='word_1_119' title='bbox 446 1236 683 1296; x_wconf 64' lang='lat' dir='ltr'>sapientia,</span> <span class='ocrx_word' id='word_1_120' title='bbox 708 1238 900 1296; x_wconf 83' lang='lat' dir='ltr'>postulet</span> <span class='ocrx_word' id='word_1_121' title='bbox 920 1254 942 1281; x_wconf 92' lang='lat' dir='ltr'>a</span> <span class='ocrx_word' id='word_1_122' title='bbox 968 1241 1076 1290; x_wconf 91' lang='lat' dir='ltr'>Deo,</span> <span class='ocrx_word' id='word_1_123' title='bbox 1104 1239 1179 1298; x_wconf 87' lang='lat' dir='ltr'>qui</span> <span class='ocrx_word' id='word_1_124' title='bbox 1198 1238 1272 1283; x_wconf 86' lang='lat' dir='ltr'>dat</span> <span class='ocrx_word' id='word_1_125' title='bbox 1294 1254 1390 1282; x_wconf 91' lang='lat' dir='ltr'>om-</span> 
     </span>
     <span class='ocr_line' id='line_1_16' title="bbox 7 1305 1389 1366; baseline 0.004 -19"><span class='ocrx_word' id='word_1_126' title='bbox 7 1323 27 1347; x_wconf 91' lang='lat'>»</span> <span class='ocrx_word' id='word_1_127' title='bbox 53 1305 179 1349; x_wconf 88' lang='lat' dir='ltr'>nibus</span> <span class='ocrx_word' id='word_1_128' title='bbox 202 1306 431 1349; x_wconf 88' lang='lat' dir='ltr'>affluenter</span> <span class='ocrx_word' id='word_1_129' title='bbox 448 1341 458 1359; x_wconf 91' lang='lat'><strong>‚</strong></span> <span class='ocrx_word' id='word_1_130' title='bbox 485 1316 527 1349; x_wconf 93' lang='lat' dir='ltr'>et</span> <span class='ocrx_word' id='word_1_131' title='bbox 553 1322 641 1350; x_wconf 91' lang='lat' dir='ltr'>non</span> <span class='ocrx_word' id='word_1_132' title='bbox 670 1307 961 1366; x_wconf 80' lang='lat' dir='ltr'>improperat3</span> <span class='ocrx_word' id='word_1_133' title='bbox 991 1318 1034 1351; x_wconf 91' lang='lat' dir='ltr'>et</span> <span class='ocrx_word' id='word_1_134' title='bbox 1057 1307 1234 1353; x_wconf 86' lang='lat' dir='ltr'>dabitur</span> <span class='ocrx_word' id='word_1_135' title='bbox 1257 1310 1338 1352; x_wconf 73' lang='lat' dir='ltr'>ei‘2.</span> <span class='ocrx_word' id='word_1_136' title='bbox 1371 1328 1389 1350; x_wconf 91' lang='lat'>»</span> 
     </span>
     <span class='ocr_line' id='line_1_17' title="bbox 8 1376 1393 1435; baseline 0.003 -16"><span class='ocrx_word' id='word_1_137' title='bbox 8 1376 224 1435; x_wconf 85' lang='lat' dir='ltr'>Scriptum</span> <span class='ocrx_word' id='word_1_138' title='bbox 245 1385 307 1420; x_wconf 89' lang='lat' dir='ltr'>est</span> <span class='ocrx_word' id='word_1_139' title='bbox 329 1385 372 1419; x_wconf 90' lang='lat' dir='ltr'>et</span> <span class='ocrx_word' id='word_1_140' title='bbox 393 1376 438 1419; x_wconf 91' lang='lat' dir='ltr'>in</span> <span class='ocrx_word' id='word_1_141' title='bbox 458 1377 698 1420; x_wconf 80' lang='lat' dir='ltr'>Proverbiis</span> <span class='ocrx_word' id='word_1_142' title='bbox 724 1377 962 1421; x_wconf 80' lang='lat' dir='ltr'>Salomonis</span> <span class='ocrx_word' id='word_1_143' title='bbox 992 1397 999 1421; x_wconf 73' lang='grc' dir='ltr'>ε</span> <span class='ocrx_word' id='word_1_144' title='bbox 1025 1397 1044 1419; x_wconf 89' lang='lat'>«</span> <span class='ocrx_word' id='word_1_145' title='bbox 1067 1380 1281 1430; x_wconf 84' lang='lat' dir='ltr'>Quoniam</span> <span class='ocrx_word' id='word_1_146' title='bbox 1309 1383 1393 1423; x_wconf 89' lang='lat' dir='ltr'>Do-</span> 
     </span>
     <span class='ocr_line' id='line_1_18' title="bbox 9 1445 1394 1505; baseline 0.004 -19"><span class='ocrx_word' id='word_1_147' title='bbox 9 1463 30 1487; x_wconf 84' lang='lat'>»</span> <span class='ocrx_word' id='word_1_148' title='bbox 57 1445 196 1490; x_wconf 89' lang='lat' dir='ltr'>minus</span> <span class='ocrx_word' id='word_1_149' title='bbox 213 1445 627 1505; x_wconf 81' lang='lat' dir='ltr'>datsapientiam³.»</span> <span class='ocrx_word' id='word_1_150' title='bbox 652 1450 706 1490; x_wconf 91' lang='lat' dir='ltr'>Et</span> <span class='ocrx_word' id='word_1_151' title='bbox 728 1446 782 1489; x_wconf 91' lang='lat' dir='ltr'>de</span> <span class='ocrx_word' id='word_1_152' title='bbox 805 1448 1072 1491; x_wconf 88' lang='lat' dir='ltr'>continentia</span> <span class='ocrx_word' id='word_1_153' title='bbox 1095 1448 1253 1505; x_wconf 80' lang='lat' dir='ltr'>legitur</span> <span class='ocrx_word' id='word_1_154' title='bbox 1275 1450 1319 1491; x_wconf 91' lang='lat' dir='ltr'>in</span> <span class='ocrx_word' id='word_1_155' title='bbox 1339 1449 1394 1492; x_wconf 87' lang='lat' dir='ltr'>li-</span> 
     </span>
     <span class='ocr_line' id='line_1_19' title="bbox 5 1516 1394 1576; baseline 0.001 -16"><span class='ocrx_word' id='word_1_156' title='bbox 5 1516 86 1561; x_wconf 86' lang='lat' dir='ltr'>bro</span> <span class='ocrx_word' id='word_1_157' title='bbox 111 1516 366 1575; x_wconf 75' lang='lat' dir='ltr'>Sapientiae,</span> <span class='ocrx_word' id='word_1_158' title='bbox 397 1517 520 1575; x_wconf 87' lang='lat' dir='ltr'>cujus</span> <span class='ocrx_word' id='word_1_159' title='bbox 545 1517 804 1560; x_wconf 88' lang='lat' dir='ltr'>auctoritate</span> <span class='ocrx_word' id='word_1_160' title='bbox 828 1518 891 1560; x_wconf 84' lang='lat' dir='ltr'>usi</span> <span class='ocrx_word' id='word_1_161' title='bbox 916 1526 1017 1560; x_wconf 90' lang='lat' dir='ltr'>sunt</span> <span class='ocrx_word' id='word_1_162' title='bbox 1042 1519 1186 1576; x_wconf 76' lang='lat' dir='ltr'>magni</span> <span class='ocrx_word' id='word_1_163' title='bbox 1211 1528 1252 1561; x_wconf 89' lang='lat' dir='ltr'>et</span> <span class='ocrx_word' id='word_1_164' title='bbox 1275 1518 1394 1562; x_wconf 89' lang='lat' dir='ltr'>docti</span> 
     </span>
     <span class='ocr_line' id='line_1_20' title="bbox 6 1586 1392 1647; baseline 0 -16"><span class='ocrx_word' id='word_1_165' title='bbox 6 1587 84 1632; x_wconf 88' lang='lat' dir='ltr'>viri</span> <span class='ocrx_word' id='word_1_166' title='bbox 103 1622 113 1642; x_wconf 90' lang='lat'>‚</span> <span class='ocrx_word' id='word_1_167' title='bbox 150 1588 225 1646; x_wconf 88' lang='lat' dir='ltr'>qui</span> <span class='ocrx_word' id='word_1_168' title='bbox 251 1587 380 1646; x_wconf 82' lang='lat' dir='ltr'>longe</span> <span class='ocrx_word' id='word_1_169' title='bbox 408 1596 509 1631; x_wconf 85' lang='lat' dir='ltr'>aute</span> <span class='ocrx_word' id='word_1_170' title='bbox 537 1602 616 1631; x_wconf 91' lang='lat' dir='ltr'>nos</span> <span class='ocrx_word' id='word_1_171' title='bbox 644 1586 816 1647; x_wconf 86' lang='lat' dir='ltr'>eloquia</span> <span class='ocrx_word' id='word_1_172' title='bbox 839 1586 983 1631; x_wconf 79' lang='lat' dir='ltr'>divina</span> <span class='ocrx_word' id='word_1_173' title='bbox 1018 1596 1260 1632; x_wconf 83' lang='lat' dir='ltr'>tractarunt</span> <span class='ocrx_word' id='word_1_174' title='bbox 1292 1608 1300 1632; x_wconf 78' lang='lat' dir='ltr'><em>z</em></span> <span class='ocrx_word' id='word_1_175' title='bbox 1333 1589 1392 1632; x_wconf 89' lang='lat' dir='ltr'>ibi</span> 
     </span>
     <span class='ocr_line' id='line_1_21' title="bbox 8 1657 1395 1718; baseline 0.001 -16"><span class='ocrx_word' id='word_1_176' title='bbox 8 1673 109 1717; x_wconf 87' lang='lat' dir='ltr'>ergo</span> <span class='ocrx_word' id='word_1_177' title='bbox 139 1657 323 1716; x_wconf 83' lang='lat' dir='ltr'>legitur:</span> <span class='ocrx_word' id='word_1_178' title='bbox 354 1677 374 1700; x_wconf 87' lang='lat'>«</span> <span class='ocrx_word' id='word_1_179' title='bbox 400 1660 512 1702; x_wconf 89' lang='lat' dir='ltr'>Cum</span> <span class='ocrx_word' id='word_1_180' title='bbox 533 1658 706 1712; x_wconf 78' lang='lat' dir='ltr'>scirem,</span> <span class='ocrx_word' id='word_1_181' title='bbox 733 1659 831 1718; x_wconf 89' lang='lat' dir='ltr'>quia</span> <span class='ocrx_word' id='word_1_182' title='bbox 855 1673 988 1702; x_wconf 89' lang='lat' dir='ltr'>nemo</span> <span class='ocrx_word' id='word_1_183' title='bbox 1006 1673 1095 1702; x_wconf 88' lang='lat' dir='ltr'>esse</span> <span class='ocrx_word' id='word_1_184' title='bbox 1117 1668 1259 1717; x_wconf 90' lang='lat' dir='ltr'>potest</span> <span class='ocrx_word' id='word_1_185' title='bbox 1288 1675 1395 1703; x_wconf 89' lang='lat' dir='ltr'>con-</span> 
     </span>
     <span class='ocr_line' id='line_1_22' title="bbox 13 1728 1395 1787; baseline 0.003 -18"><span class='ocrx_word' id='word_1_186' title='bbox 13 1746 33 1770; x_wconf 87' lang='lat'>»</span> <span class='ocrx_word' id='word_1_187' title='bbox 58 1729 224 1784; x_wconf 82' lang='lat' dir='ltr'>tineus,</span> <span class='ocrx_word' id='word_1_188' title='bbox 261 1729 342 1773; x_wconf 87' lang='lat' dir='ltr'>nisi</span> <span class='ocrx_word' id='word_1_189' title='bbox 380 1731 493 1772; x_wconf 83' lang='lat' dir='ltr'>Deus</span> <span class='ocrx_word' id='word_1_190' title='bbox 529 1728 627 1785; x_wconf 81' lang='lat' dir='ltr'>det3</span> <span class='ocrx_word' id='word_1_191' title='bbox 660 1738 702 1772; x_wconf 87' lang='lat' dir='ltr'>et</span> <span class='ocrx_word' id='word_1_192' title='bbox 737 1728 822 1772; x_wconf 93' lang='lat' dir='ltr'>hoc</span> <span class='ocrx_word' id='word_1_193' title='bbox 844 1729 986 1784; x_wconf 88' lang='lat' dir='ltr'>ipsum</span> <span class='ocrx_word' id='word_1_194' title='bbox 1017 1737 1108 1772; x_wconf 79' lang='lat' dir='ltr'>erat</span> <span class='ocrx_word' id='word_1_195' title='bbox 1143 1730 1395 1787; x_wconf 77' lang='lat' dir='ltr'>sapientiae,</span> 
     </span>
     <span class='ocr_line' id='line_1_23' title="bbox 12 1799 1394 1859; baseline 0.002 -19"><span class='ocrx_word' id='word_1_196' title='bbox 12 1817 32 1839; x_wconf 81' lang='lat'>›»</span> <span class='ocrx_word' id='word_1_197' title='bbox 57 1799 163 1843; x_wconf 92' lang='lat' dir='ltr'>scire</span> <span class='ocrx_word' id='word_1_198' title='bbox 185 1800 306 1859; x_wconf 86' lang='lat' dir='ltr'>cujus</span> <span class='ocrx_word' id='word_1_199' title='bbox 321 1808 430 1843; x_wconf 86' lang='lat' dir='ltr'>esset</span> <span class='ocrx_word' id='word_1_200' title='bbox 447 1800 531 1843; x_wconf 93' lang='lat' dir='ltr'>hoc</span> <span class='ocrx_word' id='word_1_201' title='bbox 554 1799 720 1842; x_wconf 86' lang='lat' dir='ltr'>donum</span> <span class='ocrx_word' id='word_1_202' title='bbox 734 1799 765 1841; x_wconf 77' lang='lat'>⁴.</span> <span class='ocrx_word' id='word_1_203' title='bbox 789 1800 892 1841; x_wconf 85' lang='lat' dir='ltr'>Haec</span> <span class='ocrx_word' id='word_1_204' title='bbox 914 1812 1015 1855; x_wconf 84' lang='lat' dir='ltr'>ergo</span> <span class='ocrx_word' id='word_1_205' title='bbox 1039 1799 1115 1841; x_wconf 85' lang='lat' dir='ltr'>Dei</span> <span class='ocrx_word' id='word_1_206' title='bbox 1140 1799 1256 1843; x_wconf 90' lang='lat' dir='ltr'>dona</span> <span class='ocrx_word' id='word_1_207' title='bbox 1276 1809 1394 1854; x_wconf 84' lang='lat' dir='ltr'>sunt,</span> 
     </span>
     <span class='ocr_line' id='line_1_24' title="bbox 8 1868 1397 1927; baseline 0.001 -15"><span class='ocrx_word' id='word_1_208' title='bbox 8 1868 54 1912; x_wconf 88' lang='lat' dir='ltr'>id</span> <span class='ocrx_word' id='word_1_209' title='bbox 79 1880 168 1924; x_wconf 88' lang='lat' dir='ltr'>est,</span> <span class='ocrx_word' id='word_1_210' title='bbox 195 1879 243 1913; x_wconf 90' lang='lat' dir='ltr'>ut</span> <span class='ocrx_word' id='word_1_211' title='bbox 265 1869 318 1913; x_wconf 90' lang='lat' dir='ltr'>de</span> <span class='ocrx_word' id='word_1_212' title='bbox 342 1869 434 1913; x_wconf 91' lang='lat' dir='ltr'>aliis</span> <span class='ocrx_word' id='word_1_213' title='bbox 463 1879 628 1913; x_wconf 86' lang='lat' dir='ltr'>taceam</span> <span class='ocrx_word' id='word_1_214' title='bbox 644 1903 654 1922; x_wconf 89' lang='lat'>,</span> <span class='ocrx_word' id='word_1_215' title='bbox 680 1868 888 1927; x_wconf 85' lang='lat' dir='ltr'>sapientia</span> <span class='ocrx_word' id='word_1_216' title='bbox 925 1877 968 1912; x_wconf 86' lang='lat' dir='ltr'>et</span> <span class='ocrx_word' id='word_1_217' title='bbox 992 1870 1278 1913; x_wconf 87' lang='lat' dir='ltr'>continentia.</span> <span class='ocrx_word' id='word_1_218' title='bbox 1308 1873 1397 1914; x_wconf 83' lang='lat' dir='ltr'>Ac-</span> 
     </span>
     <span class='ocr_line' id='line_1_25' title="bbox 9 1937 1398 2001; baseline -0.001 -16"><span class='ocrx_word' id='word_1_219' title='bbox 9 1942 238 2001; x_wconf 89' lang='lat' dir='ltr'>quiescunt</span> <span class='ocrx_word' id='word_1_220' title='bbox 259 1949 302 1983; x_wconf 89' lang='lat' dir='ltr'>et</span> <span class='ocrx_word' id='word_1_221' title='bbox 322 1940 391 1984; x_wconf 92' lang='lat' dir='ltr'>isti</span> <span class='ocrx_word' id='word_1_222' title='bbox 420 1960 428 1985; x_wconf 92' lang='lat'>:</span> <span class='ocrx_word' id='word_1_223' title='bbox 453 1954 595 1998; x_wconf 90' lang='lat' dir='ltr'>neque</span> <span class='ocrx_word' id='word_1_224' title='bbox 616 1940 732 1981; x_wconf 87' lang='lat' dir='ltr'>enim</span> <span class='ocrx_word' id='word_1_225' title='bbox 761 1937 977 1995; x_wconf 85' lang='lat' dir='ltr'>Pelagiani</span> <span class='ocrx_word' id='word_1_226' title='bbox 1013 1948 1146 1993; x_wconf 90' lang='lat' dir='ltr'>sunt,</span> <span class='ocrx_word' id='word_1_227' title='bbox 1173 1949 1222 1983; x_wconf 87' lang='lat' dir='ltr'>ut</span> <span class='ocrx_word' id='word_1_228' title='bbox 1245 1939 1398 1983; x_wconf 90' lang='lat' dir='ltr'>adver-</span> 
     </span>
     <span class='ocr_line' id='line_1_26' title="bbox 9 2008 1399 2069; baseline -0.001 -13"><span class='ocrx_word' id='word_1_229' title='bbox 9 2018 79 2056; x_wconf 87' lang='lat' dir='ltr'>sus</span> <span class='ocrx_word' id='word_1_230' title='bbox 98 2011 224 2055; x_wconf 88' lang='lat' dir='ltr'>istam</span> <span class='ocrx_word' id='word_1_231' title='bbox 249 2010 518 2069; x_wconf 89' lang='lat' dir='ltr'>perspicuam</span> <span class='ocrx_word' id='word_1_232' title='bbox 543 2010 767 2053; x_wconf 87' lang='lat' dir='ltr'>veritatem</span> <span class='ocrx_word' id='word_1_233' title='bbox 791 2008 900 2051; x_wconf 88' lang='lat' dir='ltr'>dura</span> <span class='ocrx_word' id='word_1_234' title='bbox 923 2017 965 2052; x_wconf 90' lang='lat' dir='ltr'>et</span> <span class='ocrx_word' id='word_1_235' title='bbox 993 2009 1195 2053; x_wconf 80' lang='lat' dir='ltr'>haeretica</span> <span class='ocrx_word' id='word_1_236' title='bbox 1220 2025 1399 2068; x_wconf 85' lang='lat' dir='ltr'>perver-</span> 
     </span>
     <span class='ocr_line' id='line_1_27' title="bbox 9 2077 1402 2137; baseline -0.001 -11"><span class='ocrx_word' id='word_1_237' title='bbox 9 2082 133 2126; x_wconf 87' lang='lat' dir='ltr'>sitate</span> <span class='ocrx_word' id='word_1_238' title='bbox 154 2079 433 2125; x_wconf 85' lang='lat' dir='ltr'>contendant.</span> <span class='ocrx_word' id='word_1_239' title='bbox 461 2098 481 2120; x_wconf 93' lang='lat'>«</span> <span class='ocrx_word' id='word_1_240' title='bbox 504 2077 588 2123; x_wconf 92' lang='lat' dir='ltr'>Sed</span> <span class='ocrx_word' id='word_1_241' title='bbox 610 2079 727 2132; x_wconf 85' lang='lat' dir='ltr'>haec,</span> <span class='ocrx_word' id='word_1_242' title='bbox 752 2078 987 2137; x_wconf 86' lang='lat' dir='ltr'>inquiunt,</span> <span class='ocrx_word' id='word_1_243' title='bbox 1012 2088 1060 2122; x_wconf 92' lang='lat' dir='ltr'>ut</span> <span class='ocrx_word' id='word_1_244' title='bbox 1082 2095 1106 2122; x_wconf 93' lang='lat' dir='ltr'>a</span> <span class='ocrx_word' id='word_1_245' title='bbox 1130 2082 1217 2123; x_wconf 88' lang='lat' dir='ltr'>Deo</span> <span class='ocrx_word' id='word_1_246' title='bbox 1241 2080 1402 2124; x_wconf 86' lang='lat' dir='ltr'>dentur</span> 
     </span>
     <span class='ocr_line' id='line_1_28' title="bbox 14 2148 1401 2210; baseline 0.001 -16"><span class='ocrx_word' id='word_1_247' title='bbox 14 2170 34 2195; x_wconf 71' lang='grc' dir='ltr'><strong>η</strong></span> <span class='ocrx_word' id='word_1_248' title='bbox 63 2152 214 2206; x_wconf 90' lang='lat' dir='ltr'>nobis,</span> <span class='ocrx_word' id='word_1_249' title='bbox 249 2149 355 2194; x_wconf 85' lang='lat' dir='ltr'>fides</span> <span class='ocrx_word' id='word_1_250' title='bbox 387 2151 619 2208; x_wconf 89' lang='lat' dir='ltr'>impetrat,</span> <span class='ocrx_word' id='word_1_251' title='bbox 659 2164 759 2208; x_wconf 83' lang='lat' dir='ltr'>quae</span> <span class='ocrx_word' id='word_1_252' title='bbox 788 2148 941 2207; x_wconf 86' lang='lat' dir='ltr'>incipit</span> <span class='ocrx_word' id='word_1_253' title='bbox 976 2164 998 2192; x_wconf 86' lang='lat' dir='ltr'>a</span> <span class='ocrx_word' id='word_1_254' title='bbox 1025 2149 1149 2193; x_wconf 92' lang='lat' dir='ltr'>nobis</span> <span class='ocrx_word' id='word_1_255' title='bbox 1176 2169 1184 2193; x_wconf 89' lang='grc'>;</span> <span class='ocrx_word' id='word_1_256' title='bbox 1210 2169 1228 2191; x_wconf 75' lang='lat' dir='ltr'>n</span> <span class='ocrx_word' id='word_1_257' title='bbox 1268 2166 1401 2210; x_wconf 87' lang='lat' dir='ltr'>quam</span> 
     </span>
     <span class='ocr_line' id='line_1_29' title="bbox 11 2218 1398 2279; baseline -0.001 -14"><span class='ocrx_word' id='word_1_258' title='bbox 11 2223 143 2266; x_wconf 86' lang='lat' dir='ltr'>fidem</span> <span class='ocrx_word' id='word_1_259' title='bbox 160 2230 202 2264; x_wconf 91' lang='lat' dir='ltr'>et</span> <span class='ocrx_word' id='word_1_260' title='bbox 221 2220 411 2279; x_wconf 90' lang='lat' dir='ltr'>incipere</span> <span class='ocrx_word' id='word_1_261' title='bbox 428 2219 612 2272; x_wconf 86' lang='lat' dir='ltr'>habere,</span> <span class='ocrx_word' id='word_1_262' title='bbox 639 2227 681 2261; x_wconf 88' lang='lat' dir='ltr'>et</span> <span class='ocrx_word' id='word_1_263' title='bbox 704 2218 749 2261; x_wconf 88' lang='lat' dir='ltr'>in</span> <span class='ocrx_word' id='word_1_264' title='bbox 771 2234 821 2261; x_wconf 89' lang='lat' dir='ltr'>ea</span> <span class='ocrx_word' id='word_1_265' title='bbox 847 2233 984 2277; x_wconf 91' lang='lat' dir='ltr'>usque</span> <span class='ocrx_word' id='word_1_266' title='bbox 1009 2220 1053 2261; x_wconf 86' lang='lat' dir='ltr'>in</span> <span class='ocrx_word' id='word_1_267' title='bbox 1075 2219 1206 2263; x_wconf 90' lang='lat' dir='ltr'>finem</span> <span class='ocrx_word' id='word_1_268' title='bbox 1227 2235 1398 2279; x_wconf 80' lang='lat' dir='ltr'>perma-</span> 
     </span>
     <span class='ocr_line' id='line_1_30' title="bbox 12 2288 1402 2350; baseline -0.001 -14"><span class='ocrx_word' id='word_1_269' title='bbox 12 2308 130 2346; x_wconf 82' lang='lat' dir='ltr'>nere,</span> <span class='ocrx_word' id='word_1_270' title='bbox 149 2300 357 2350; x_wconf 80' lang='lat' dir='ltr'>tanquam</span> <span class='ocrx_word' id='word_1_271' title='bbox 377 2288 421 2332; x_wconf 88' lang='lat' dir='ltr'>id</span> <span class='ocrx_word' id='word_1_272' title='bbox 440 2304 527 2333; x_wconf 90' lang='lat' dir='ltr'>non</span> <span class='ocrx_word' id='word_1_273' title='bbox 551 2305 574 2332; x_wconf 91' lang='lat' dir='ltr'>a</span> <span class='ocrx_word' id='word_1_274' title='bbox 593 2288 777 2332; x_wconf 88' lang='lat' dir='ltr'>Domino</span> <span class='ocrx_word' id='word_1_275' title='bbox 796 2288 1070 2346; x_wconf 77' lang='lat' dir='ltr'>accipiamus,</span> <span class='ocrx_word' id='word_1_276' title='bbox 1094 2298 1291 2333; x_wconf 87' lang='lat' dir='ltr'>nostrum</span> <span class='ocrx_word' id='word_1_277' title='bbox 1312 2306 1402 2334; x_wconf 86' lang='lat' dir='ltr'>esse</span> 
     </span>
     <span class='ocr_line' id='line_1_31' title="bbox 13 2357 1406 2418; baseline -0.003 -11"><span class='ocrx_word' id='word_1_278' title='bbox 13 2360 301 2407; x_wconf 85' lang='lat' dir='ltr'>contendunt.</span> <span class='ocrx_word' id='word_1_279' title='bbox 327 2360 407 2404; x_wconf 90' lang='lat' dir='ltr'>Hic</span> <span class='ocrx_word' id='word_1_280' title='bbox 430 2357 584 2418; x_wconf 89' lang='lat' dir='ltr'>procul</span> <span class='ocrx_word' id='word_1_281' title='bbox 613 2357 750 2402; x_wconf 89' lang='lat' dir='ltr'>dubio</span> <span class='ocrx_word' id='word_1_282' title='bbox 773 2357 1088 2402; x_wconf 85' lang='lat' dir='ltr'>contradicitur</span> <span class='ocrx_word' id='word_1_283' title='bbox 1112 2360 1322 2418; x_wconf 83' lang='lat' dir='ltr'>Apostolo</span> <span class='ocrx_word' id='word_1_284' title='bbox 1345 2360 1406 2403; x_wconf 89' lang='lat' dir='ltr'>di-</span> 
     </span>
     <span class='ocr_line' id='line_1_32' title="bbox 15 2427 1406 2488; baseline -0.002 -11"><span class='ocrx_word' id='word_1_285' title='bbox 15 2433 129 2477; x_wconf 88' lang='lat' dir='ltr'>centi</span> <span class='ocrx_word' id='word_1_286' title='bbox 152 2451 161 2477; x_wconf 88' lang='lat'>:</span> <span class='ocrx_word' id='word_1_287' title='bbox 189 2451 209 2473; x_wconf 93' lang='lat'>«</span> <span class='ocrx_word' id='word_1_288' title='bbox 228 2429 341 2484; x_wconf 84' lang='lat' dir='ltr'>Quid</span> <span class='ocrx_word' id='word_1_289' title='bbox 362 2431 477 2474; x_wconf 90' lang='lat' dir='ltr'>enim</span> <span class='ocrx_word' id='word_1_290' title='bbox 502 2429 635 2473; x_wconf 85' lang='lat' dir='ltr'>habes</span> <span class='ocrx_word' id='word_1_291' title='bbox 652 2464 663 2483; x_wconf 92' lang='lat'>,</span> <span class='ocrx_word' id='word_1_292' title='bbox 689 2427 813 2488; x_wconf 83' lang='lat' dir='ltr'>quod</span> <span class='ocrx_word' id='word_1_293' title='bbox 843 2444 933 2472; x_wconf 90' lang='lat' dir='ltr'>non</span> <span class='ocrx_word' id='word_1_294' title='bbox 955 2430 1156 2488; x_wconf 86' lang='lat' dir='ltr'>accepisti</span> <span class='ocrx_word' id='word_1_295' title='bbox 1174 2432 1220 2473; x_wconf 78' lang='lat'>5?</span> <span class='ocrx_word' id='word_1_296' title='bbox 1245 2449 1264 2471; x_wconf 91' lang='lat'>»</span> <span class='ocrx_word' id='word_1_297' title='bbox 1287 2432 1406 2474; x_wconf 90' lang='lat' dir='ltr'>Con-</span> 
     </span>
    </p>
   </div>
   <div class='ocr_carea' id='block_1_3' title="bbox 19 2511 1408 2611">
    <p class='ocr_par' dir='ltr' id='par_1_4' title="bbox 19 2511 1408 2611">
     <span class='ocr_line' id='line_1_33' title="bbox 67 2511 1408 2555; baseline -0.004 -7"><span class='ocrx_word' id='word_1_298' title='bbox 67 2525 74 2541; x_wconf 83' lang='lat'>·</span> <span class='ocrx_word' id='word_1_299' title='bbox 104 2528 114 2547; x_wconf 84' lang='lat'>1</span> <span class='ocrx_word' id='word_1_300' title='bbox 134 2518 205 2548; x_wconf 89' lang='lat' dir='ltr'>Cor.</span> <span class='ocrx_word' id='word_1_301' title='bbox 237 2528 260 2555; x_wconf 81' lang='grc' dir='ltr'>ι,</span> <span class='ocrx_word' id='word_1_302' title='bbox 291 2516 342 2546; x_wconf 87' lang='grc' dir='ltr'>3ι.</span> <span class='ocrx_word' id='word_1_303' title='bbox 365 2531 401 2537; x_wconf 89' lang='lat'>--</span> <span class='ocrx_word' id='word_1_304' title='bbox 424 2514 612 2552; x_wconf 81' lang='lat' dir='ltr'>²Jac0b.1,</span> <span class='ocrx_word' id='word_1_305' title='bbox 640 2513 672 2544; x_wconf 87' lang='grc'>5.</span> <span class='ocrx_word' id='word_1_306' title='bbox 695 2530 733 2535; x_wconf 92' lang='lat'>—-</span> <span class='ocrx_word' id='word_1_307' title='bbox 751 2511 764 2534; x_wconf 87' lang='lat'>3</span> <span class='ocrx_word' id='word_1_308' title='bbox 789 2515 881 2544; x_wconf 77' lang='lat' dir='ltr'>Prov,</span> <span class='ocrx_word' id='word_1_309' title='bbox 903 2525 938 2551; x_wconf 83' lang='grc' dir='ltr'>ιι,</span> <span class='ocrx_word' id='word_1_310' title='bbox 956 2514 990 2544; x_wconf 81' lang='grc'>6.</span> <span class='ocrx_word' id='word_1_311' title='bbox 1014 2530 1049 2535; x_wconf 89' lang='grc'>-</span> <span class='ocrx_word' id='word_1_312' title='bbox 1069 2512 1082 2542; x_wconf 66' lang='lat' dir='ltr'>i</span> <span class='ocrx_word' id='word_1_313' title='bbox 1105 2516 1180 2554; x_wconf 80' lang='lat' dir='ltr'>Sap.</span> <span class='ocrx_word' id='word_1_314' title='bbox 1203 2525 1272 2553; x_wconf 82' lang='lat' dir='ltr'>vm,</span> <span class='ocrx_word' id='word_1_315' title='bbox 1296 2525 1348 2545; x_wconf 84' lang='lat'>21.</span> <span class='ocrx_word' id='word_1_316' title='bbox 1369 2532 1408 2537; x_wconf 85' lang='lat'>—</span> 
     </span>
     <span class='ocr_line' id='line_1_34' title="bbox 19 2570 284 2611; baseline -0.015 -6"><span class='ocrx_word' id='word_1_317' title='bbox 19 2570 33 2595; x_wconf 81' lang='lat'>⁵</span> <span class='ocrx_word' id='word_1_318' title='bbox 57 2583 68 2604; x_wconf 80' lang='grc' dir='ltr'><strong>ι</strong></span> <span class='ocrx_word' id='word_1_319' title='bbox 91 2573 284 2611; x_wconf 22' lang='lat' dir='ltr'>Cor.1v,v7.</span> 
     </span>
    </p>
   </div>
  </div>
 </body>
</html>
