1821 3264
281 267 424 297 opums
455 269 629 297 ῙΜΡΕΒΡ.
665 268 825 298 CONTRA
859 268 1027 298 simun.
1063 272 1144 298 Lm.
1181 273 1212 297 1.
1352 262 1436 299 217

0 328 3 366 Ῐ
62 334 245 378 innoxiis
271 354 281 389 3
308 334 339 377 si
368 334 656 378 calumniatur
677 335 874 379 innocuis
895 371 905 390 ,
932 351 1155 396 nunquam
1188 336 1326 396 parcit
1353 339 1436 382 ol)-

0 439 3 459 ,
60 420 210 450 noxus.
240 422 260 446 »

0 529 2 539 y
118 478 408 519 AUGUSTINUS.
433 478 496 520 Tu
519 475 661 535 potius
684 475 786 520 facis
814 477 1021 536 injustum
1049 479 1186 520 Deum
1205 512 1215 531 ,
1242 493 1339 522 cum
1361 479 1438 522 tibi

0 566 1 610 j
58 547 230 592 videtur
255 548 464 607 injustum
491 556 664 606 peccata
688 556 861 606 patrum
884 546 1065 591 reddeie
1085 547 1131 589 in
1159 548 1290 602 filios,
1319 549 1438 609 quod

58 633 101 662 se
122 617 194 661 ille
216 616 358 662 facere
378 627 420 663 et
438 618 575 662 verbis
597 632 710 676 saepe
725 626 906 662 testatur
922 626 964 661 et
986 617 1113 661 rebus
1134 617 1337 662 ostendit.
1353 622 1433 673 Tu,

0 702 1 711 ¹
56 689 231 748 inquam
254 723 263 743 ,
292 687 393 732 facis
425 689 632 749 injustum
674 691 811 731 Deum
833 723 842 742 ,
869 688 950 731 sub
977 689 1100 747 cujus
1127 688 1437 746 omnipotentis

55 773 157 803 cura
179 773 280 802 cum
298 758 441 803 videas
460 759 576 817 gravi
596 760 703 819 jugo
723 759 903 802 miseriae
929 758 1130 818 parvulos
1152 759 1311 817 premi,
1337 759 1437 802 nul-

54 829 145 874 lum
175 844 245 873 eos
282 839 505 888 peccatum
529 830 689 873 habere
717 829 944 874 contendis
968 864 978 883 ,
1015 829 1143 873 simul
1173 844 1376 873 accusans
1395 839 1438 873 et

53 902 208 955 Deum,
234 899 546 944 etEcclesiam:
573 903 709 944 Deum
735 900 914 959 quidem
932 900 981 954 ,si
1001 909 1236 958 gravantur
1257 908 1299 942 et
1328 901 1437 943 affli-

53 980 215 1029 guntur
243 970 446 1015 immeriti
470 991 480 1028 3
512 971 749 1015 Ecclesiam
780 986 897 1025 vero,
930 971 963 1014 si
991 971 1277 1014 exsufflantur
1300 986 1320 1013 a
1339 972 1437 1028 jure

50 1041 276 1086 diabolicae
291 1042 514 1101 potestatis
532 1041 763 1087 alieni.Ubi
778 1051 922 1086 autem
943 1041 1182 1096 somniasti,
1197 1040 1436 1085 idololatris

49 1122 93 1156 et
121 1111 344 1170 parricidis
374 1113 594 1171 originalia
622 1114 900 1173 parvulorum
927 1129 1004 1158 nos
1027 1127 1199 1173 aequare
1223 1115 1437 1171 peccata?

50 1184 361 1227 Verumtamen
398 1184 611 1241 mysteriis
641 1185 780 1229 indita
813 1185 1004 1229 remissio
1040 1193 1315 1244 peccatorum
1343 1219 1353 1238 ,
1391 1184 1435 1227 in

49 1253 250 1312 peccatis,
276 1263 318 1297 et
342 1254 594 1314 majoribus,
614 1264 656 1298 et
676 1255 933 1310 minoribus,
958 1265 1001 1299 et
1022 1254 1236 1314 pluribus,
1263 1264 1305 1297 et
1326 1270 1435 1313 pau-

50 1323 263 1378 cioribus,
292 1332 334 1367 et
368 1324 549 1382 singulis
572 1360 581 1378 ,
611 1340 710 1369 vera
734 1334 797 1369 est
823 1345 831 1369 ;
858 1326 902 1368 in
932 1324 1062 1368 nullis
1090 1339 1194 1369 vero
1226 1324 1430 1383 peccatis,

48 1395 158 1439 sicut
180 1409 270 1439 esse
298 1395 581 1453 parvulorum
603 1396 744 1440 dicitis
761 1431 771 1450 ,
798 1395 904 1440 falsa
929 1405 1005 1439 est.
1034 1396 1102 1440 Sic
1132 1405 1275 1439 autem
1295 1395 1433 1438 aliena

47 1475 149 1509 sunt
181 1464 401 1523 originalia
430 1475 605 1525 peccata
628 1475 807 1526 propter
834 1466 1005 1510 nullum
1031 1467 1076 1509 in
1099 1467 1156 1510 eis
1175 1475 1333 1510 nostrae
1355 1482 1433 1509 vo-

47 1535 226 1580 luntatis
252 1536 478 1580 arbitrium
498 1571 508 1591 ,
532 1545 581 1580 ut
601 1546 747 1580 tamen
775 1545 953 1596 propter
985 1536 1159 1594 originis
1182 1537 1431 1594 contagium

47 1621 136 1651 esse
163 1607 441 1651 inveniantur
471 1617 513 1651 et
542 1616 702 1652 nostra.
731 1608 843 1661 Quid
873 1616 935 1652 est
958 1622 1082 1665 ergo,
1110 1607 1230 1666 quod
1254 1606 1429 1661 clamas,

47 1686 89 1722 et
111 1677 216 1722 dicis
238 1693 326 1723 non
348 1693 471 1737 posse
490 1682 628 1723 Deum
648 1715 658 1734 ,
686 1688 728 1723 et
754 1678 972 1725 dimittere
1000 1688 1176 1738 peccata
1199 1678 1433 1738 majoribus

45 1748 217 1808 propria
240 1783 250 1802 ,
276 1758 318 1792 et
338 1749 553 1808 imputare
585 1750 774 1809 parvulis
797 1749 935 1793 aliena
957 1752 973 1791 ?
994 1765 1074 1793 nec
1099 1750 1159 1793 vis
1184 1749 1429 1801 attendere,

45 1819 165 1878 quod
208 1834 296 1863 non
333 1819 413 1863 nisi
447 1820 492 1863 in
519 1821 691 1865 Christo
721 1821 879 1865 renatis
912 1829 1098 1880 utraque
1123 1839 1131 1864 ε
1158 1835 1247 1864 non
1278 1820 1433 1862 renatis

46 1897 189 1932 autem
211 1889 254 1932 in
279 1890 474 1945 Christo,
501 1900 653 1935 neutra
675 1892 899 1935 dimittat?
917 1894 1014 1950 Ipsa
1037 1899 1137 1935 sunt
1157 1891 1271 1934 enim
1294 1890 1431 1933 chris-

46 1958 174 2002 tianae
201 1960 348 2017 gratiae
379 1970 646 2005 sacramenta
680 1961 932 2005 abscondita
971 1960 1238 2019 sapientibus
1261 1968 1303 2003 et
1327 1975 1431 2018 pru-

45 2029 275 2084 dentibus,
302 2039 344 2074 et
367 2030 553 2075 revelata
572 2031 761 2091 parvulis
786 2034 815 2074 1.
844 2035 895 2075 In
917 2032 1074 2091 quibus
1097 2047 1123 2075 o
1145 2031 1177 2074 si
1199 2045 1324 2085 esses,
1349 2045 1427 2073 nec

45 2101 166 2160 quasi
194 2115 375 2158 magnus
398 2102 441 2145 in
466 2111 540 2146 tua
563 2103 722 2147 virtute
745 2102 985 2147 confideres
1002 2137 1012 2157 ,
1039 2100 1237 2161 profecto
1266 2101 1428 2144 intelli-

24 2186 188 2229 geres,
225 2172 284 2215 sic
317 2172 523 2232 imputari
559 2174 769 2231 generatis
799 2172 986 2232 parvulis
1017 2173 1269 2232 injustitiam
1304 2172 1428 2231 primi

44 2241 230 2286 hominis
259 2242 312 2287 ad
333 2243 613 2287 subeundum
643 2243 926 2303 supplicium,
951 2243 1317 2303 quemadmodum
1352 2242 1428 2285 im-

45 2320 224 2370 putatur
256 2313 444 2371 parvulis
479 2315 739 2373 regeneratis
761 2315 926 2375 justitia
951 2314 1130 2359 secundi
1158 2314 1345 2359 hominis
1374 2314 1427 2356 ad

45 2381 331 2426 obtinendum
357 2399 535 2442 regnum
558 2385 767 2430 coelorum
797 2405 804 2430 :
832 2386 1027 2445 quamvis
1051 2385 1276 2429 voluntate
1298 2393 1428 2442 atquc

47 2467 174 2511 opere
191 2455 367 2512 proprio
389 2470 468 2499 nec
489 2455 610 2499 illum
629 2457 674 2500 in
698 2457 828 2513 malo,
850 2473 929 2501 nec
949 2457 1079 2501 istum
1104 2457 1147 2499 in
1172 2457 1288 2500 bono
1306 2470 1426 2513 repe-

47 2530 212 2565 riantur
236 2523 403 2567 imitari.

94 2612 103 2628 ¹
124 2606 237 2641 Matth.
257 2617 301 2648 xi,
322 2608 375 2639 ¹25.
