1884 3285
443 263 522 300 152
868 268 900 291 s.
935 265 1165 292 AUGUsTffll
1198 265 1376 291 EPISCOPl

439 333 681 380 ostenderet
701 332 775 374 Dei
798 331 932 389 gratia
952 330 1082 374 fuisse
1105 330 1271 375 relictas
1290 330 1489 389 reliquias
1506 364 1516 384 ,
1539 344 1628 374 non
1651 331 1811 376 meritis

437 416 615 462 operum
649 415 828 457 eorum3
852 409 1023 457 secutus
1054 399 1250 459 adjunxit
1277 419 1286 444 z
1320 418 1340 440 (ι
1365 404 1433 443 An
1455 399 1624 443 nescitis
1644 399 1690 442 in
1716 399 1810 444 Elia
1851 391 1856 455 ζ

439 492 459 514 »
484 472 590 532 quid
612 471 715 515 dicit
739 471 983 529 Scriptura?
1004 469 1372 530 quemadmodum
1401 468 1649 527 interpellat
1673 471 1808 513 Deum

437 563 457 585 »
485 543 686 586 adversus
703 541 832 585 Israel
843 543 873 595 ¹,
894 559 913 582 »
932 550 974 584 et
987 549 1155 584 caetera.
1179 560 1198 582 «
1218 539 1296 585 Sed
1312 539 1419 599 quid
1432 539 1537 583 dicit
1551 539 1631 594 illi,
1649 540 1809 599 inquit,

438 632 457 654 »
484 626 736 671 responsum
759 611 987 654 divinum?
1009 610 1183 669 Reliqui
1211 611 1316 654 mihi
1337 619 1501 668 septem
1531 608 1666 654 millia
1693 610 1811 654 viro·
1855 606 1858 636 ²

438 703 458 725 n
485 698 580 727 rum
594 717 605 736 ,
645 682 721 740 qui
759 696 845 725 non
876 690 1167 724 curvaverunt
1185 681 1318 739 'genu
1351 689 1450 723 ante
1482 678 1584 723 Baal
1596 683 1628 722 2.
1661 698 1680 721 »
1716 682 1812 725 Non
1858 733 1859 736 Ἰ

437 756 553 798 enim
575 753 655 806 ait,
677 752 825 796 relicta
847 760 948 795 sunt
964 750 1092 805 mihi,
1114 760 1189 795 aut
1207 751 1477 810 reliquerunt
1495 765 1539 794 se
1561 749 1666 793 mihi
1688 769 1697 795 z
1719 751 1810 805 sed,

440 843 460 866 «
480 821 651 881 Reliqui
667 821 788 865 mihi.
809 821 877 865 Sic
893 835 1011 879 ergo,
1027 821 1186 879 inquit,
1204 830 1247 864 et
1259 821 1305 863 in
1317 821 1399 865 hoc
1413 829 1606 879 tempore
1618 819 1813 879 reliquiae

437 914 456 936 n
478 909 552 952 per
564 892 819 936 electionem
829 892 975 948 gratiae
989 890 1115 934 factae
1128 900 1243 934 sunt.
1259 891 1453 935 Siautem
1465 891 1615 949 gratia,
1626 891 1714 949 jam
1726 904 1816 934 non
1861 943 1864 947 ⁴

436 983 456 1006 n
478 962 757 1022 exoperibus,
777 961 967 1020 alioquin
980 961 1113 1019 gratia
1126 963 1215 1020 jam
1228 977 1315 1005 non
1329 970 1392 1005 est
1402 962 1576 1019 gratiass.
1600 979 1619 1001 »
1640 963 1698 1004 Et
1714 975 1813 1004 con·
1861 960 1865 968 ’

433 1043 608 1078 nectens
626 1032 697 1076 illa
718 1048 817 1092 quae
836 1034 923 1090 jam
947 1047 1074 1090 supra
1096 1032 1334 1090 interposui
1357 1051 1364 1075 :
1396 1051 1415 1072 «
1437 1030 1551 1084 Quid
1575 1032 1702 1088 ergo?
1728 1049 1747 1071 »
1773 1039 1815 1074 et
1863 1029 1867 1074 ἶ

432 1106 533 1148 huic
556 1103 881 1160 interrogationi
913 1102 1174 1159 respondens
1209 1121 1216 1145 :
1253 1121 1271 1142 ι(
1297 1101 1425 1153 Quod
1459 1100 1684 1159 quaerebat
1698 1135 1708 1152 ,
1747 1101 1816 1143 in-

434 1192 454 1213 »
481 1174 598 1232 quit,
641 1171 766 1215 [srael
782 1206 792 1225 ,
825 1173 906 1214 hoc
947 1186 1032 1214 nou
1069 1180 1131 1213 est
1160 1179 1442 1223 consecutus,
1487 1169 1639 1214 electio
1669 1178 1814 1213 autem
1865 1191 1869 1234 3

435 1260 454 1282 »
481 1250 710 1284 consecuta
731 1249 817 1293 est,
837 1239 979 1283 caeteri
998 1254 1100 1282 vero
1119 1240 1322 1283 excaecati
1341 1239 1480 1283 sunt⁴.
1507 1257 1526 1280 »
1548 1241 1599 1281 In
1618 1239 1697 1283 hac
1712 1253 1815 1296 ergo
1866 1237 1870 1286 [-

434 1311 643 1354 electione
661 1346 670 1363 ‚
698 1321 741 1354 et
767 1311 811 1353 in
835 1310 898 1353 his
921 1309 1112 1368 reliquiis
1131 1344 1141 1362 ‚
1168 1325 1266 1368 quae
1289 1325 1366 1368 per
1387 1308 1639 1353 electionem
1667 1309 1815 1367 gratiae

433 1381 558 1424 factae
575 1390 677 1424 sunt
692 1416 702 1434 ,
729 1380 868 1424 voluit
891 1379 1073 1437 intelligi
1092 1378 1285 1437 plebem,
1305 1394 1437 1438 quam
1455 1388 1683 1438 propterea
1704 1382 1815 1422 Deus

433 1465 522 1493 non
547 1449 726 1508 repulit,
752 1450 850 1508 quia
876 1449 1107 1508 praescivit.
1135 1451 1236 1492 Haec
1258 1459 1320 1492 est
1342 1448 1415 1492 illa
1439 1447 1614 1502 electio,
1639 1463 1725 1508 qua
1744 1463 1816 1492 eos

433 1534 544 1578 quos
567 1519 731 1573 voluit,
753 1518 882 1577 elegit
898 1519 942 1561 in
959 1519 1130 1562 Christo
1148 1528 1247 1562 ante
1265 1520 1620 1563 constitutionem
1642 1518 1811 1572 mundi,

433 1598 484 1634 ut
504 1599 643 1632 essent
673 1589 808 1633 sancti
831 1598 873 1632 et
893 1588 1157 1633 immaculati
1184 1589 1229 1632 in
1247 1599 1481 1648 conspectu
1507 1590 1619 1648 ejus,
1644 1590 1688 1632 in
1712 1590 1817 1633 cha-

431 1660 582 1713 ritate,
610 1658 919 1717 praedestinans
937 1673 1008 1702 eos
1027 1659 1070 1702 in
1094 1659 1373 1718 adoptionem
1395 1660 1586 1703 filiorum
1603 1662 1634 1703 ⁵.
1660 1659 1816 1704 Nullus

432 1730 564 1787 igitur
585 1729 659 1788 qui
679 1729 772 1772 haec
794 1728 1021 1786 intelligit,
1043 1744 1198 1786 negare
1219 1730 1289 1772 vel
1305 1729 1507 1773 dubitare
1526 1730 1813 1787 permittitur,

431 1797 508 1841 ubi
524 1798 581 1840 ait
599 1797 831 1856 Apostolus
849 1816 858 1841 :
884 1800 1017 1842 «Non
1034 1798 1193 1856 repulit
1206 1801 1319 1842 Deus
1338 1798 1509 1856 plebem
1526 1814 1664 1853 suam,
1683 1814 1815 1859 quam
1874 1791 1884 1845 {l

433 1886 452 1908 n
479 1867 696 1926 praescivit
711 1902 721 1921 ,
746 1885 766 1908 υ
787 1866 1211 1925 praedestinationem
1229 1869 1467 1926 significare
1482 1868 1682 1914 voluisse.
1706 1872 1815 1913 Prae-

433 1938 555 1981 scivit
576 1939 692 1980 enim
720 1936 921 1997 reliquias
939 1972 949 1992 ,
980 1953 1086 1997 quas
1111 1937 1350 1982 secundum
1381 1938 1636 1983 electionem
1667 1940 1816 1998 gratiae
1878 1960 1879 1993 3

430 2006 573 2050 fuerat
593 2006 683 2064 ipse
699 2004 909 2050 facturus.
938 2009 1030 2050 Hoc
1054 2016 1117 2050 est
1134 2023 1236 2066 ergo
1250 2009 1572 2066 praedestinavit
1591 2028 1600 2053 ε
1621 2010 1712 2053 sine
1729 2008 1813 2052 du-
1878 2009 1880 2038 ἶ

433 2077 508 2119 bio
531 2076 646 2119 enim
667 2076 903 2134 praescivit,
934 2077 967 2120 si
988 2076 1310 2135 praedestinavit
1328 2097 1336 2122 z
1362 2079 1437 2122 sed
1459 2079 1784 2137 praedestinasse
1800 2113 1811 2134 ‚

436 2154 499 2189 est
521 2147 602 2190 hoc
625 2148 841 2205 praescisse
862 2146 982 2207 quod
1006 2145 1146 2190 fuerat
1167 2148 1257 2205 ipse
1280 2147 1489 2192 facturus.
1880 2176 1884 2205 ·;

498 2217 699 2259 XLVIII.
727 2216 843 2268 Quid
863 2232 965 2275 ergo
982 2232 1060 2260 nos
1077 2217 1301 2275 prohibet,
1322 2219 1501 2276 quando
1518 2218 1635 2278 apud
1651 2218 1817 2279 aliquos
1880 2216 1884 2223 “

442 2285 560 2329 verbi
578 2286 654 2329 Dei
675 2295 925 2330 tractatores
946 2286 1128 2345 legimus
1150 2289 1226 2331 Dei
1245 2289 1558 2346 praescientiam
1574 2323 1584 2343 ,
1609 2298 1653 2332 et
1675 2290 1817 2348 agitur
1882 2331 1884 2341 ,

442 2356 496 2397 de
522 2357 749 2400 vocatione
780 2357 1014 2402 electorum
1034 2392 1044 2411 ,
1069 2358 1264 2401 eamdem
1290 2359 1715 2417 praedestinationem
1747 2361 1815 2403 in·
1883 2382 1884 2389 1

443 2425 666 2483 telligere?
687 2428 822 2485 Magis
843 2431 956 2472 enim
981 2427 1160 2472 fortasse
1181 2429 1414 2473 voluerunt
1435 2430 1518 2474 hoc
1539 2430 1674 2474 verbo
1696 2431 1741 2474 in
1767 2445 1816 2475 ea

482 2534 487 2548 ¹
512 2530 588 2559 Rom
623 2541 664 2567 n,
685 2539 715 2560 7.
732 2547 770 2552 —
787 2537 797 2552 ⁷
819 2530 836 2561 3
858 2532 933 2571 Beg.
955 2540 986 2570 x,
1009 2529 1057 2561 18,
1077 2547 1114 2551 ——
1133 2528 1145 2551 3
1167 2532 1254 2561 Rom,
1278 2540 1321 2569 xi,
1343 2531 1372 2561 5.
1390 2529 1546 2562 -4lbid.
1569 2528 1807 2572 7.-⁵Eplies.

430 2582 504 2623 ¹1't·
