1821 3264
276 261 419 289 omns
451 260 627 288 mazar.
663 259 826 288 con-rna
859 261 1030 290 summ.
1066 264 1148 291 Lm.
1184 265 1216 290 1.
1354 252 1439 292 315

0 326 1 341 ¹
56 340 231 387 parare;
263 340 353 370 non
383 323 523 370 solum
546 339 597 369 ex
618 323 804 380 Judaeis,
839 327 952 371 sicut
973 326 1101 385 dicit3
1136 327 1212 372 sed
1239 328 1368 372 etiam
1391 344 1440 372 ex

0 390 1 403 ¹
55 397 288 451 Gentibus,
313 406 489 455 propter
517 393 636 457 quod
662 397 784 454 ponit
814 398 1109 442 testimonium
1138 399 1193 443 de
1210 400 1319 443 Osee
1341 415 1441 459 pro-

53 469 208 528 pheta,
229 485 249 508 «
272 467 431 511 Vocavi
448 482 534 511 non
565 465 738 525 plebem
761 481 899 511 meam
914 503 924 522 ,
957 468 1129 527 plebem
1159 484 1297 513 meam
1318 491 1328 526 3
1353 488 1371 511 »
1399 479 1440 514 et

53 537 108 582 de
130 540 256 592 Isai'a,
281 556 301 579 «
339 540 520 595 Propter
545 535 676 580 lsrael
703 536 897 597 1·eliquiae
920 538 1049 581 salvae
1070 538 1216 581 fient¹.
1253 558 1272 579 »
1296 541 1352 583 Ut
1369 555 1440 583 au·

32 611 139 652 'tem
161 619 302 651 essent
324 608 415 651 istae
430 606 624 667 reliquiae
637 608 669 661 ²,
696 608 830 665 gratia
857 608 934 652 Dei
954 607 1116 652 factum
1139 624 1230 652 esse
1252 610 1440 654 testimo·

51 680 124 723 nio
141 687 351 738 sequente
373 679 526 734 docet,
557 693 634 737 per
666 679 869 722 eumdem
902 680 1164 739 Prophetam
1192 679 1407 724 dicentem
1428 716 1438 735 ,

54 769 72 790 «
98 750 187 794 Nisi
204 750 414 794 Dominus
434 749 621 794 Sabaoth
643 749 885 809 reliquisset
907 750 1034 794 nobis
1055 765 1201 794 semen
1215 751 1247 793 3.
1271 769 1290 791 »

108 818 275 863 Deinde
309 819 501 863 ostendit
536 820 695 863 Gentes
735 834 785 862 ex
818 819 905 863 fide
950 819 1286 879 apprehendisse
1313 821 1442 880 justi·

48 890 151 935 tiam
177 909 186 936 :
209 891 340 935 Israel
364 900 510 935 autem
534 890 634 935 ideo
656 906 745 934 non
769 891 1128 950 apprehendisse,
1154 892 1256 951 quia
1279 907 1369 936 non
1391 908 1440 935 ex

46 960 159 1016 fide,
181 960 257 1005 sed
286 970 495 1021 tanquam
530 976 581 1005 ex
599 961 825 1020 operibus.
853 961 981 1005 Fides
1003 963 1118 1005 enim
1141 962 1295 1018 habet,
1321 964 1439 1022 quod

45 1031 270 1092 aliquanto
298 1041 395 1091 post
428 1031 534 1077 dicit
560 1051 569 1076 :
607 1051 626 1074 «
653 1034 871 1086 Quoniam
893 1033 1032 1077 omnis
1065 1033 1141 1092 qui
1176 1034 1438 1078 invocaverit

48 1121 68 1144 »
94 1118 256 1147 nomen
281 1104 470 1159 Domini,
498 1103 641 1148 salvus
663 1104 784 1148 erit4.
814 1121 835 1145 »
861 1104 930 1148 Ad
951 1119 1083 1164 quam
1107 1104 1289 1149 salutem
1313 1106 1440 1164 perti-

45 1182 138 1227 net,
159 1182 208 1216 ut
229 1189 360 1233 opera
382 1173 499 1218 bona
527 1182 570 1218 et
588 1174 758 1236 justitia
781 1174 908 1219 nobis
932 1190 981 1218 ex
1005 1177 1093 1218 Deo
1127 1175 1235 1230 sint,
1266 1190 1355 1219 non
1390 1191 1439 1219 ex

45 1245 185 1288 nobis.
226 1248 408 1304 Propter
432 1245 553 1304 quod
569 1280 579 1299 ,
612 1245 667 1289 de
695 1244 778 1289 illis
801 1246 876 1305 qui
908 1261 996 1290 non
1020 1262 1070 1290 ex
1104 1245 1216 1299 fide,
1241 1245 1316 1289 sed
1348 1255 1438 1290 tan-

45 1330 176 1375 quam
214 1330 266 1358 ex
298 1316 503 1374 operibus
539 1316 823 1360 offenderunt
855 1316 900 1359 in
932 1316 1120 1376 lapidem
1159 1316 1433 1370 offensionis,

45 1387 258 1446 sequitur,
280 1396 323 1430 et
343 1386 448 1430 dicit
475 1406 483 1431 :
516 1406 535 1428 «
565 1393 754 1442 Fratres,
786 1387 902 1431 bona
924 1387 1126 1432 voluntas
1148 1389 1325 1448 quidem
1345 1404 1437 1432 cor-

47 1475 68 1499 »
95 1457 159 1502 dis
183 1459 294 1512 mei,
319 1467 362 1502 et
384 1459 633 1517 deprecatio
662 1458 716 1501 ad
750 1461 889 1502 Deum
916 1474 995 1517 pro
1029 1459 1112 1503 illis
1142 1460 1186 1502 in
1225 1459 1433 1516 salutem,

47 1549 65 1569 »
92 1528 387 1573 testimonium
403 1528 517 1572 enim
536 1529 745 1587 perhibeo
759 1528 859 1583 illis,
882 1530 983 1588 quia
1001 1528 1141 1573 zelum
1158 1529 1235 1573 Dei
1249 1529 1431 1583 habent,

44 1617 64 1640 »
91 1598 166 1643 sed
183 1615 273 1643 non
293 1598 536 1643 secundum
565 1600 805 1644 seientiam.
834 1603 1086 1658 Ignorantes
1107 1600 1221 1643 enim
1246 1600 1320 1644 Dei
1341 1601 1435 1660 jus-

43 1688 65 1711 »
86 1671 228 1714 titiam
243 1679 285 1714 et
308 1685 428 1714 suam
445 1671 656 1730 justitiam
681 1680 925 1730 quaerentes
947 1672 1233 1724 constituere,
1255 1672 1433 1731 justitiae

44 1758 63 1782 »
95 1741 171 1785 Dei
192 1756 281 1785 non
298 1750 400 1785 sunt
427 1741 656 1801 subjecti5.
693 1762 710 1782 »
740 1741 869 1794 Quod
894 1741 1076 1785 omnino
1098 1751 1140 1785 et
1167 1757 1242 1786 vos
1261 1741 1428 1786 facitis:

35 1813 246 1873 justitiam
269 1813 432 1872 quippe
456 1821 642 1856 vestram
666 1812 795 1856 vultis
820 1813 1098 1866 constituere,
1124 1812 1196 1856 cui
1225 1815 1338 1856 Deus
1371 1827 1432 1856 se—

38 1881 234 1927 cundum
257 1884 409 1926 merita
433 1883 645 1926 retribuat
668 1884 875 1941 gratiam,
897 1898 977 1926 nec
999 1882 1128 1927 vultis
1149 1883 1326 1941 gratiam
1355 1884 1430 1927 Dei

39 1953 283 2013 praeeedere
299 1988 310 2007 ,
337 1968 436 2012 quae
458 1969 534 1998 vos
552 1952 680 1997 faciat
705 1954 863 1997 habere
877 1953 1104 2013 justitiam.

98 2022 264 2068 Deinde
295 2039 490 2069 connexa
524 2024 695 2068 sibimet
727 2025 835 2068 serie
873 2023 1207 2084 disputationis,
1235 2024 1290 2067 ad
1320 2023 1431 2068 illud

38 2096 262 2154 pervenit,
283 2095 360 2138 ubi
377 2096 452 2149 ait,
475 2114 495 2137 «
513 2096 622 2140 Dico
641 2110 744 2153 ergo
767 2115 775 2140 :
793 2095 1009 2154 numquid
1026 2095 1185 2155 repulit
1207 2098 1320 2139 Deus
1337 2094 1431 2154 ple-

41 2183 61 2206 »
89 2166 188 2210 bem
204 2168 352 2210 suam?
371 2166 497 2209 Absit
518 2185 527 2210 :
548 2182 648 2210 narn
667 2175 711 2210 et
733 2182 813 2225 ego
833 2166 1025 2210 Israelita
1044 2181 1161 2221 sum,
1187 2182 1240 2210 ex
1268 2166 1432 2210 semine

41 2253 62 2276 »
85 2236 329 2291 Abraham,
362 2252 414 2280 ex
443 2236 562 2280 tribu
601 2237 827 2295 Benjamin
857 2256 866 2281 ;
891 2252 981 2280 non
1013 2236 1172 2296 repulit
1208 2239 1320 2280 Deus
1345 2236 1432 2295 ple-

41 2324 61 2347 »
90 2306 189 2350 bem
212 2322 356 2362 suam,
383 2322 516 2367 quam
537 2307 768 2365 praescivit.
791 2310 861 2351 An
874 2307 1044 2351 nescitis
1060 2307 1103 2350 in
1124 2306 1217 2350 Elia
1241 2306 1349 2367 quid
1371 2307 1432 2350 di-

41 2395 61 2419 »
86 2377 144 2422 cit
174 2377 420 2437 Scriptura,
451 2377 826 2438 quemadmodum
851 2377 1100 2436 interpellat
1119 2380 1256 2421 Deum
1276 2377 1430 2422 adver-

41 2466 61 2490 »
86 2464 158 2493 sus
176 2449 331 2493 Israel?
348 2450 547 2505 Domine,
568 2450 803 2510 prophetas
818 2459 914 2495 tuos
931 2450 1201 2502 occiderunt,
1223 2459 1265 2493 et
1282 2448 1430 2494 altaria

87 2559 97 2574 ¹
126 2554 219 2584 Rom.
245 2563 289 2594 ix,
310 2553 428 2594 25-27.
444 2572 485 2576 —
500 2561 512 2575 ²
531 2554 602 2585 Isai.
621 2565 644 2595 1,
662 2565 695 2595 9.
711 2552 777 2576 —3
796 2553 882 2585 Beda
909 2557 942 2585 et
960 2552 1066 2584 Florus
1093 2553 1130 2584 ad
1158 2555 1248 2584 Rom.
1276 2563 1320 2591 lx,
1343 2554 1381 2584 30
1400 2557 1428 2584 et
1451 2561 1459 2567 ·

40 2619 129 2652 seqq.
147 2627 186 2631 —·
202 2609 216 2638 4
243 2612 334 2641 Rom.
353 2621 387 2647 x.
409 2610 462 2642 13·
477 2627 516 2634 -—
532 2608 547 2633 ⁵
565 2610 646 2643 lbid.
669 2622 682 2642 1
708 2615 741 2643 et
760 2621 846 2652 seqq.
