1821 3264
4 241 8 271 ²
240 265 384 293 omnus
417 263 593 290 mezur.
627 258 790 288 CONTRA
823 258 990 287 JULIAN.
1027 259 1110 286 mn.
1146 259 1176 284 1.
1321 244 1405 284 235

27 346 115 378 non
137 328 403 386 intelligiti’)
424 327 457 370 si
477 325 615 371 Adam
640 323 768 367 etiam
785 322 905 366 nulla
927 322 1154 380 iniquitate
1181 320 1407 365 commissa

27 403 164 447 iturus
192 408 300 442 esset
322 398 571 449 interram,
597 394 642 437 id
660 403 739 447 est,
764 392 835 437 vel
857 406 1042 450 vorpore
1063 391 1314 434 moriturus.

83 467 210 523 Quod
234 477 380 511 autem
403 467 533 510 etiam
562 472 738 507 matrem
770 477 908 505 meam
924 495 935 514 ,
962 477 1062 519 quae
1084 470 1126 504 te
1148 459 1254 504 nihil
1273 459 1405 514 laesit,

27 557 106 588 nec
127 548 276 584 contra
293 547 335 582 te
352 536 517 596 aliquid
541 534 789 593 disputavit,
817 532 1010 576 convicio
1031 529 1305 574 lacerandam
1327 546 1410 588 pu-

1 598 146 681 ltasti,
181 610 320 653 victus
347 623 390 651 es
420 604 705 650 maledicendi
739 603 941 655 libidine,
982 616 1070 644 non
1100 600 1256 643 timens
1288 598 1409 658 quod

6 681 235 740 scriptum
272 687 363 731 est,
397 696 416 719 «
453 679 605 736 Neque
642 673 842 718 maledici
881 685 1064 729 regnum
1102 670 1178 713 Dei
1215 669 1410 727 posside-

29 770 51 795 »
75 752 224 795 buntt.
256 767 276 790 »
303 747 386 793 Sed
409 746 516 806 quid
543 745 699 788 mirum
727 752 806 797 est,
829 740 949 801 quod
974 749 1015 784 te
1036 739 1259 782 inimicum
1283 738 1412 781 etiam

28 823 118 882 ejus
134 818 348 872 ostendis,
379 831 478 861 cum
503 817 556 860 sis
584 813 784 858 inimicus
809 812 956 870 gratiae
980 811 1077 865 Dei,
1105 825 1190 868 qua
1208 823 1302 851 eam
1325 807 1413 850 dixi

0 884 4 920 ¹
29 893 82 938 ab
103 891 179 934 illo
210 888 392 949 puellari
417 888 521 930 vitio
554 885 810 929 liberatam?
832 886 927 941 Ego
952 897 1054 926 vero
1088 889 1288 939 parentes
1317 887 1414 922 tuos

28 972 238 1021 tanquam
275 958 508 1003 catholicos
543 956 808 1001 Christianos
840 951 1118 997 honorabiles
1155 951 1296 994 habeo
1330 948 1415 992 eis-

28 1047 114 1093 que
136 1030 328 1089 gratulor
344 1064 354 1084 ,
380 1027 501 1088 quod
522 1037 622 1072 ante
643 1025 842 1070 defuncti
865 1033 982 1079 sunt,
1007 1037 1139 1082 quam
1161 1021 1416 1065 haereticum

0 1117 4 1169 J
29 1113 72 1149 te
92 1104 304 1148 viderent.

85 1177 182 1219 Non
195 1182 339 1217 autem
358 1170 558 1224 dicimus,
578 1167 781 1213 morbum
795 1180 884 1210 esse
900 1163 1123 1222 negotium
1143 1162 1414 1219 nuptiarum,

0 1242 4 1315 Ι
30 1242 149 1304 quod
181 1251 243 1287 est
271 1241 511 1285 liberorum
549 1236 915 1296 procreandorum
944 1247 1073 1277 causa
1101 1229 1414 1283 concumbere,

32 1330 120 1360 nen
141 1312 350 1358 satiandae
371 1310 588 1360 libidinis;
614 1323 746 1367 quam
763 1316 813 1350 tu
835 1319 965 1363 negas
983 1302 1204 1354 morbum,
1230 1315 1330 1344 cum
1349 1299 1418 1343 fa·-

31 1385 157 1431 tearis
176 1383 379 1428 adversus
400 1395 494 1423 eam
511 1379 731 1438 provisum
756 1375 887 1419 fuisse
909 1372 1135 1432 conjugale
1158 1369 1415 1414 remedium.

0 1447 4 1528 i
30 1459 139 1503 Nam
161 1454 313 1512 utique
336 1466 391 1495 ne
412 1448 643 1503 lernicatio
663 1454 935 1506 perpetretur
958 1442 1157 1495 libidini,
1182 1440 1422 1500 quamlau-

0 1531 3 1558 ²
32 1527 124 1580 das,
145 1523 471 1575 contradicitur,
494 1519 740 1572 obsistitur,
768 1523 1048 1576 repugnatur.
1074 1515 1129 1556 Ut
1151 1512 1185 1555 si
1203 1525 1319 1563 eum,
1345 1510 1421 1568 qui

32 1593 309 1657 procreandis
337 1593 434 1636 filiis
460 1590 723 1636 constitutus
756 1597 842 1641 est,
878 1584 1191 1643 transgreditur
1213 1581 1417 1635 limitem,

34 1666 184 1713 saltem
211 1667 288 1724 qui
322 1664 359 1707 ei
392 1662 535 1716 cedit,
574 1661 618 1703 in
646 1660 831 1718 conjuge
859 1655 1086 1701 venialiter
1109 1661 1287 1712 peccet:
1313 1665 1421 1694 con-

30 1736 206 1798 jugibus
231 1734 346 1778 enim
379 1732 645 1790 loquebatur
673 1727 930 1788 Apostolus,
971 1725 1050 1768 ubi
1091 1737 1191 1768 cum
1220 1721 1420 1776 dixisset3

0 1788 4 1880 Ι
39 1806 221 1852 «Nolite
245 1803 445 1847 fraudare
476 1801 685 1853 invicem,
717 1798 799 1842 nisi
829 1813 878 1840 ex
901 1809 1114 1840 consensu
1137 1792 1193 1836 ad
1222 1801 1420 1848 tempus,

38 1896 60 1920 »
86 1887 136 1922 ut
161 1875 319 1921 vacetis
344 1872 552 1929 orationi,
574 1880 617 1915 et
646 1871 805 1914 iterum
829 1867 881 1911 ad
913 1869 1054 1925 ipsum
1082 1872 1241 1915 estote,
1270 1875 1324 1904 ne
1348 1874 1424 1904 vos

39 1969 60 1993 »
85 1957 224 1994 tentet
248 1950 424 1992 Satanas
440 1953 618 2004 propter
640 1939 1018 1998 intemperantiam
1040 1944 1226 1981 vestram
1246 1953 1255 1977 ε
1280 1952 1301 1974 n
1318 1947 1425 1976 con-

37 2034 126 2064 nuo
147 2018 345 2078 subjecit,
362 2025 493 2074 atque
516 2014 596 2067 ait,
627 2031 647 2053 «
672 2013 765 2055 Hoc
788 2018 934 2053 autem
962 2006 1060 2050 dico
1082 2004 1324 2048 secundum
1350 2016 1426 2045 ve-

40 2107 61 2132 »
88 2089 226 2142 niam,
264 2102 352 2130 non
381 2083 623 2129 secundum
650 2080 924 2139 imperium2.
961 2096 980 2118 n
1014 2078 1108 2119 Hoc
1135 2074 1284 2132 itaque
1311 2070 1427 2114 malo

38 2158 127 2204 sola
150 2158 262 2202 bene
292 2156 430 2200 utitur
461 2152 707 2197 intentione
735 2146 1028 2208 propagandae
1052 2143 1183 2204 prolis
1215 2140 1427 2201 pudicitia

0 2230 4 2292 Ῑ
38 2227 276 2288 conjugalis
301 2246 309 2271 :
334 2226 438 2270 huic
460 2223 575 2268 malo
596 2219 822 2266 venialiter
843 2219 888 2262 in
917 2217 1101 2275 conjuge
1126 2213 1312 2266 ceditur,
1338 2225 1426 2253 non

0 2293 4 2364 i
40 2315 166 2346 causa
201 2297 355 2357 prolis,
381 2296 457 2339 sed
490 2293 674 2339 carnalis
696 2289 1003 2335 tantummodo
1031 2283 1264 2343 voluptatis
1282 2317 1293 2337 ,
1326 2280 1427 2324 huic

0 2371 2 2375 ’
41 2370 156 2415 malo
178 2368 409 2421 resistitur,
429 2381 484 2409 ne
503 2364 697 2423 appetius
714 2358 973 2405 damnabilis
994 2355 1229 2414 voluptatis
1254 2351 1429 2411 explea-

43 2449 128 2485 tur.
155 2442 248 2483 Hoc
270 2437 432 2481 malum
456 2435 625 2479 habitat
655 2434 700 2476 in
728 2445 909 2490 corpore
931 2428 1080 2472 mortis
1103 2426 1232 2483 hujus
1259 2442 1266 2466 :
1294 2436 1428 2480 prop-

44 2520 108 2557 ter
129 2512 252 2569 cujus
273 2517 439 2552 motum
456 2541 466 2561 ,
499 2505 628 2549 etiam
657 2512 804 2547 mente
825 2516 914 2545 non
944 2496 1241 2543 consentiente
1262 2493 1430 2550 impor-

92 2604 101 2617 1
126 2605 140 2627 ι
169 2596 240 2628 cor.
259 2604 305 2634 vl,
325 2603 377 2625 ιο.
394 2607 435 2614 --
451 2598 464 2614 ²
479 2590 529 2622 Id.
551 2599 609 2630 vn,
628 2587 702 2620 5-6.
