1884 3285
443 318 525 358 348
877 331 909 358 s.
947 329 1061 358 Acci
1066 329 1177 359 snm
1209 330 1391 359 muscum

440 396 591 454 grandi
608 397 821 455 imperitia
843 396 1053 455 collegisti
1074 398 1330 457 Apostolum
1352 397 1409 441 de
1429 397 1605 442 diabolo
1627 399 1821 457 profecto
1864 412 1868 451 ι

437 466 657 510 dicturum
682 465 826 521 fuisse,
855 468 888 511 si
910 467 1195 512 imitationem
1222 468 1428 512 voluisset
1448 468 1646 527 intelligi.
1662 486 1683 510 »

495 541 785 582 Aucnsrmus
813 539 966 583 Nonne
996 546 1095 582 ante
1123 537 1211 582 dixi
1240 537 1347 581 nihil
1372 547 1414 582 te
1451 553 1540 582 esse
1569 538 1817 597 dicturum,

435 607 566 651 homo
591 607 699 651 nihil
716 606 939 667 loquendo
958 607 1255 667 loquacissime
1274 610 1290 650 ⁶?
1315 610 1425 653 Sunt
1447 607 1626 668 quidem
1644 618 1819 668 peccata
1864 602 1867 655 ἶ

434 677 685 722 imitationis
699 679 742 722 in
763 678 930 722 mundo
946 713 957 731 ,
977 693 1077 722 cum
1095 679 1290 722 homines
1312 688 1571 738 peccantum
1588 679 1816 725 hominum
1864 674 1867 721 'i

434 748 630 808 exempla
661 759 881 793 sectantur
920 769 929 794 :
965 764 1053 794 non
1097 759 1242 794 tamen
1265 765 1341 809 per
1364 765 1436 795 eos
1459 751 1654 795 homines
1671 785 1682 806 ,
1707 766 1816 810 quos
1864 763 1866 785 ῑ

433 819 616 878 quilibet
645 820 892 874 imitantur,
920 829 1146 879 peccatum
1175 821 1294 880 quod
1330 831 1556 880 peccantes
1593 822 1818 866 imitaren—
1864 823 1867 878 3

432 897 518 942 tur,
537 889 713 933 intravit
727 890 772 933 in
794 889 1009 934 mundum
1028 912 1038 947 3
1065 890 1138 934 sed
1159 906 1236 950 per
1256 906 1356 934 eum
1373 892 1448 951 qui
1466 893 1630 951 primus
1647 891 1818 935 nullum

429 957 639 1003 imitando
663 994 673 1013 ‚
703 961 898 1019 peccavit
928 979 936 1005 :
969 961 1040 1005 hic.
1071 970 1135 1004 est
1165 960 1391 1016 diabolus,
1433 977 1562 1021 quem
1594 961 1820 1005 imitantur
1863 975 1867 985 ·

428 1044 577 1073 omnes
601 1031 677 1089 qui
706 1040 808 1075 sunt
829 1046 879 1074 ex
908 1041 1029 1090 parte
1051 1031 1199 1090 ipsius.
1238 1032 1304 1075 Sic
1333 1041 1376 1074 et
1402 1041 1628 1089 peccatum
1654 1067 1665 1087 ,
1698 1033 1819 1092 quod
1864 1046 1866 1055 ’

428 1115 516 1143 non
551 1101 764 1146 imitando
793 1103 1080 1146 committitur
1107 1137 1117 1156 ‚
1154 1101 1229 1144 sed
1258 1101 1476 1145 nascendo
1499 1102 1702 1156 trahitur,
1741 1117 1817 1161 per
1864 1119 1865 1122 ¹

430 1171 547 1214 hunc
578 1173 754 1216 intravit
776 1173 820 1215 in
851 1173 1084 1227 mundum,
1120 1172 1195 1232 qui
1216 1173 1378 1231 primus
1404 1173 1625 1216 hominem
1649 1174 1814 1231 genuit.

426 1241 543 1285 Nihil
567 1257 670 1301 ergo
707 1242 881 1298 dixisti,
908 1251 952 1286 et
976 1258 1064 1286 non
1092 1243 1173 1286 nisi
1206 1242 1261 1287 ad
1290 1242 1503 1303 quosdam
1520 1242 1813 1303 decipiendos,
1862 1253 1865 1281 ἐ

424 1311 636 1371 quosdam
657 1311 902 1371 fatigandos
921 1314 1118 1369 lectores,
1145 1323 1282 1358 tacere
1296 1313 1489 1358 noluisti.

482 1384 641 1427 XLIX.
658 1386 886 1428 ermus.
927 1404 943 1424 «
978 1386 1088 1437 Quia
1111 1400 1213 1442 ergo
1235 1384 1386 1440 claret,
1411 1385 1701 1430 imitationem
1723 1400 1815 1429 ma-

423 1452 564 1496 lorum
588 1453 817 1497 hominum
840 1470 930 1498 non
950 1454 1090 1498 solum
1120 1464 1437 1515 consequenter
1457 1490 1468 1510 ,
1496 1455 1570 1499 sed
1593 1464 1637 1499 et
1665 1470 1814 1500 neces-

422 1522 532 1566 sario
552 1522 635 1566 dici
659 1544 670 1579 3
698 1524 780 1567 hoc
803 1524 975 1567 interim
1009 1535 1316 1582 argumentum
1340 1535 1464 1569 tuum
1482 1526 1624 1585 jacere
1645 1526 1814 1586 perspi-

421 1607 553 1636 cuum
577 1603 654 1637 est.
694 1595 822 1647 Quod
843 1610 947 1639 vero
973 1595 1096 1640 addis
1120 1631 1131 1649 ‚
1173 1595 1227 1639 de
1250 1595 1427 1640 diabolo
1457 1611 1546 1640 esse
1571 1596 1779 1656 scriptum
1801 1616 1810 1642 :

422 1682 443 1705 «
471 1665 700 1709 Imitantur
722 1681 820 1709 eum
853 1667 928 1725 qui
950 1676 1052 1710 sunt
1074 1682 1124 1710 ex
1149 1677 1271 1726 parte
1299 1668 1434 1726 ipsius
1460 1670 1471 1694 ¹
1498 1687 1508 1713 ε
1539 1677 1623 1712 »et
1644 1684 1726 1727 ego
1744 1684 1812 1713 as·
1860 1684 1863 1712 ς

419 1737 578 1778 sentior
591 1735 756 1779 dictum
769 1752 858 1780 esse
873 1736 1112 1795 prudenter
1126 1738 1181 1781 ab
1197 1753 1264 1793 eo,
1277 1740 1544 1798 quicumque
1559 1739 1660 1782 libri
1679 1740 1812 1798 ipsius

418 1814 569 1850 auctor
586 1816 663 1860 est,
685 1807 759 1851 sed
788 1808 866 1851 tibi
890 1823 976 1853 non
1002 1807 1191 1868 prodest,
1209 1809 1328 1869 quod
1351 1810 1602 1854 scribuntur
1623 1809 1804 1870 quidam

417 1875 580 1920 diaboli
603 1877 842 1922 imitatione
859 1894 1056 1937 peccare,
1088 1880 1169 1924 nisi
1191 1880 1390 1925 docueris
1407 1896 1495 1926 non
1523 1896 1645 1940 posse
1665 1881 1809 1926 homi-

417 1962 522 1990 num
539 1948 782 1993 imitatione
799 1948 1013 2009 delinqui.
1039 1968 1058 1991 η

476 2022 767 2064 Amnum-s..
809 2022 905 2065 Non
932 2021 1003 2065 hic
1036 2023 1246 2081 quaeritur
1270 2031 1419 2066 utrum
1444 2023 1673 2067 hominum
1704 2023 1805 2067 imi·
1858 2024 1861 2070 ἒ

417 2090 577 2133 tatione
612 2100 817 2150 peccetur
856 2111 864 2134 :
895 2092 992 2151 quis
1024 2092 1138 2135 enim
1171 2093 1333 2136 nesciat
1358 2127 1369 2146 ‚
1411 2093 1542 2136 etiam
1575 2093 1805 2138 hominum

415 2159 655 2204 imitatione
687 2162 891 2220 peccari?
927 2162 1011 2206 Sed
1041 2163 1251 2221 quaeritur
1272 2197 1282 2217 ,
1315 2162 1444 2222 quale
1472 2172 1700 2222 peccatum
1731 2178 1807 2222 per

414 2245 552 2273 unum
586 2231 807 2274 hominem
836 2232 1005 2276 intrarit
1035 2233 1080 2275 in
1113 2232 1330 2276 mundum
1357 2253 1368 2288 3
1393 2242 1541 2277 utrum
1564 2233 1685 2293 quod
1715 2233 1805 2278 imi-

417 2299 548 2344 tando
564 2302 910 2345 committeretur
925 2337 936 2356 ‚
963 2318 1017 2346 an
1040 2303 1161 2361 quod
1182 2303 1399 2348 nascendo
1417 2304 1677 2348 traheretur.
1694 2305 1805 2358 Quia

413 2370 523 2414 illud
546 2372 751 2430 primum,
786 2373 829 2416 id
851 2383 929 2425 est,
955 2373 1076 2432 quod
1097 2374 1308 2419 imitando
1332 2375 1694 2430 committeretur,
1714 2390 1804 2420 non

415 2443 496 2486 nisi
518 2458 593 2501 per
619 2458 718 2487 eum
740 2444 917 2488 intravit
941 2444 986 2487 in
1008 2443 1223 2488 mundum
1249 2479 1259 2499 ,
1286 2448 1361 2504 qui
1395 2446 1560 2505 primus
1581 2447 1802 2491 neminem

416 2513 606 2557 imitatus
627 2515 792 2558 caeteris
807 2515 1036 2559 imitaturis
1051 2514 1259 2574 peccandi
1277 2515 1520 2560 introduxit
1536 2515 1799 2576 exemplum,

416 2583 497 2627 hoc
520 2592 605 2638 est,
632 2583 859 2630 diabolus:
886 2585 969 2630 hoc
991 2593 1135 2629 autem
1160 2584 1370 2642 alterum,
1396 2586 1440 2631 id
1460 2596 1537 2643 est,
1561 2587 1681 2648 quod
1702 2602 1802 2632 nas-

466 2675 471 2689 ¹
495 2670 569 2710 Sap.
592 2679 625 2706 u,
652 2669 704 2701 25.
