1821 3264
335 264 387 289 DE
420 262 818 290 PRAEDESTINA'HONE
852 261 1115 291 sANc'roatM.
1359 253 1412 291 93

43 326 148 388 quid
176 336 239 370 est
267 326 384 386 quod
405 327 600 386 sequitur
625 346 633 371 :
668 345 688 368 «
716 328 961 371 Secundum
992 327 1245 373 electionem
1269 336 1413 371 autem

46 416 66 439 »
88 398 234 442 dilecti
252 406 428 457 propter
449 406 588 456 patres
612 399 622 423 ¹
645 398 663 438 ⁶?
693 415 712 438 »
739 398 961 457 Numqnid
978 398 1040 441 illi
1061 399 1219 443 inimici
1241 434 1252 453 ,
1278 399 1351 458 qui
1374 399 1417 442 in

42 466 127 513 suis
144 467 373 512 inimicitiis
395 468 631 527 perierunt,
660 477 702 511 et
725 467 997 511 adversantes
1019 469 1191 513 Christo
1213 469 1267 513 de
1290 478 1418 528 gente

42 538 131 598 ipsa
153 536 296 582 adhuc
319 547 514 598 pereunt,
540 538 619 597 ipsi
640 547 741 582 sunt
763 537 887 582 electi
910 547 1040 597 atque
1058 537 1203 582 dilecti
1223 541 1240 582 Ξ)
1262 540 1384 583 Absit
1407 559 1414 583 :

43 609 138 669 quis
159 609 242 653 hoc
266 608 334 654 vel
355 609 628 653 stultissimus
646 607 827 652 dixerit?
847 608 929 653 Sed
946 618 1180 668 utrumque
1195 608 1295 652 licet
1308 611 1419 652 inter

44 695 87 725 se
108 680 370 725 contrarium
385 716 395 735 ,
421 679 465 724 id
486 689 576 735 est,
601 680 763 724 inimici
782 689 825 724 et
846 679 1018 736 dilecti,
1043 680 1242 740 quamvis
1265 695 1354 724 non
1375 680 1420 723 in

45 752 216 796 eosdem
251 752 478 807 homines,
514 760 657 795 tamen
697 752 742 795 in
777 751 974 795 eamdem
1008 761 1179 810 gentem
1218 751 1421 796 convenit

43 822 294 867 Judaeorum
313 858 324 878 ,
350 832 393 867 et
409 823 463 867 ad
484 821 599 867 idem
619 821 789 867 carnale
810 838 956 866 semen
977 822 1107 866 lsrael
1121 858 1131 876 ,
1154 821 1245 866 aliis
1270 836 1420 867 eorum

44 893 99 938 ad
133 893 491 938 claudicationem
512 928 522 947 ,
548 892 638 937 aliis
666 893 722 937 ad
744 893 1089 937 benedictionem
1123 892 1255 936 Israel
1288 893 1421 952 ipsius

44 964 373 1023 pertinentibus.
398 968 524 1009 Hunc
538 965 653 1008 enim
671 979 843 1008 sensum
867 964 1054 1023 apertius
1074 979 1121 1007 su
1128 963 1269 1023 perius
1291 963 1422 1022 expli·

44 1035 171 1090 cavit,
197 1035 272 1080 ubi
296 1036 381 1081 ait:
404 1034 570 1089 «Quod
590 1035 813 1096 quaerebat
838 1034 967 1079 Israel
983 1069 993 1089 ,
1019 1035 1102 1078 hoc
1126 1049 1213 1078 non
1236 1042 1298 1078 est
1315 1049 1422 1078 con-

48 1123 68 1146 »
94 1115 286 1150 secutus:
311 1107 463 1151 electio
487 1116 631 1151 autem
653 1116 883 1151 consecuta
898 1115 977 1160 est,
999 1105 1144 1150 caeteri
1165 1120 1268 1150 vero
1291 1120 1424 1149 excae-

50 1196 68 1217 »
95 1177 178 1221 cati
202 1187 302 1221 sunt
321 1179 353 1221 ²,
390 1197 409 1219 »
442 1181 493 1222 In
515 1179 709 1237 utrisque
731 1187 874 1221 tamen
905 1176 1021 1221 idem
1044 1178 1134 1236 ipse
1159 1175 1303 1221 Isra'e'l.
1341 1177 1424 1221 Ubi

45 1262 146 1305 ergo
165 1249 381 1305 audimus,
409 1250 536 1294 Israel
562 1265 648 1294 non
666 1259 728 1294 est
745 1259 1016 1304 consecutus,
1042 1248 1111 1293 vel
1134 1250 1278 1293 caeteri
1295 1265 1423 1293 exeae-

47 1339 68 1362 »
93 1322 177 1364 cati
196 1330 296 1364 sunt
318 1342 330 1378 3
352 1340 371 1362 »
399 1322 475 1365 ubi
501 1321 769 1379 intelligendi
791 1331 892 1366 sunt
923 1322 1085 1366 inimici
1110 1330 1286 1380 propter
1311 1337 1388 1366 nos
1412 1340 1421 1366 :

46 1391 122 1435 ubi
143 1406 245 1436 vero
278 1392 497 1447 audimus,
530 1412 548 1434 «
582 1391 734 1436 electio
768 1401 912 1436 autem
934 1401 1165 1436 consecuta
1189 1401 1251 1436 est
1280 1413 1290 1449 3
1321 1410 1339 1433 n
1366 1391 1424 1435 ibi

45 1462 315 1521 intelligendi
338 1471 439 1507 sunt
470 1461 616 1507 dilecti
644 1472 818 1523 propter
850 1473 992 1523 patres
1020 1482 1028 1506 :
1052 1463 1211 1522 quibus
1233 1463 1426 1521 patribus

46 1533 197 1593 utique
220 1534 300 1578 ista
322 1534 527 1593 promissa
549 1543 664 1578 sunt.
703 1553 722 1576 «
757 1534 943 1578 Abrahae
976 1534 1137 1594 quippe
1166 1534 1293 1578 dictte
1326 1542 1427 1578 sunt

49 1623 69 1646 »
95 1605 396 1664 promissiones
425 1614 467 1649 et
500 1604 650 1649 semini
681 1605 771 1665 ejus
801 1607 832 1648 3.
872 1625 886 1644 1>
924 1604 1048 1648 Unde
1077 1614 1120 1649 et
1147 1606 1192 1649 in
1224 1606 1303 1650 ista
1333 1604 1426 1649 olea

46 1674 226 1719 oleaster
252 1675 456 1720 inseritur
490 1675 698 1734 gentium.
726 1678 820 1719 Jam
849 1691 979 1735 porro
1007 1674 1262 1720 electionem
1294 1691 1425 1736 quam

47 1745 163 1790 dieat
185 1747 217 1801 4,
243 1747 344 1806 quia
364 1746 602 1790 secundum
631 1747 810 1805 gratiam
825 1782 835 1801 ,
861 1762 951 1792 non
972 1748 1187 1791 scundum
1210 1747 1424 1802 debitum,

50 1818 180 1862 debet
201 1818 352 1878 utique
374 1833 624 1875 occurrere,
648 1819 854 1878 quoniam
882 1837 901 1860 «
934 1819 1128 1878 reliquiae
1153 1835 1228 1878 per
1249 1819 1428 1863 electio-

54 1906 73 1929 »
100 1903 197 1932 nem
227 1890 374 1946 gratiae
396 1889 521 1933 factae
544 1898 644 1933 sunt
671 1890 701 1932 ⁵.
733 1907 751 1930 »
778 1892 882 1933 Haec
903 1889 1056 1934 electio
1079 1899 1308 1935 consecuta
1333 1899 1425 1944 est,

50 1959 213 2004 caeteris
241 1960 474 2004 excaecatis.
505 1959 755 2005 Secundum
789 1960 901 2004 hane
932 1960 1187 2004 electionem
1228 1960 1429 2004 l‘sraelitae

50 2030 198 2076 dilecti
212 2042 386 2092 propter
404 2042 558 2092 patres.
581 2035 678 2077 Non
696 2031 810 2075 enim
829 2031 1138 2076 vocationeilla
1150 2033 1291 2077 vocati
1308 2041 1425 2087 sunt,

51 2102 105 2146 de
127 2119 211 2162 qua
234 2103 400 2147 dictum
422 2113 485 2148 est
512 2123 520 2147 :
546 2122 565 2144 «
591 2102 720 2147 Multi
742 2104 883 2146 vocati
906 2106 920 2128 ‘⁵
951 2122 959 2146 :
983 2121 1003 2143 »
1029 2102 1102 2146 sed
1126 2102 1215 2158 illa,
1241 2119 1326 2163 qua
1348 2119 1428 2148 VO-

51 2183 207 2218 cantur
228 2173 368 2218 electi.
396 2174 521 2218 Unde
536 2173 665 2217 ethic
681 2182 964 2233 posteaquam
988 2174 1116 2219 dixit:
1143 2194 1161 2216 «
1181 2174 1429 2219 Secundum

54 2262 74 2286 »
101 2244 353 2289 electionem
378 2255 522 2289 autem
550 2244 696 2289 dilecti
724 2255 901 2305 propter
925 2254 1064 2304 patres
1088 2248 1102 2271 ⁷
1133 2266 1140 2291 2
1173 2265 1192 2288 »
1220 2247 1429 2291 continuo

50 2315 231 2376 subjecit
252 2315 369 2360 unde
391 2316 555 2374 agimus
576 2335 585 2360 ;
617 2335 635 2358 «
659 2316 758 2361 Sine
781 2317 1035 2375 poenitentia
1058 2318 1173 2361 enim
1192 2328 1294 2363 sunt
1316 2317 1427 2362 dona

55 2405 74 2428 »
101 2397 142 2432 et
165 2388 332 2433 vocatio
349 2388 424 2431 Dei
440 2389 454 2413 ⁸
483 2407 491 2432 :
518 2408 534 2429 »
563 2387 608 2431 id
630 2397 718 2443 est,
743 2388 834 2432 sine
855 2388 1097 2433 mutatione
1115 2389 1324 2434 stabiliter
1348 2390 1431 2432 fixa

51 2469 165 2505 sunt.
203 2459 271 2504 Ad
301 2460 414 2504 hanc
448 2460 717 2505 vocationem
750 2460 825 2519 qui
859 2461 1106 2520 pertinent,
1143 2477 1292 2507 omnes
1330 2466 1437 2505 sunt

100 2569 108 2584 ¹
129 2565 220 2595 Rom.
243 2573 288 2602 xi,
311 2565 352 2595 28
382 2578 420 2584 ——
439 2562 642 2604 21bid7.-—
661 2560 674 2584 3
696 2563 765 2595 Gal.
790 2563 988 2604 v,16.—-4
1008 2566 1298 2607 Rom.xi,17.-—
1314 2562 1432 2595 51bids
1457 2579 1464 2585 -

55 2618 85 2651 5.
104 2617 170 2642 -5
189 2619 302 2652 Matth.
324 2629 376 2661 xx,
403 2620 503 2652 16.-
523 2627 537 2653 7
557 2622 648 2653 Rom.
668 2631 712 2661 xi,
732 2621 785 2653 28.
799 2635 839 2643 ..,.
856 2618 870 2642 8
895 2620 979 2654 lbidz·
997 2629 1050 2663 29.
