1821 3264
244 247 387 276 omnus
420 247 595 274 mun.
629 244 792 274 CONTRA
825 246 993 275 Jchv.
1030 249 1112 275 mn.
1152 249 1181 273 1.
1322 235 1406 274 239

20 310 326 357 benedictione.
356 311 815 371 perdocuit.-Quibus
843 311 1050 356 absolutis
1082 311 1238 366 claret,
1270 325 1406 356 cunc-

20 390 104 436 tos,
128 382 205 441 qui
226 398 250 426 a
271 390 315 425 te
331 381 628 440 decipiuntur,
645 383 706 424 ira
729 397 818 425 esse
840 386 970 441 quam
993 381 1284 426 misericordia
1307 381 1405 440 dig-

22 451 163 497 niores
183 487 194 505 ‚
235 453 440 512 quoniam
482 453 527 496 in
569 453 890 496 excusationem
926 452 1159 496 criminum
1203 467 1379 496 suorum
1393 485 1404 506 ,

22 538 123 582 quae
144 521 257 566 mala
282 522 510 567 voluntate
529 522 832 577 committunt,
853 531 896 566 te
910 532 1086 567 auctore
1103 522 1317 567 infamant
1329 537 1409 566 na-

23 593 253 648 tivitatem,
279 608 334 637 ne
356 594 574 652 corrigant
595 592 825 636 actionem.

82 665 375 708 Aust-snum.
402 664 526 707 Actio
547 663 618 722 pia
640 672 703 707 est
724 663 771 707 in
792 664 874 707 hac
899 664 987 708 vita
1016 665 1154 707 Deum
1177 661 1341 716 colere,
1367 670 1411 705 et

22 734 116 793 ejus
137 734 273 792 gratia
297 743 447 778 contra
464 734 564 778 vitia
585 734 756 778 interna
773 749 988 793 pugnare,
1019 734 1166 793 eisque
1192 733 1247 776 ad
1263 732 1411 776 illicita

23 803 330 860 instigantibus
365 803 673 861 cogentibusve
715 819 802 847 non
834 803 1016 859 cedere3
1050 812 1093 846 et
1131 802 1210 846 ubi
1240 801 1412 846 ceditur

23 872 364 931 indulgentiam,
398 883 528 933 atque
550 882 599 917 ut
625 889 714 917 non
741 873 921 918 cedatur
945 872 1209 932 adjutorium
1248 872 1321 915 Dei
1344 869 1410 914 af-

25 942 145 988 fectu
172 943 382 1001 religiosae
410 943 582 1003 pietatis
611 958 854 1002 exposcere.
884 946 935 986 In
961 941 1162 1002 paradiso
1185 950 1353 994 autem,
1379 940 1412 984 si

26 1028 157 1059 nemo
181 1023 422 1074 peccasset,
447 1030 534 1059 non
557 1024 663 1058 esset
686 1015 797 1059 actio
818 1015 989 1074 pietatis
1015 1027 1262 1072 expugnare
1285 1012 1411 1068 vitia,

26 1085 236 1144 quoniam
259 1086 502 1144 permansio
531 1085 746 1130 felicitatis
763 1095 870 1129 esset
891 1085 995 1129 vitia
1017 1100 1106 1128 non
1128 1083 1302 1127 habere.
1333 1082 1416 1126 Sed

26 1170 118 1200 non
135 1165 199 1200 est
215 1156 424 1200 indicium
440 1157 667 1201 hominum
687 1166 838 1201 contra
855 1157 958 1201 vitia
979 1155 1186 1199 veraciter
1203 1154 1417 1198 dimican-

28 1226 162 1280 tium,
188 1241 236 1270 ea
256 1242 356 1286 quae
385 1227 665 1286 impudenter
694 1226 1001 1286 frequentatur
1023 1242 1045 1270 a
1067 1225 1191 1270 vobis
1222 1222 1417 1267 laudatio

29 1296 249 1340 vitiorum.
277 1299 423 1340 Ita-ne
448 1312 574 1351 vero,
595 1297 793 1351 Juliane,
827 1295 1005 1356 quando
1033 1294 1205 1338 dicebat
1228 1295 1417 1338 Ambro—

28 1366 157 1421 sius1,
190 1384 211 1408 «
240 1367 401 1410 Omnes
426 1368 622 1410 homines
658 1367 739 1411 sub
776 1376 953 1425 peccato
981 1365 1197 1418 nacimur‚
1230 1379 1420 1423 quorum

28 1436 120 1495 ipse
139 1445 258 1479 ortus
279 1436 322 1479 in
344 1436 450 1480 vitio
472 1446 562 1493 est3
589 1445 664 1480 aut
691 1452 760 1479 me
781 1435 955 1480 dicebat
973 1444 1149 1478 auctore
1165 1469 1175 1488 ,
1208 1443 1284 1477 aut
1302 1432 1418 1476 infa—

32 1506 181 1550 mabat
204 1506 472 1550 nativitatem
488 1541 498 1560 ,
532 1521 587 1549 ne
611 1506 847 1565 corrigeret
879 1506 1120 1549 actionem?
1144 1507 1287 1547 Ita-ne
1317 1517 1419 1546 vero

34 1577 306 1636 Gregorius2‚
335 1595 355 1617 »
381 1576 558 1636 quando
580 1575 766 1629 dicibat,
793 1578 1010 1619 Venerare
1032 1574 1318 1627 nativitatem,
1344 1588 1421 1632 per

32 1661 164 1706 quam
186 1655 368 1690 terrenae
383 1646 617 1690 nativitatis
634 1645 820 1690 vinculis
842 1645 1046 1689 liberatus
1062 1660 1106 1688 es
1125 1664 1133 1689 :
1153 1653 1228 1688 aut
1245 1642 1421 1702 quando

35 1715 210 1760 dicebat
236 1716 291 1760 de
312 1717 485 1762 Christo
509 1716 715 1776 loquens,
741 1716 810 1760 vel
841 1715 896 1759 de
927 1716 1089 1774 Spiritu
1111 1715 1303 1768 sancto³,
1340 1717 1422 1757 Per

34 1787 154 1831 hunc
168 1787 318 1846 primae
336 1787 571 1831 nativitatis
587 1785 770 1831 maculae
788 1794 1048 1844 purgantur,
1068 1800 1144 1843 per
1158 1799 1264 1844 quas
1279 1784 1324 1826 in
1341 1783 1421 1825 ini-

37 1857 277 1917 quitatibus
293 1857 581 1916 concipimur,
605 1857 708 1900 etin
727 1855 893 1899 delictis
912 1863 1160 1914 genuerunt
1172 1869 1249 1897 nos
1264 1861 1422 1896 matres

37 1938 197 1973 nostrae
234 1948 242 1973 ;
277 1937 353 1972 aut
388 1928 565 1988 quando
598 1928 770 1971 dicebat
806 1926 994 1970 Hilarius
1023 1925 1078 1968 de
1107 1939 1206 1982 rege
1242 1923 1374 1967 David
1387 1924 1420 1977 4,

41 2000 130 2044 Scit
146 2000 228 2044 sub
241 1998 407 2058 peccati
426 1998 607 2055 origine,
623 2006 666 2041 et
683 1996 873 2055 sublege
889 1997 1053 2054 peccati
1072 2010 1161 2039 esse
1177 2010 1221 2038 se
1240 2003 1391 2038 natum
1411 2011 1421 2037 ι

38 2068 309 2113 infamabant
322 2070 392 2112 isti
413 2068 492 2112 viri
506 2068 794 2121 nativitatem,
819 2081 875 2110 ne
893 2067 1160 2124 corrigerent
1183 2064 1427 2108 actionem?

42 2138 312 2183 Audehis-ne
328 2139 586 2198 persuadere
607 2137 727 2182 cordi
751 2146 842 2191 tuo,
866 2137 986 2196 quod
1010 2135 1339 2193 pelagianorum
1354 2148 1427 2177 ac-

43 2210 106 2254 tio
137 2210 296 2254 actioni
317 2208 574 2269 praeferatur
602 2209 810 2252 istorum?
841 2211 944 2251 Date
971 2207 1167 2261 veniam,
1202 2219 1428 2264 nunquam

24 2294 121 2324 -vos
135 2281 271 2325 vitam
298 2280 453 2323 melius
477 2278 561 2322 illis
594 2294 720 2337 agere
752 2279 1048 2331 crederemus,
1080 2290 1160 2320 nec
1183 2276 1217 2319 si
1251 2290 1340 2318 non
1371 2274 1431 2317 sic

48 2351 245 2395 amaretis
272 2349 664 2409 concupiscentiam
687 2350 842 2404 carnis,
868 2358 919 2393 ut
939 2363 1050 2402 eam,
1075 2346 1214 2406 qualis
1233 2360 1351 2389 nunc
1368 2352 1431 2388 est

96 2476 107 2492 ¹
132 2470 278 2503 Anibi-os.
295 2469 353 2501 lib.
373 2480 385 2501 1
410 2469 451 2501 de
467 2468 669 2508 Poenitentia,
688 2479 758 2510 cap.
777 2477 795 2498 2
815 2467 864 2498 vei
885 2467 911 2498 3.
933 2484 964 2489 -—
985 2474 995 2487 ²
1016 2467 1146 2507 Gregor.
1168 2464 1317 2495 Nazianz.
1344 2465 1431 2496 Orat.

50 2523 82 2557 in
96 2524 210 2559 Christi
226 2525 357 2558 Nativit.
372 2540 413 2547 —-
428 2522 442 2547 3
460 2524 507 2556 Id.
534 2526 622 2557 Orat.
644 2523 676 2556 iu
694 2525 920 2556 Pentecosten.
939 2538 978 2545 —
996 2519 1011 2550 4
1040 2520 1139 2553 Hilar.
1160 2518 1192 2551 in
1220 2519 1300 2551 Psal.
1327 2530 1433 2560 cxviii,
1464 2557 1471 2562 ,

52 2590 85 2616 v.
108 2582 184 2625 ¹7⁵·
