1884 3285
427 221 507 258 162
862 229 893 254 s.
932 227 1159 254 aucuswnu
1195 228 1375 254 sris-:01²1

423 294 554 338 modo
578 294 652 337 Dei
675 292 940 352 praescientia
963 291 1187 350 praedicari
1209 300 1366 350 potest,
1390 301 1439 335 ut
1459 291 1646 335 hominis
1661 293 1803 351 segni-
1844 325 1845 331 κ

422 365 476 406 tia
502 361 749 420 repellatur.

479 435 636 477 LVIII.
663 432 866 485 Quamvis
888 447 990 491 ergo
1018 433 1078 476 ita
1100 448 1144 476 se
1166 433 1322 476 habeat
1347 430 1401 475 de
1428 431 1803 491 praedestinatione

421 502 598 547 definita
627 503 838 547 sententia
868 502 1105 548 voluntatis
1133 504 1210 548 Dei
1234 538 1244 557 ,
1275 516 1320 547 ut
1348 501 1418 546 alii
1447 517 1498 545 ex
1530 501 1802 558 infidelitate,

420 583 594 632 accepta
616 573 844 618 voluntate
873 573 1124 629 obediendi,
1155 582 1465 618 convertantur
1489 571 1543 616 ad
1565 572 1713 628 fidem,
1737 571 1808 618 vel

421 653 696 702 perseverent
718 644 763 687 in
785 644 872 687 fide
892 664 902 700 3
926 643 1069 687 caeteri
1096 659 1199 688 vero
1222 644 1296 703 qui
1319 644 1362 687 in
1388 652 1665 702 peccatorum
1686 642 1807 687 dam-

421 713 632 758 nabilium
655 714 944 758 delectatione
968 724 1261 768 remorantur,
1286 715 1319 758 si
1342 723 1384 757 et
1409 713 1489 773 ipsi
1510 712 1808 773 praedestinati
1848 707 1851 756 s

420 792 537 837 sunt,
564 783 663 827 ideo
691 783 887 827 nondum
916 793 1208 839 surrexerunt,
1233 784 1337 861 quia
1365 784 1563 828 nondum
1588 798 1660 828 eos
1684 782 1807 843 adJu-
1850 785 1852 797 '

421 854 581 898 torium
598 853 747 912 gratiae
769 855 1006 898 miserantis
1025 856 1189 899 erexit:
1211 855 1244 899 si
1262 855 1334 915 qui
1357 854 1471 898 enim
1491 853 1689 898 nondum
1706 861 1811 898 sunt

423 925 561 968 vocati
575 940 713 984 ,quos
735 925 869 983 gratia
892 941 966 969 sua
988 924 1310 985 praedestinavit
1334 924 1572 984 eligendos,
1598 924 1812 984 accipient

424 959 584 1064 egdem
611 995 820 1053 gratiam,
858 1012 943 1054 qua
988 995 1114 1040 electi
1154 1011 1242 1040 esse
1274 994 1407 1039 velint
1441 1005 1484 1039 et
1516 995 1635 1039 sint:
1661 994 1693 1038 si
1737 994 1814 1054 qui

426 1075 571 1110 autem
594 1066 840 1121 obediunt,
867 1067 975 1110 sed
965 1083 1009 1109 in
1035 1081 1213 1124 regnum
1238 1068 1328 1126 ejus
1352 1076 1395 1109 et
1417 1066 1597 1124 gloriam
1621 1064 1812 1124 praedes—

423 1136 547 1180 tinati
569 1152 656 1180 non
682 1145 783 1180 sunt
803 1171 813 1189 ,
840 1135 1098 1194 temporales
1121 1144 1247 1189 sunt,
1273 1150 1352 1179 nec
1378 1150 1516 1194 usque
1541 1134 1587 1177 in
1612 1135 1745 1178 finem
1765 1134 1812 1179 in

423 1203 620 1248 eamdem
663 1204 910 1248 obedientia
953 1204 1271 1263 permanebunt
1298 1224 1305 1248 :
1332 1204 1527 1264 quamvis
1570 1219 1673 1263 ergo
1713 1204 1808 1249 haec

424 1291 525 1320 vera
542 1277 653 1330 sint,
675 1291 761 1320 non
785 1284 929 1319 tamen
952 1276 1033 1319 isto
1055 1274 1186 1320 modo
1209 1276 1389 1320 dicenda
1411 1284 1512 1319 sunt
1534 1274 1816 1320 audientibus

427 1345 599 1400 multis,
628 1355 677 1389 ut
706 1361 846 1389 sermo
876 1346 930 1388 ad
954 1346 1067 1404 ipsos
1094 1346 1222 1389 etiam
1252 1355 1546 1401 convertatur,
1578 1347 1727 1406 eisque
1747 1345 1815 1390 di-
1858 1359 1862 1407 ’Δ

427 1425 581 1460 cantur
606 1415 679 1460 illa
706 1416 886 1460 istorum
917 1416 1065 1471 verba,
1096 1432 1195 1476 quae
1227 1418 1376 1460 vestris
1401 1416 1555 1461 litteris
1581 1415 1811 1472 indidistis,
1860 1428 1863 1449 ²

428 1494 471 1529 et
497 1501 598 1546 quae
625 1487 819 1544 superius
843 1485 1108 1545 interposui:
1134 1505 1154 1527 «
1181 1489 1245 1529 Ita
1275 1501 1318 1530 se
1350 1487 1482 1530 habet
1507 1487 1562 1530 de
1589 1485 1815 1545 praedesti·

429 1555 604 1599 natione
636 1555 814 1599 definita
843 1557 1055 1600 sententia
1093 1555 1327 1600 voluntatis
1349 1557 1451 1612 Dei,
1490 1565 1537 1600 ut
1565 1556 1638 1601 alii
1666 1572 1716 1600 ex
1739 1571 1817 1601 vo-
1861 1591 1865 1605 .

429 1626 493 1670 bis
523 1625 577 1670 de
602 1625 878 1681 infidelitate,
911 1636 1086 1686 accepta
1121 1627 1353 1671 obediendi
1384 1627 1612 1672 voluntate
1645 1630 1818 1672 veneri·
1862 1670 1865 1675 .

431 1697 484 1741 tis
515 1697 570 1740 ad
595 1696 743 1740 fidem.
780 1718 796 1738 »
832 1698 949 1750 Quid
981 1713 1090 1756 opus
1125 1707 1188 1742 est
1216 1698 1329 1753 dici,
1378 1718 1396 1740 «
1429 1699 1499 1743 alii
1528 1714 1579 1742 ex
1603 1699 1761 1743 vobis?
1794 1716 1814 1740 n
1864 1719 1866 1758 f

433 1767 475 1811 Si
500 1767 611 1810 enim
634 1766 837 1810 Ecclesiae
860 1768 934 1810 Dei
958 1767 1197 1826 loquimur,
1221 1769 1254 1811 si
1274 1767 1553 1812 credentibus
1576 1768 1815 1828 loquimur,
1864 1783 1867 1827 ζ

431 1853 508 1881 cur
531 1835 634 1881 alios
656 1852 808 1881 eorum
837 1838 891 1881 ad
914 1838 1044 1882 fidem
1069 1839 1234 1882 venisse
1258 1839 1466 1894 dicenteS,
1493 1839 1657 1884 caeteris
1677 1838 1819 1884 facere
1865 1844 1868 1898 ζ

432 1907 658 1952 videamur
685 1908 916 1967 injuriam?
939 1924 1038 1952 cum
1068 1910 1277 1968 possimus
1305 1911 1617 1968 congruentius
1642 1909 1815 1955 dicere:
1864 1903 1868 1952 j

433 1981 499 2022 Ita
522 1993 565 2021 se
586 1978 720 2021 habet
742 1978 795 2021 de
818 1978 1198 2037 praedestinatione
1219 1978 1398 2023 definita
1420 1981 1630 2024 sententia
1657 1979 1820 2025 volun-

432 2048 531 2092 tatis
565 2049 661 2103 Dei,
694 2058 743 2092 ut
770 2064 821 2092 ex
856 2049 1111 2093 infidelitate
1146 2051 1350 2095 veneritis
1386 2051 1442 2095 ad
1475 2051 1608 2095 fidem
1644 2059 1820 2111 accepta
1867 2063 1870 2074 ¹

432 2118 658 2163 voluntate
680 2118 913 2163 obediendi
935 2154 945 2174 ,
968 2129 1011 2164 et
1033 2130 1209 2178 accepta
1232 2121 1547 2180 perseverantia
1569 2135 1819 2181 permanea·
1868 2116 1871 2130 ”

432 2190 485 2234 tis
504 2190 550 2232 in
571 2188 687 2233 fide?

491 2261 604 2303 LIX.
639 2261 728 2305 Nec
751 2259 862 2303 illud
887 2259 1007 2320 quod
1031 2260 1243 2320 sequitur,
1275 2270 1338 2305 est
1361 2262 1540 2306 omnino
1563 2261 1815 2318 dicendum,
1870 2288 1871 2291 =

433 2328 478 2373 id
501 2339 565 2374 est
593 2349 600 2374 :
631 2349 650 2371 (ι
671 2329 828 2374 Caeteri
851 2345 953 2374 vero
975 2330 1051 2389 qui
1073 2330 1117 2373 in
1141 2339 1420 2389 peccatorum
1446 2330 1734 2377 delectatione
1756 2346 1820 2376 re·

432 2400 688 2454 moramini,
723 2399 821 2444 ideo
850 2399 1047 2444 nondum
1077 2400 1317 2444 surrexistis
1338 2436 1348 2456 ,
1389 2401 1492 2461 quia
1526 2401 1715 2446 necdum
1743 2416 1818 2447 vos

433 2470 696 2531 adjutorium
722 2472 870 2531 gratiae
892 2472 1131 2515 miserantis
1152 2472 1299 2515 erexit.
1325 2490 1344 2512 n
1370 2473 1482 2517 Cum
1509 2472 1621 2517 bene
1645 2482 1688 2517 et
1713 2487 1818 2518 con·
1872 2470 1875 2514 3

426 2541 650 2586 venienter
667 2541 751 2586 dici
769 2541 901 2601 possit
918 2550 961 2586 et
979 2540 1152 2597 debeat,
1176 2542 1219 2587 Si
1235 2542 1312 2602 qui
1325 2551 1472 2587 autem
1489 2541 1633 2588 adhuc
1646 2543 1693 2588 in
1707 2557 1809 2602 pec·
1869 2535 1875 2567 ·’
