1821 3264
256 260 400 288 OPERIS
429 258 604 285 lMPERF.
640 254 803 285 CONTRA
835 256 1004 285 JULIAN.
1042 256 1122 284 Lm.
1160 256 1207 281 Π.
1346 241 1429 281 423

50 335 207 390 praeter
223 340 295 371 eos
315 324 393 385 qui
415 339 467 368 ex
486 322 812 368 circumcisione
832 332 954 368 erant
972 357 984 378 ,
1012 320 1327 367 benedictionis
1351 320 1432 363 he-

51 398 208 444 reditas
229 394 489 458 perveniret.
519 392 805 451 Intelligenda
827 393 961 452 igitur
985 390 1258 437 consuetudo
1290 391 1437 450 Scrip-

51 479 247 514 turarum
268 475 332 511 est
346 501 357 522 ‚
382 466 483 526 quia
503 479 592 509 non
617 464 824 509 continuo
845 463 967 524 quod
989 478 1077 508 non
1100 462 1273 517 dicitur,
1299 461 1434 505 dene-

52 547 192 598 gatur‚
230 545 278 582 ut
311 535 610 595 intelligentiae
643 549 772 593 opere
804 534 1041 579 verborum
1074 531 1300 592 dispendia
1329 546 1435 591 sup-

51 609 268 670 pleantur.
296 626 316 649 »

111 682 404 724 Avetsrnws.
433 676 501 722 Sic
532 674 810 733 intelligunt,
837 673 912 733 qui
939 687 1029 717 non
1057 670 1323 728 intelligunt.
1348 670 1439 714 Cur

52 765 141 794 non
174 748 397 793 attenditis
426 761 547 805 rogo,
572 744 670 790 ideo
693 760 782 790 non
803 759 893 788 esse
913 741 1108 788 haeredes
1125 757 1176 785 ex
1205 740 1313 798 lege,
1339 740 1442 799 quia

51 823 120 866 lex
141 821 248 865 iram
267 820 522 880 operatur1?
546 817 630 862 Ubi
652 817 767 860 enim
789 832 877 861 non
895 824 958 859 est
973 815 1057 870 lex,
1082 828 1163 858 nec
1185 812 1441 872 praevarica-

53 892 127 936 tio.
151 890 256 935 Ideo
284 899 430 934 autem
452 904 503 933 ex
528 887 832 948 promissione,
859 886 959 945 quia
982 888 1097 929 Deus
1114 881 1236 943 quod
1254 881 1439 941 promit-

52 963 120 1018 tit,
141 962 232 1022 ipse
253 961 369 1006 facit.
401 961 486 1015 Qui
514 960 629 1004 enim
657 966 874 1018 praecepta
902 956 1006 1014 legis
1027 955 1206 1014 implere
1234 968 1277 997 se
1312 961 1438 1011 putat

51 1049 129 1093 per
147 1033 375 1076 arbitrium
393 1031 578 1091 propriae
596 1028 832 1073 voluntatis
853 1027 943 1072 sine
958 1025 1112 1085 spiritu
1135 1025 1298 1083 gratiae,
1314 1037 1437 1066 suam

47 1104 260 1164 justitiam
289 1102 383 1146 vult
423 1102 701 1154 constituere,
737 1114 825 1143 non
855 1097 1065 1157 justitiam
1109 1095 1184 1139 Dei
1216 1107 1385 1137 sumere
1399 1095 1432 1134 Ἰ.

51 1178 163 1222 Nam
183 1175 301 1218 unde
320 1173 426 1218 dicit
448 1173 562 1217 idem
587 1170 842 1231 Apostolus,
864 1188 884 1212 «
906 1171 963 1213 Ut
984 1167 1180 1212 inveniar
1197 1166 1242 1208 in
1263 1163 1338 1207 illo
1353 1178 1444 1208 non

56 1264 76 1287 »
106 1245 270 1290 habens
303 1243 654 1303 meam‘justiam,
681 1257 779 1301 quae
813 1255 864 1284 ex
894 1239 990 1298 lege
1012 1246 1101 1292 est,
1141 1235 1216 1280 sed
1232 1234 1446 1295 justitiam

56 1336 76 1360 »
102 1333 202 1377 quae
224 1326 286 1361 est
313 1332 364 1361 ex
386 1315 495 1371 fide,
523 1314 698 1375 justiam
728 1328 780 1357 ex
804 1313 948 1356 Deoss?
980 1328 999 1351 »
1031 1312 1175 1363 Quare
1197 1321 1318 1351 suam
1340 1303 1446 1349 dicit

50 1389 263 1450 justitiam
280 1424 291 1444 ‚
319 1403 418 1449 quae
440 1403 492 1431 ex
523 1386 617 1445 lege
639 1395 728 1440 est,
765 1398 948 1443 eamque
971 1381 1181 1442 justitiam
1214 1376 1441 1437 reprobat3

55 1477 145 1506 non
165 1470 311 1506 autem
328 1474 449 1505 suam
467 1494 478 1514 ‚
503 1458 577 1503 sed
601 1473 650 1501 ex
681 1459 771 1501 Deo
791 1454 1002 1515 justitiam
1016 1488 1027 1507 ‚
1048 1466 1147 1512 quae
1169 1459 1232 1494 est
1259 1464 1310 1492 ex
1330 1447 1443 1491 fide?

51 1531 275 1592 Numquid
296 1530 365 1575 lex
384 1545 473 1574 non
487 1537 551 1573 est
567 1544 620 1572 ex
640 1528 758 1571 Deo?
778 1525 884 1578 Quis
906 1524 987 1567 nisi
1010 1520 1196 1566 infidelis
1212 1520 1296 1563 hoc
1314 1517 1438 1562 dixe-

52 1605 134 1648 rit?
158 1603 242 1649 Sed
265 1618 315 1646 ex
335 1603 431 1661 lege
461 1599 565 1644 dicit
589 1598 801 1660 justitiam
822 1611 967 1649 suam,
991 1594 1037 1637 in
1060 1607 1146 1652 qua
1168 1591 1299 1635 homo
1317 1596 1445 1648 putat

51 1674 251 1719 sufficere
272 1672 353 1717 sibi
370 1671 508 1730 legem
527 1670 582 1714 ad
604 1667 803 1713 facienda
818 1666 964 1710 divina
983 1661 1205 1715 mandata,
1223 1658 1447 1704 confidens

51 1747 97 1790 in
122 1745 283 1790 virtute
306 1758 397 1787 sua.
425 1744 489 1786 Ex
511 1740 598 1784 fide
619 1748 765 1783 autem
780 1736 991 1797 justitiam
1007 1769 1017 1788 ,
1041 1732 1139 1776 ideo
1161 1730 1265 1774 dicit
1286 1743 1374 1772 esse
1396 1742 1447 1771 ex

54 1819 159 1870 Deo,
184 1815 286 1875 quia
308 1817 422 1858 Deus
439 1812 678 1871 unicuique
692 1808 879 1869 partitur
900 1818 1146 1849 mensuram
1162 1800 1290 1845 fidei4
1310 1818 1317 1843 :
1335 1798 1447 1842 etad

52 1885 185 1930 fidem
217 1885 406 1945 pertinet
432 1881 608 1927 credere
642 1879 763 1940 quod
795 1878 841 1921 in
879 1875 1002 1920 nobis
1034 1877 1148 1919 Deus
1178 1878 1382 1930 operetur
1403 1876 1447 1912 et

10 1991 14 1995 -
53 1957 216 2015 velle⁵3
241 1956 352 2000 sicut
374 1953 636 2014 operabatur
658 1951 704 1994 in
723 1949 793 1993 illa
819 1945 1105 2006 Purpuraria,
1125 1944 1247 2003 cujus
1270 1953 1446 2000 aperue-

55 2037 120 2073 rat
141 2041 330 2081 sensum‚
351 2035 401 2070 ut
422 2024 669 2068 intenderet
690 2022 736 2064 in
758 2035 806 2064 ea
821 2034 919 2079 quae
937 2033 961 2062 a
983 2015 1119 2061 Paulo
1139 2011 1441 2058 dicebanturss.

51 2102 115 2145 Ac
132 2114 207 2159 per
229 2099 330 2152 hoc,
353 2111 433 2140 nec
451 2095 532 2155 ipsi
554 2092 697 2138 Judaei
719 2092 795 2152 qui
817 2088 1099 2135 crediderunt
1121 2086 1166 2129 in
1188 2082 1410 2129 Christum
1429 2114 1440 2134 ‚

50 2170 97 2214 in
118 2169 278 2229 quibus
299 2175 342 2211 et
364 2165 524 2210 Paulus
546 2163 645 2218 fuit,
664 2178 713 2206 ex
733 2161 827 2220 lege
848 2159 1043 2204 haeredes
1067 2155 1246 2201 omnino
1269 2149 1445 2196 dicendi

52 2249 176 2295 sunt,
208 2238 284 2284 sed
313 2237 456 2297 potius
485 2251 535 2280 ex
557 2234 856 2295 promissione.
884 2230 989 2275 Ideo
1011 2228 1126 2272 enim
1156 2226 1323 2269 dictum
1345 2230 1437 2274 est⁷

57 2330 77 2354 «
102 2313 155 2355 In
189 2313 308 2354 Isaac
328 2308 558 2354 vocabitur
582 2305 662 2350 tibi
690 2317 863 2358 semen,
888 2301 990 2362 quia
1021 2314 1110 2344 non
1138 2297 1213 2357 qui
1240 2293 1320 2337 filii
1347 2305 1443 2336 ear-

57 2400 78 2423 »
103 2382 168 2425 nis
189 2380 234 2425 hi
256 2379 333 2424 filii
355 2379 453 2434 Dei,
479 2376 554 2422 sed
590 2376 667 2420 filii
689 2372 983 2435 promissionis
1018 2370 1284 2429 deputantur
1303 2364 1348 2408 in
1371 2377 1441 2408 se-

56 2471 76 2495 »
107 2452 268 2496 mine⁷.
297 2468 318 2492 »

100 2561 110 2578 ¹
132 2553 217 2586 Beda
232 2556 264 2585 et
281 2551 401 2584 Florus.
421 2553 513 2583 Rom.
530 2560 576 2590 iv,
600 2548 651 2581 15.
669 2564 710 2571 —-
727 2546 857 2585 ²1d.X,
875 2544 904 2575 3.
923 2559 964 2564 —
981 2540 994 2564 3
1009 2539 1121 2582 Philip.
1142 2549 1192 2575 111,
1213 2548 1245 2578 9.
1262 2552 1303 2559 -
1320 2533 1451 2568 4R0m:

54 2621 110 2651 ιιι,
135 2610 167 2642 3.
184 2627 223 2632 -
240 2607 253 2631 5
272 2608 383 2650 Philip.
401 2618 437 2647 ιι,
462 2607 510 2637 13.
528 2623 569 2628 ——
584 2603 598 2627 6
618 2607 689 2637 Act,
710 2613 779 2638 xvi,
803 2600 854 2641 ¹4·
869 2617 908 2623 -—
925 2606 937 2631 7
956 2601 1046 2631 Rom.
1066 2607 1112 2636 ix,
1133 2606 1149 2636 ’,-
1172 2598 1204 2626 et
1221 2593 1251 2625 8.
