<?xml version="1.0" encoding="UTF-8"?>
<!DOCTYPE html PUBLIC "-//W3C//DTD XHTML 1.0 Transitional//EN"
    "http://www.w3.org/TR/xhtml1/DTD/xhtml1-transitional.dtd">
<html xmlns="http://www.w3.org/1999/xhtml" xml:lang="en" lang="en">
 <head>
  <title>
</title>
<meta http-equiv="Content-Type" content="text/html;charset=utf-8" />
  <meta name='ocr-system' content='tesseract 3.04.00' />
  <meta name='ocr-capabilities' content='ocr_page ocr_carea ocr_par ocr_line ocrx_word'/>
</head>
<body>
  <div class='ocr_page' id='page_1' title='image "./operaomniaaccura36auguuoft/operaomniaaccura36auguuoft_0044.png"; bbox 0 0 1884 3285; ppageno 0'>
   <div class='ocr_carea' id='block_1_1' title="bbox 406 264 1352 301">
    <p class='ocr_par' dir='ltr' id='par_1_1' title="bbox 406 264 1352 301">
     <span class='ocr_line' id='line_1_1' title="bbox 406 264 1352 301; baseline -0.002 -6"><span class='ocrx_word' id='word_1_1' title='bbox 406 264 458 301; x_wconf 73' lang='lat'>22</span> <span class='ocrx_word' id='word_1_2' title='bbox 840 269 874 294; x_wconf 82' lang='lat' dir='ltr'>S·</span> <span class='ocrx_word' id='word_1_3' title='bbox 910 266 1139 294; x_wconf 76' lang='lat' dir='ltr'>AUGUsTffll</span> <span class='ocrx_word' id='word_1_4' title='bbox 1170 268 1352 294; x_wconf 67' lang='lat' dir='ltr'>El’lscopl</span> 
     </span>
    </p>
   </div>
   <div class='ocr_carea' id='block_1_2' title="bbox 398 324 1856 2511">
    <p class='ocr_par' dir='ltr' id='par_1_2' title="bbox 398 324 1856 1713">
     <span class='ocr_line' id='line_1_2' title="bbox 407 324 1779 391; baseline -0.003 -11"><span class='ocrx_word' id='word_1_5' title='bbox 407 347 501 380; x_wconf 86' lang='lat' dir='ltr'>tura</span> <span class='ocrx_word' id='word_1_6' title='bbox 519 333 899 389; x_wconf 79' lang='lat' dir='ltr'>nescivitPNempe</span> <span class='ocrx_word' id='word_1_7' title='bbox 919 329 1028 374; x_wconf 89' lang='lat' dir='ltr'>nihil</span> <span class='ocrx_word' id='word_1_8' title='bbox 1042 330 1199 375; x_wconf 87' lang='lat' dir='ltr'>horum</span> <span class='ocrx_word' id='word_1_9' title='bbox 1211 330 1292 374; x_wconf 82' lang='lat' dir='ltr'>nisi</span> <span class='ocrx_word' id='word_1_10' title='bbox 1307 324 1627 390; x_wconf 45' lang='lat' dir='ltr'>‘perversissime</span> <span class='ocrx_word' id='word_1_11' title='bbox 1648 341 1779 391; x_wconf 89' lang='lat' dir='ltr'>atque</span> 
     </span>
     <span class='ocr_line' id='line_1_3' title="bbox 402 398 1777 462; baseline -0.004 -12"><span class='ocrx_word' id='word_1_12' title='bbox 402 404 666 450; x_wconf 83' lang='lat' dir='ltr'>insanissime</span> <span class='ocrx_word' id='word_1_13' title='bbox 688 400 861 446; x_wconf 86' lang='lat' dir='ltr'>dicitur.</span> <span class='ocrx_word' id='word_1_14' title='bbox 885 402 974 446; x_wconf 87' lang='lat' dir='ltr'>Cur</span> <span class='ocrx_word' id='word_1_15' title='bbox 992 415 1094 458; x_wconf 85' lang='lat' dir='ltr'>ergo</span> <span class='ocrx_word' id='word_1_16' title='bbox 1114 415 1204 444; x_wconf 91' lang='lat' dir='ltr'>non</span> <span class='ocrx_word' id='word_1_17' title='bbox 1224 398 1351 443; x_wconf 82' lang='lat' dir='ltr'>fecit?</span> <span class='ocrx_word' id='word_1_18' title='bbox 1372 400 1681 459; x_wconf 87' lang='lat' dir='ltr'>Respondeant</span> <span class='ocrx_word' id='word_1_19' title='bbox 1701 403 1777 462; x_wconf 90' lang='lat' dir='ltr'>qui</span> 
     </span>
     <span class='ocr_line' id='line_1_4' title="bbox 401 468 1778 532; baseline -0.001 -15"><span class='ocrx_word' id='word_1_20' title='bbox 401 490 478 519; x_wconf 92' lang='lat' dir='ltr'>nos</span> <span class='ocrx_word' id='word_1_21' title='bbox 494 473 688 527; x_wconf 85' lang='lat' dir='ltr'>irrident,</span> <span class='ocrx_word' id='word_1_22' title='bbox 706 470 883 532; x_wconf 90' lang='lat' dir='ltr'>quando</span> <span class='ocrx_word' id='word_1_23' title='bbox 899 472 945 515; x_wconf 89' lang='lat' dir='ltr'>in</span> <span class='ocrx_word' id='word_1_24' title='bbox 958 471 1088 514; x_wconf 87' lang='lat' dir='ltr'>rebus</span> <span class='ocrx_word' id='word_1_25' title='bbox 1103 468 1260 514; x_wconf 86' lang='lat' dir='ltr'>talibus</span> <span class='ocrx_word' id='word_1_26' title='bbox 1274 469 1579 526; x_wconf 82' lang='lat' dir='ltr'>exclamamus,</span> <span class='ocrx_word' id='word_1_27' title='bbox 1599 489 1619 513; x_wconf 88' lang='lat'>«</span> <span class='ocrx_word' id='word_1_28' title='bbox 1636 473 1778 524; x_wconf 89' lang='lat' dir='ltr'>Quam</span> 
     </span>
     <span class='ocr_line' id='line_1_5' title="bbox 404 540 1778 601; baseline 0.001 -17"><span class='ocrx_word' id='word_1_29' title='bbox 404 561 423 584; x_wconf 92' lang='lat'>»</span> <span class='ocrx_word' id='word_1_30' title='bbox 462 541 755 586; x_wconf 87' lang='lat' dir='ltr'>inscrutabilia</span> <span class='ocrx_word' id='word_1_31' title='bbox 789 551 890 586; x_wconf 89' lang='lat' dir='ltr'>sunt</span> <span class='ocrx_word' id='word_1_32' title='bbox 913 540 1075 601; x_wconf 87' lang='lat' dir='ltr'>judicia</span> <span class='ocrx_word' id='word_1_33' title='bbox 1108 541 1220 599; x_wconf 83' lang='lat' dir='ltr'>erS‚</span> <span class='ocrx_word' id='word_1_34' title='bbox 1261 548 1304 583; x_wconf 88' lang='lat' dir='ltr'>et</span> <span class='ocrx_word' id='word_1_35' title='bbox 1338 540 1658 597; x_wconf 84' lang='lat' dir='ltr'>investigabiles</span> <span class='ocrx_word' id='word_1_36' title='bbox 1697 542 1778 586; x_wconf 86' lang='lat' dir='ltr'>viae</span> 
     </span>
     <span class='ocr_line' id='line_1_6' title="bbox 403 610 1776 672; baseline 0.001 -19"><span class='ocrx_word' id='word_1_37' title='bbox 403 631 422 654; x_wconf 84' lang='grc'><strong><em>»</em></strong></span> <span class='ocrx_word' id='word_1_38' title='bbox 448 613 612 672; x_wconf 81' lang='lat' dir='ltr'>ejus1?»</span> <span class='ocrx_word' id='word_1_39' title='bbox 627 615 776 670; x_wconf 84' lang='lat' dir='ltr'>Neque</span> <span class='ocrx_word' id='word_1_40' title='bbox 788 612 903 656; x_wconf 88' lang='lat' dir='ltr'>enim</span> <span class='ocrx_word' id='word_1_41' title='bbox 918 612 1002 656; x_wconf 90' lang='lat' dir='ltr'>hoc</span> <span class='ocrx_word' id='word_1_42' title='bbox 1020 626 1109 655; x_wconf 90' lang='lat' dir='ltr'>non</span> <span class='ocrx_word' id='word_1_43' title='bbox 1123 610 1258 654; x_wconf 91' lang='lat' dir='ltr'>donat</span> <span class='ocrx_word' id='word_1_44' title='bbox 1274 613 1387 654; x_wconf 89' lang='lat' dir='ltr'>Deus</span> <span class='ocrx_word' id='word_1_45' title='bbox 1398 610 1560 669; x_wconf 85' lang='lat' dir='ltr'>quibus</span> <span class='ocrx_word' id='word_1_46' title='bbox 1573 610 1776 665; x_wconf 89' lang='lat' dir='ltr'>voluerit,</span> 
     </span>
     <span class='ocr_line' id='line_1_7' title="bbox 400 679 1779 740; baseline -0.001 -13"><span class='ocrx_word' id='word_1_47' title='bbox 400 692 475 727; x_wconf 91' lang='lat' dir='ltr'>aut</span> <span class='ocrx_word' id='word_1_48' title='bbox 494 698 595 727; x_wconf 88' lang='lat' dir='ltr'>vero</span> <span class='ocrx_word' id='word_1_49' title='bbox 620 682 839 740; x_wconf 82' lang='lat' dir='ltr'>Scriptura</span> <span class='ocrx_word' id='word_1_50' title='bbox 861 681 933 726; x_wconf 86' lang='lat' dir='ltr'>illa</span> <span class='ocrx_word' id='word_1_51' title='bbox 955 681 1185 736; x_wconf 76' lang='lat' dir='ltr'>mentitur,</span> <span class='ocrx_word' id='word_1_52' title='bbox 1207 696 1306 740; x_wconf 87' lang='lat' dir='ltr'>quae</span> <span class='ocrx_word' id='word_1_53' title='bbox 1327 679 1382 723; x_wconf 92' lang='lat' dir='ltr'>de</span> <span class='ocrx_word' id='word_1_54' title='bbox 1403 689 1543 724; x_wconf 87' lang='lat' dir='ltr'>morte</span> <span class='ocrx_word' id='word_1_55' title='bbox 1565 680 1684 725; x_wconf 87' lang='lat' dir='ltr'>velut</span> <span class='ocrx_word' id='word_1_56' title='bbox 1703 681 1779 725; x_wconf 91' lang='lat' dir='ltr'>im-</span> 
     </span>
     <span class='ocr_line' id='line_1_8' title="bbox 402 751 1781 812; baseline -0.001 -15"><span class='ocrx_word' id='word_1_57' title='bbox 402 762 571 797; x_wconf 87' lang='lat' dir='ltr'>matura</span> <span class='ocrx_word' id='word_1_58' title='bbox 592 752 779 796; x_wconf 88' lang='lat' dir='ltr'>hominis</span> <span class='ocrx_word' id='word_1_59' title='bbox 794 753 900 812; x_wconf 81' lang='lat' dir='ltr'>justi</span> <span class='ocrx_word' id='word_1_60' title='bbox 919 753 1005 808; x_wconf 73' lang='lat' dir='ltr'>ait,</span> <span class='ocrx_word' id='word_1_61' title='bbox 1025 772 1046 795; x_wconf 90' lang='lat'>«</span> <span class='ocrx_word' id='word_1_62' title='bbox 1066 755 1232 811; x_wconf 84' lang='lat' dir='ltr'>Raptus</span> <span class='ocrx_word' id='word_1_63' title='bbox 1258 760 1344 807; x_wconf 89' lang='lat' dir='ltr'>est,</span> <span class='ocrx_word' id='word_1_64' title='bbox 1369 766 1424 795; x_wconf 89' lang='lat' dir='ltr'>ne</span> <span class='ocrx_word' id='word_1_65' title='bbox 1449 751 1613 795; x_wconf 85' lang='lat' dir='ltr'>malitia</span> <span class='ocrx_word' id='word_1_66' title='bbox 1635 760 1781 796; x_wconf 89' lang='lat' dir='ltr'>muta—</span> 
     </span>
     <span class='ocr_line' id='line_1_9' title="bbox 399 822 1782 883; baseline 0.001 -19"><span class='ocrx_word' id='word_1_67' title='bbox 399 841 420 864; x_wconf 86' lang='lat'>»</span> <span class='ocrx_word' id='word_1_68' title='bbox 442 832 508 868; x_wconf 88' lang='lat' dir='ltr'>ret</span> <span class='ocrx_word' id='word_1_69' title='bbox 540 823 811 869; x_wconf 88' lang='lat' dir='ltr'>intellectum</span> <span class='ocrx_word' id='word_1_70' title='bbox 846 826 962 883; x_wconf 87' lang='lat' dir='ltr'>ejus,</span> <span class='ocrx_word' id='word_1_71' title='bbox 993 833 1068 868; x_wconf 83' lang='lat' dir='ltr'>aut</span> <span class='ocrx_word' id='word_1_72' title='bbox 1100 839 1155 869; x_wconf 87' lang='lat' dir='ltr'>ne</span> <span class='ocrx_word' id='word_1_73' title='bbox 1189 825 1306 868; x_wconf 89' lang='lat' dir='ltr'>fictio</span> <span class='ocrx_word' id='word_1_74' title='bbox 1340 822 1560 882; x_wconf 84' lang='lat' dir='ltr'>deciperet</span> <span class='ocrx_word' id='word_1_75' title='bbox 1593 823 1782 867; x_wconf 84' lang='lat' dir='ltr'>animam</span> 
     </span>
     <span class='ocr_line' id='line_1_10' title="bbox 402 893 1783 953; baseline 0.002 -19"><span class='ocrx_word' id='word_1_76' title='bbox 402 911 424 935; x_wconf 87' lang='lat'>»</span> <span class='ocrx_word' id='word_1_77' title='bbox 449 895 583 953; x_wconf 72' lang='lat' dir='ltr'>ejus2.</span> <span class='ocrx_word' id='word_1_78' title='bbox 622 912 643 936; x_wconf 84' lang='lat'>»</span> <span class='ocrx_word' id='word_1_79' title='bbox 668 896 757 940; x_wconf 90' lang='lat' dir='ltr'>Cur</span> <span class='ocrx_word' id='word_1_80' title='bbox 781 894 910 952; x_wconf 84' lang='lat' dir='ltr'>igitur</span> <span class='ocrx_word' id='word_1_81' title='bbox 937 895 1022 940; x_wconf 92' lang='lat' dir='ltr'>hoc</span> <span class='ocrx_word' id='word_1_82' title='bbox 1053 904 1140 940; x_wconf 90' lang='lat' dir='ltr'>tam</span> <span class='ocrx_word' id='word_1_83' title='bbox 1169 909 1376 953; x_wconf 84' lang='lat' dir='ltr'>magnum</span> <span class='ocrx_word' id='word_1_84' title='bbox 1403 893 1664 938; x_wconf 88' lang='lat' dir='ltr'>beneficium</span> <span class='ocrx_word' id='word_1_85' title='bbox 1691 893 1783 937; x_wconf 90' lang='lat' dir='ltr'>aliis</span> 
     </span>
     <span class='ocr_line' id='line_1_11' title="bbox 401 963 1786 1025; baseline 0 -17"><span class='ocrx_word' id='word_1_86' title='bbox 401 963 491 1020; x_wconf 86' lang='lat' dir='ltr'>dat,</span> <span class='ocrx_word' id='word_1_87' title='bbox 513 964 603 1009; x_wconf 90' lang='lat' dir='ltr'>aliis</span> <span class='ocrx_word' id='word_1_88' title='bbox 627 981 716 1010; x_wconf 91' lang='lat' dir='ltr'>non</span> <span class='ocrx_word' id='word_1_89' title='bbox 738 965 811 1009; x_wconf 84' lang='lat' dir='ltr'>dat</span> <span class='ocrx_word' id='word_1_90' title='bbox 831 968 970 1021; x_wconf 80' lang='lat' dir='ltr'>Deus,</span> <span class='ocrx_word' id='word_1_91' title='bbox 992 965 1108 1025; x_wconf 91' lang='lat' dir='ltr'>apud</span> <span class='ocrx_word' id='word_1_92' title='bbox 1126 980 1258 1025; x_wconf 89' lang='lat' dir='ltr'>quem</span> <span class='ocrx_word' id='word_1_93' title='bbox 1275 981 1364 1009; x_wconf 91' lang='lat' dir='ltr'>non</span> <span class='ocrx_word' id='word_1_94' title='bbox 1386 973 1449 1008; x_wconf 81' lang='lat' dir='ltr'>est</span> <span class='ocrx_word' id='word_1_95' title='bbox 1465 964 1684 1024; x_wconf 88' lang='lat' dir='ltr'>iniquitas,</span> <span class='ocrx_word' id='word_1_96' title='bbox 1705 979 1786 1009; x_wconf 91' lang='lat' dir='ltr'>nec</span> 
     </span>
     <span class='ocr_line' id='line_1_12' title="bbox 402 1033 1787 1095; baseline -0.001 -16"><span class='ocrx_word' id='word_1_97' title='bbox 402 1036 595 1094; x_wconf 86' lang='lat' dir='ltr'>acceptio</span> <span class='ocrx_word' id='word_1_98' title='bbox 619 1038 943 1095; x_wconf 73' lang='lat' dir='ltr'>personarum3‚</span> <span class='ocrx_word' id='word_1_99' title='bbox 969 1044 1013 1080; x_wconf 90' lang='lat' dir='ltr'>et</span> <span class='ocrx_word' id='word_1_100' title='bbox 1040 1037 1085 1080; x_wconf 93' lang='lat' dir='ltr'>in</span> <span class='ocrx_word' id='word_1_101' title='bbox 1106 1037 1229 1095; x_wconf 87' lang='lat' dir='ltr'>cujus</span> <span class='ocrx_word' id='word_1_102' title='bbox 1258 1044 1469 1095; x_wconf 83' lang='lat' dir='ltr'>potestate</span> <span class='ocrx_word' id='word_1_103' title='bbox 1497 1044 1561 1079; x_wconf 87' lang='lat' dir='ltr'>est</span> <span class='ocrx_word' id='word_1_104' title='bbox 1590 1033 1787 1095; x_wconf 88' lang='lat' dir='ltr'>quandiu</span> 
     </span>
     <span class='ocr_line' id='line_1_13' title="bbox 402 1103 1856 1167; baseline 0 -17"><span class='ocrx_word' id='word_1_105' title='bbox 402 1107 586 1166; x_wconf 87' lang='lat' dir='ltr'>quisque</span> <span class='ocrx_word' id='word_1_106' title='bbox 612 1107 657 1152; x_wconf 93' lang='lat' dir='ltr'>in</span> <span class='ocrx_word' id='word_1_107' title='bbox 678 1108 758 1152; x_wconf 85' lang='lat' dir='ltr'>hac</span> <span class='ocrx_word' id='word_1_108' title='bbox 785 1107 873 1152; x_wconf 87' lang='lat' dir='ltr'>vita</span> <span class='ocrx_word' id='word_1_109' title='bbox 894 1116 1090 1163; x_wconf 88' lang='lat' dir='ltr'>maneat,</span> <span class='ocrx_word' id='word_1_110' title='bbox 1115 1123 1215 1167; x_wconf 81' lang='lat' dir='ltr'>quae</span> <span class='ocrx_word' id='word_1_111' title='bbox 1236 1108 1419 1152; x_wconf 87' lang='lat' dir='ltr'>tentatio</span> <span class='ocrx_word' id='word_1_112' title='bbox 1441 1107 1556 1151; x_wconf 86' lang='lat' dir='ltr'>dicta</span> <span class='ocrx_word' id='word_1_113' title='bbox 1573 1115 1638 1151; x_wconf 92' lang='lat' dir='ltr'>est</span> <span class='ocrx_word' id='word_1_114' title='bbox 1658 1120 1787 1164; x_wconf 87' lang='lat' dir='ltr'>super</span> <span class='ocrx_word' id='word_1_115' title='bbox 1853 1103 1856 1105; x_wconf 55' lang='grc'><strong><em>’</em></strong></span> 
     </span>
     <span class='ocr_line' id='line_1_14' title="bbox 401 1178 1787 1238; baseline -0.001 -17"><span class='ocrx_word' id='word_1_116' title='bbox 401 1180 618 1222; x_wconf 51' lang='grc' dir='ltr'>ῐθηειηιῆ)</span> <span class='ocrx_word' id='word_1_117' title='bbox 643 1179 763 1223; x_wconf 87' lang='lat' dir='ltr'>Sicut</span> <span class='ocrx_word' id='word_1_118' title='bbox 784 1194 888 1237; x_wconf 85' lang='lat' dir='ltr'>ergo</span> <span class='ocrx_word' id='word_1_119' title='bbox 907 1188 1126 1238; x_wconf 82' lang='lat' dir='ltr'>coguntur</span> <span class='ocrx_word' id='word_1_120' title='bbox 1148 1178 1297 1232; x_wconf 85' lang='lat' dir='ltr'>fateri,</span> <span class='ocrx_word' id='word_1_121' title='bbox 1321 1178 1487 1222; x_wconf 86' lang='lat' dir='ltr'>donum</span> <span class='ocrx_word' id='word_1_122' title='bbox 1516 1178 1594 1220; x_wconf 90' lang='lat' dir='ltr'>Dei</span> <span class='ocrx_word' id='word_1_123' title='bbox 1621 1191 1711 1220; x_wconf 89' lang='lat' dir='ltr'>esse</span> <span class='ocrx_word' id='word_1_124' title='bbox 1737 1186 1787 1221; x_wconf 91' lang='lat' dir='ltr'>ut</span> 
     </span>
     <span class='ocr_line' id='line_1_15' title="bbox 400 1247 1788 1309; baseline 0.001 -20"><span class='ocrx_word' id='word_1_125' title='bbox 400 1247 524 1292; x_wconf 89' lang='lat' dir='ltr'>finiat</span> <span class='ocrx_word' id='word_1_126' title='bbox 546 1250 678 1293; x_wconf 91' lang='lat' dir='ltr'>homo</span> <span class='ocrx_word' id='word_1_127' title='bbox 705 1251 836 1293; x_wconf 89' lang='lat' dir='ltr'>vitam</span> <span class='ocrx_word' id='word_1_128' title='bbox 858 1250 984 1293; x_wconf 89' lang='lat' dir='ltr'>istam</span> <span class='ocrx_word' id='word_1_129' title='bbox 998 1283 1009 1304; x_wconf 92' lang='lat'>‚</span> <span class='ocrx_word' id='word_1_130' title='bbox 1038 1257 1139 1293; x_wconf 90' lang='lat' dir='ltr'>ante</span> <span class='ocrx_word' id='word_1_131' title='bbox 1159 1264 1292 1309; x_wconf 88' lang='lat' dir='ltr'>quam</span> <span class='ocrx_word' id='word_1_132' title='bbox 1314 1264 1367 1293; x_wconf 84' lang='lat' dir='ltr'>ex</span> <span class='ocrx_word' id='word_1_133' title='bbox 1388 1248 1506 1293; x_wconf 89' lang='lat' dir='ltr'>bono</span> <span class='ocrx_word' id='word_1_134' title='bbox 1527 1256 1722 1292; x_wconf 85' lang='lat' dir='ltr'>mutetur</span> <span class='ocrx_word' id='word_1_135' title='bbox 1743 1248 1788 1291; x_wconf 92' lang='lat' dir='ltr'>in</span> 
     </span>
     <span class='ocr_line' id='line_1_16' title="bbox 398 1317 1790 1377; baseline 0 -16"><span class='ocrx_word' id='word_1_136' title='bbox 398 1317 589 1370; x_wconf 88' lang='lat' dir='ltr'>malum;</span> <span class='ocrx_word' id='word_1_137' title='bbox 614 1335 692 1363; x_wconf 90' lang='lat' dir='ltr'>cur</span> <span class='ocrx_word' id='word_1_138' title='bbox 709 1328 854 1364; x_wconf 86' lang='lat' dir='ltr'>autem</span> <span class='ocrx_word' id='word_1_139' title='bbox 868 1319 960 1363; x_wconf 91' lang='lat' dir='ltr'>aliis</span> <span class='ocrx_word' id='word_1_140' title='bbox 977 1320 1189 1374; x_wconf 87' lang='lat' dir='ltr'>donetur,</span> <span class='ocrx_word' id='word_1_141' title='bbox 1215 1320 1307 1364; x_wconf 91' lang='lat' dir='ltr'>aliis</span> <span class='ocrx_word' id='word_1_142' title='bbox 1331 1335 1420 1364; x_wconf 93' lang='lat' dir='ltr'>non</span> <span class='ocrx_word' id='word_1_143' title='bbox 1442 1318 1648 1374; x_wconf 84' lang='lat' dir='ltr'>donetur,</span> <span class='ocrx_word' id='word_1_144' title='bbox 1668 1319 1790 1377; x_wconf 85' lang='lat' dir='ltr'>igno·</span> 
     </span>
     <span class='ocr_line' id='line_1_17' title="bbox 399 1389 1788 1449; baseline 0.001 -17"><span class='ocrx_word' id='word_1_145' title='bbox 399 1397 498 1432; x_wconf 88' lang='lat' dir='ltr'>rant</span> <span class='ocrx_word' id='word_1_146' title='bbox 521 1407 530 1433; x_wconf 92' lang='lat'>:</span> <span class='ocrx_word' id='word_1_147' title='bbox 555 1389 615 1433; x_wconf 86' lang='lat' dir='ltr'>ita</span> <span class='ocrx_word' id='word_1_148' title='bbox 638 1389 805 1433; x_wconf 89' lang='lat' dir='ltr'>donum</span> <span class='ocrx_word' id='word_1_149' title='bbox 822 1389 901 1433; x_wconf 89' lang='lat' dir='ltr'>Dei</span> <span class='ocrx_word' id='word_1_150' title='bbox 922 1405 1012 1434; x_wconf 88' lang='lat' dir='ltr'>esse</span> <span class='ocrx_word' id='word_1_151' title='bbox 1033 1390 1079 1434; x_wconf 90' lang='lat' dir='ltr'>in</span> <span class='ocrx_word' id='word_1_152' title='bbox 1100 1391 1217 1435; x_wconf 85' lang='lat' dir='ltr'>hono</span> <span class='ocrx_word' id='word_1_153' title='bbox 1240 1391 1603 1449; x_wconf 88' lang='lat' dir='ltr'>perseverantiam</span> <span class='ocrx_word' id='word_1_154' title='bbox 1629 1404 1788 1434; x_wconf 90' lang='lat' dir='ltr'>secun-</span> 
     </span>
     <span class='ocr_line' id='line_1_18' title="bbox 402 1458 1787 1520; baseline 0.001 -19"><span class='ocrx_word' id='word_1_155' title='bbox 402 1458 508 1501; x_wconf 90' lang='lat' dir='ltr'>dum</span> <span class='ocrx_word' id='word_1_156' title='bbox 534 1459 803 1518; x_wconf 86' lang='lat' dir='ltr'>Scripturas,</span> <span class='ocrx_word' id='word_1_157' title='bbox 828 1459 882 1503; x_wconf 86' lang='lat' dir='ltr'>de</span> <span class='ocrx_word' id='word_1_158' title='bbox 910 1460 1070 1519; x_wconf 85' lang='lat' dir='ltr'>quibus</span> <span class='ocrx_word' id='word_1_159' title='bbox 1094 1461 1340 1505; x_wconf 88' lang='lat' dir='ltr'>testimonia</span> <span class='ocrx_word' id='word_1_160' title='bbox 1368 1459 1505 1504; x_wconf 79' lang='lat' dir='ltr'>multa</span> <span class='ocrx_word' id='word_1_161' title='bbox 1521 1461 1610 1520; x_wconf 88' lang='lat' dir='ltr'>jam</span> <span class='ocrx_word' id='word_1_162' title='bbox 1632 1460 1787 1519; x_wconf 81' lang='lat' dir='ltr'>posui,</span> 
     </span>
     <span class='ocr_line' id='line_1_19' title="bbox 401 1527 1786 1587; baseline 0.001 -15"><span class='ocrx_word' id='word_1_163' title='bbox 401 1527 621 1573; x_wconf 82' lang='lat' dir='ltr'>fateantur</span> <span class='ocrx_word' id='word_1_164' title='bbox 651 1529 899 1587; x_wconf 76' lang='lat' dir='ltr'>nobiscum3</span> <span class='ocrx_word' id='word_1_165' title='bbox 937 1538 979 1574; x_wconf 90' lang='lat' dir='ltr'>et</span> <span class='ocrx_word' id='word_1_166' title='bbox 1006 1546 1084 1574; x_wconf 90' lang='lat' dir='ltr'>cur</span> <span class='ocrx_word' id='word_1_167' title='bbox 1108 1530 1199 1575; x_wconf 90' lang='lat' dir='ltr'>aliis</span> <span class='ocrx_word' id='word_1_168' title='bbox 1229 1531 1375 1585; x_wconf 87' lang='lat' dir='ltr'>detur,</span> <span class='ocrx_word' id='word_1_169' title='bbox 1403 1529 1495 1574; x_wconf 90' lang='lat' dir='ltr'>aliis</span> <span class='ocrx_word' id='word_1_170' title='bbox 1517 1546 1607 1575; x_wconf 89' lang='lat' dir='ltr'>non</span> <span class='ocrx_word' id='word_1_171' title='bbox 1628 1529 1786 1586; x_wconf 87' lang='lat' dir='ltr'>detur,</span> 
     </span>
     <span class='ocr_line' id='line_1_20' title="bbox 399 1600 1791 1660; baseline 0.002 -17"><span class='ocrx_word' id='word_1_172' title='bbox 399 1600 490 1643; x_wconf 90' lang='lat' dir='ltr'>sine</span> <span class='ocrx_word' id='word_1_173' title='bbox 521 1615 743 1644; x_wconf 86' lang='lat' dir='ltr'>murmure</span> <span class='ocrx_word' id='word_1_174' title='bbox 764 1601 969 1646; x_wconf 85' lang='lat' dir='ltr'>adversus</span> <span class='ocrx_word' id='word_1_175' title='bbox 991 1604 1130 1646; x_wconf 89' lang='lat' dir='ltr'>Deum</span> <span class='ocrx_word' id='word_1_176' title='bbox 1159 1601 1392 1660; x_wconf 84' lang='lat' dir='ltr'>dignentur</span> <span class='ocrx_word' id='word_1_177' title='bbox 1417 1602 1614 1660; x_wconf 82' lang='lat' dir='ltr'>ignorare</span> <span class='ocrx_word' id='word_1_178' title='bbox 1642 1602 1791 1646; x_wconf 88' lang='lat' dir='ltr'>nobis·</span> 
     </span>
     <span class='ocr_line' id='line_1_21' title="bbox 403 1683 519 1713; baseline -0.009 0"><span class='ocrx_word' id='word_1_179' title='bbox 403 1683 519 1713; x_wconf 90' lang='lat' dir='ltr'>cum.</span> 
     </span>
    </p>

    <p class='ocr_par' dir='ltr' id='par_1_3' title="bbox 402 1740 1851 2511">
     <span class='ocr_line' id='line_1_22' title="bbox 461 1740 1791 1802; baseline 0.002 -19"><span class='ocrx_word' id='word_1_180' title='bbox 461 1742 559 1784; x_wconf 87' lang='lat' dir='ltr'>XX.</span> <span class='ocrx_word' id='word_1_181' title='bbox 582 1742 670 1786; x_wconf 89' lang='lat' dir='ltr'>Nec</span> <span class='ocrx_word' id='word_1_182' title='bbox 689 1755 766 1784; x_wconf 90' lang='lat' dir='ltr'>nos</span> <span class='ocrx_word' id='word_1_183' title='bbox 785 1750 957 1786; x_wconf 89' lang='lat' dir='ltr'>moveat</span> <span class='ocrx_word' id='word_1_184' title='bbox 972 1775 984 1795; x_wconf 89' lang='lat'>,</span> <span class='ocrx_word' id='word_1_185' title='bbox 1009 1741 1129 1801; x_wconf 88' lang='lat' dir='ltr'>quod</span> <span class='ocrx_word' id='word_1_186' title='bbox 1151 1741 1248 1785; x_wconf 83' lang='lat' dir='ltr'>filiis</span> <span class='ocrx_word' id='word_1_187' title='bbox 1269 1742 1356 1786; x_wconf 89' lang='lat' dir='ltr'>suis</span> <span class='ocrx_word' id='word_1_188' title='bbox 1376 1740 1660 1802; x_wconf 88' lang='lat' dir='ltr'>quisbusdam</span> <span class='ocrx_word' id='word_1_189' title='bbox 1677 1744 1791 1786; x_wconf 88' lang='lat' dir='ltr'>Deus</span> 
     </span>
     <span class='ocr_line' id='line_1_23' title="bbox 404 1810 1791 1869; baseline 0.002 -16"><span class='ocrx_word' id='word_1_190' title='bbox 404 1825 493 1854; x_wconf 90' lang='lat' dir='ltr'>non</span> <span class='ocrx_word' id='word_1_191' title='bbox 512 1810 587 1854; x_wconf 88' lang='lat' dir='ltr'>dat</span> <span class='ocrx_word' id='word_1_192' title='bbox 603 1811 726 1854; x_wconf 89' lang='lat' dir='ltr'>istam</span> <span class='ocrx_word' id='word_1_193' title='bbox 750 1812 1128 1869; x_wconf 83' lang='lat' dir='ltr'>perseverantiam.</span> <span class='ocrx_word' id='word_1_194' title='bbox 1160 1813 1284 1856; x_wconf 82' lang='lat' dir='ltr'>Absit</span> <span class='ocrx_word' id='word_1_195' title='bbox 1302 1812 1419 1856; x_wconf 89' lang='lat' dir='ltr'>enim</span> <span class='ocrx_word' id='word_1_196' title='bbox 1444 1820 1495 1855; x_wconf 89' lang='lat' dir='ltr'>ut</span> <span class='ocrx_word' id='word_1_197' title='bbox 1515 1812 1574 1855; x_wconf 85' lang='lat' dir='ltr'>ita</span> <span class='ocrx_word' id='word_1_198' title='bbox 1596 1821 1734 1866; x_wconf 89' lang='lat' dir='ltr'>esset,</span> <span class='ocrx_word' id='word_1_199' title='bbox 1756 1812 1791 1856; x_wconf 89' lang='lat' dir='ltr'>si</span> 
     </span>
     <span class='ocr_line' id='line_1_24' title="bbox 405 1880 1791 1941; baseline 0.002 -17"><span class='ocrx_word' id='word_1_200' title='bbox 405 1882 460 1924; x_wconf 90' lang='lat' dir='ltr'>de</span> <span class='ocrx_word' id='word_1_201' title='bbox 482 1880 564 1924; x_wconf 81' lang='lat' dir='ltr'>itlis</span> <span class='ocrx_word' id='word_1_202' title='bbox 586 1880 902 1939; x_wconf 84' lang='lat' dir='ltr'>praedestinatis</span> <span class='ocrx_word' id='word_1_203' title='bbox 931 1891 1071 1926; x_wconf 86' lang='lat' dir='ltr'>essent</span> <span class='ocrx_word' id='word_1_204' title='bbox 1093 1891 1136 1927; x_wconf 90' lang='lat' dir='ltr'>et</span> <span class='ocrx_word' id='word_1_205' title='bbox 1157 1881 1398 1926; x_wconf 88' lang='lat' dir='ltr'>secundum</span> <span class='ocrx_word' id='word_1_206' title='bbox 1421 1882 1690 1941; x_wconf 84' lang='lat' dir='ltr'>propositum</span> <span class='ocrx_word' id='word_1_207' title='bbox 1713 1897 1791 1927; x_wconf 83' lang='lat' dir='ltr'>vo-</span> 
     </span>
     <span class='ocr_line' id='line_1_25' title="bbox 402 1952 1791 2012; baseline 0.001 -16"><span class='ocrx_word' id='word_1_208' title='bbox 402 1952 530 2005; x_wconf 82' lang='lat' dir='ltr'>catis,</span> <span class='ocrx_word' id='word_1_209' title='bbox 554 1952 630 2010; x_wconf 90' lang='lat' dir='ltr'>qui</span> <span class='ocrx_word' id='word_1_210' title='bbox 657 1966 755 1995; x_wconf 89' lang='lat' dir='ltr'>vere</span> <span class='ocrx_word' id='word_1_211' title='bbox 783 1961 885 1995; x_wconf 90' lang='lat' dir='ltr'>sunt</span> <span class='ocrx_word' id='word_1_212' title='bbox 912 1952 990 1995; x_wconf 89' lang='lat' dir='ltr'>filii</span> <span class='ocrx_word' id='word_1_213' title='bbox 1011 1952 1320 2011; x_wconf 85' lang='lat' dir='ltr'>promissionis.</span> <span class='ocrx_word' id='word_1_214' title='bbox 1353 1955 1463 1998; x_wconf 90' lang='lat' dir='ltr'>Nam</span> <span class='ocrx_word' id='word_1_215' title='bbox 1497 1953 1566 1997; x_wconf 90' lang='lat' dir='ltr'>isti</span> <span class='ocrx_word' id='word_1_216' title='bbox 1597 1968 1700 1997; x_wconf 89' lang='lat' dir='ltr'>cum</span> <span class='ocrx_word' id='word_1_217' title='bbox 1721 1954 1791 2012; x_wconf 90' lang='lat' dir='ltr'>pie</span> 
     </span>
     <span class='ocr_line' id='line_1_26' title="bbox 403 2022 1792 2084; baseline 0.001 -17"><span class='ocrx_word' id='word_1_218' title='bbox 403 2024 574 2076; x_wconf 89' lang='lat' dir='ltr'>vivunt,</span> <span class='ocrx_word' id='word_1_219' title='bbox 594 2022 801 2066; x_wconf 87' lang='lat' dir='ltr'>dicuntur</span> <span class='ocrx_word' id='word_1_220' title='bbox 822 2023 900 2066; x_wconf 83' lang='lat' dir='ltr'>filii</span> <span class='ocrx_word' id='word_1_221' title='bbox 922 2025 999 2067; x_wconf 90' lang='lat' dir='ltr'>Dei</span> <span class='ocrx_word' id='word_1_222' title='bbox 1021 2042 1030 2068; x_wconf 88' lang='lat'><strong>:</strong></span> <span class='ocrx_word' id='word_1_223' title='bbox 1051 2026 1124 2068; x_wconf 88' lang='lat' dir='ltr'>sed</span> <span class='ocrx_word' id='word_1_224' title='bbox 1143 2025 1350 2084; x_wconf 89' lang='lat' dir='ltr'>quoniam</span> <span class='ocrx_word' id='word_1_225' title='bbox 1367 2024 1523 2068; x_wconf 82' lang='lat' dir='ltr'>victuri</span> <span class='ocrx_word' id='word_1_226' title='bbox 1543 2034 1643 2068; x_wconf 91' lang='lat' dir='ltr'>sunt</span> <span class='ocrx_word' id='word_1_227' title='bbox 1658 2025 1792 2084; x_wconf 91' lang='lat' dir='ltr'>impie</span> 
     </span>
     <span class='ocr_line' id='line_1_27' title="bbox 404 2091 1791 2151; baseline 0.001 -14"><span class='ocrx_word' id='word_1_228' title='bbox 404 2102 449 2137; x_wconf 86' lang='lat' dir='ltr'>et</span> <span class='ocrx_word' id='word_1_229' title='bbox 471 2093 514 2136; x_wconf 92' lang='lat' dir='ltr'>in</span> <span class='ocrx_word' id='word_1_230' title='bbox 543 2091 693 2136; x_wconf 86' lang='lat' dir='ltr'>eadem</span> <span class='ocrx_word' id='word_1_231' title='bbox 723 2093 944 2151; x_wconf 87' lang='lat' dir='ltr'>impietate</span> <span class='ocrx_word' id='word_1_232' title='bbox 967 2094 1187 2150; x_wconf 84' lang='lat' dir='ltr'>morituri,</span> <span class='ocrx_word' id='word_1_233' title='bbox 1218 2110 1307 2139; x_wconf 90' lang='lat' dir='ltr'>non</span> <span class='ocrx_word' id='word_1_234' title='bbox 1336 2110 1408 2139; x_wconf 90' lang='lat' dir='ltr'>eos</span> <span class='ocrx_word' id='word_1_235' title='bbox 1431 2094 1538 2139; x_wconf 91' lang='lat' dir='ltr'>dicit</span> <span class='ocrx_word' id='word_1_236' title='bbox 1568 2094 1679 2140; x_wconf 90' lang='lat' dir='ltr'>filios</span> <span class='ocrx_word' id='word_1_237' title='bbox 1714 2098 1791 2145; x_wconf 85' lang='lat' dir='ltr'>Dei</span> 
     </span>
     <span class='ocr_line' id='line_1_28' title="bbox 407 2163 1791 2225; baseline 0.003 -19"><span class='ocrx_word' id='word_1_238' title='bbox 407 2164 675 2223; x_wconf 85' lang='lat' dir='ltr'>praescientia</span> <span class='ocrx_word' id='word_1_239' title='bbox 696 2163 790 2207; x_wconf 91' lang='lat' dir='ltr'>Dei.</span> <span class='ocrx_word' id='word_1_240' title='bbox 817 2166 929 2209; x_wconf 87' lang='lat' dir='ltr'>Sunt</span> <span class='ocrx_word' id='word_1_241' title='bbox 947 2166 1061 2209; x_wconf 92' lang='lat' dir='ltr'>enim</span> <span class='ocrx_word' id='word_1_242' title='bbox 1079 2166 1157 2209; x_wconf 86' lang='lat' dir='ltr'>filii</span> <span class='ocrx_word' id='word_1_243' title='bbox 1175 2167 1267 2220; x_wconf 90' lang='lat' dir='ltr'>Dei,</span> <span class='ocrx_word' id='word_1_244' title='bbox 1288 2167 1361 2225; x_wconf 84' lang='lat' dir='ltr'>qui</span> <span class='ocrx_word' id='word_1_245' title='bbox 1385 2165 1584 2210; x_wconf 91' lang='lat' dir='ltr'>nondum</span> <span class='ocrx_word' id='word_1_246' title='bbox 1601 2175 1703 2210; x_wconf 91' lang='lat' dir='ltr'>sunt</span> <span class='ocrx_word' id='word_1_247' title='bbox 1717 2182 1791 2211; x_wconf 92' lang='lat' dir='ltr'>no-</span> 
     </span>
     <span class='ocr_line' id='line_1_29' title="bbox 405 2233 1851 2296; baseline 0.003 -19"><span class='ocrx_word' id='word_1_248' title='bbox 405 2233 493 2288; x_wconf 87' lang='lat' dir='ltr'>bis,</span> <span class='ocrx_word' id='word_1_249' title='bbox 516 2242 558 2277; x_wconf 85' lang='lat' dir='ltr'>et</span> <span class='ocrx_word' id='word_1_250' title='bbox 580 2242 682 2278; x_wconf 85' lang='lat' dir='ltr'>sunt</span> <span class='ocrx_word' id='word_1_251' title='bbox 697 2235 788 2293; x_wconf 85' lang='lat' dir='ltr'>jam</span> <span class='ocrx_word' id='word_1_252' title='bbox 811 2237 923 2291; x_wconf 79' lang='lat' dir='ltr'>Deo3</span> <span class='ocrx_word' id='word_1_253' title='bbox 947 2234 1002 2279; x_wconf 93' lang='lat' dir='ltr'>de</span> <span class='ocrx_word' id='word_1_254' title='bbox 1024 2237 1185 2295; x_wconf 87' lang='lat' dir='ltr'>quibus</span> <span class='ocrx_word' id='word_1_255' title='bbox 1208 2237 1267 2280; x_wconf 88' lang='lat' dir='ltr'>ait</span> <span class='ocrx_word' id='word_1_256' title='bbox 1289 2235 1554 2296; x_wconf 85' lang='lat' dir='ltr'>evangelista</span> <span class='ocrx_word' id='word_1_257' title='bbox 1575 2238 1788 2292; x_wconf 88' lang='lat' dir='ltr'>Joannes,</span> <span class='ocrx_word' id='word_1_258' title='bbox 1849 2280 1851 2282; x_wconf 82' lang='grc'>.</span> 
     </span>
     <span class='ocr_line' id='line_1_30' title="bbox 409 2306 1792 2369; baseline 0.005 -22"><span class='ocrx_word' id='word_1_259' title='bbox 409 2323 429 2346; x_wconf 74' lang='grc' dir='ltr'>(ι</span> <span class='ocrx_word' id='word_1_260' title='bbox 454 2306 556 2363; x_wconf 88' lang='lat' dir='ltr'>quia</span> <span class='ocrx_word' id='word_1_261' title='bbox 586 2307 710 2349; x_wconf 85' lang='lat' dir='ltr'>Jesus</span> <span class='ocrx_word' id='word_1_262' title='bbox 731 2307 968 2351; x_wconf 80' lang='lat' dir='ltr'>moriturus</span> <span class='ocrx_word' id='word_1_263' title='bbox 990 2317 1081 2351; x_wconf 87' lang='lat' dir='ltr'>erat</span> <span class='ocrx_word' id='word_1_264' title='bbox 1108 2323 1187 2367; x_wconf 89' lang='lat' dir='ltr'>pro</span> <span class='ocrx_word' id='word_1_265' title='bbox 1215 2317 1343 2367; x_wconf 83' lang='lat' dir='ltr'>gente</span> <span class='ocrx_word' id='word_1_266' title='bbox 1359 2343 1370 2363; x_wconf 93' lang='lat'><strong><em>‚</em></strong></span> <span class='ocrx_word' id='word_1_267' title='bbox 1402 2323 1482 2352; x_wconf 90' lang='lat' dir='ltr'>nec</span> <span class='ocrx_word' id='word_1_268' title='bbox 1517 2317 1688 2352; x_wconf 89' lang='lat' dir='ltr'>tantum</span> <span class='ocrx_word' id='word_1_269' title='bbox 1711 2324 1792 2369; x_wconf 86' lang='lat' dir='ltr'>pro</span> 
     </span>
     <span class='ocr_line' id='line_1_31' title="bbox 410 2376 1791 2439; baseline 0.006 -22"><span class='ocrx_word' id='word_1_270' title='bbox 410 2393 430 2417; x_wconf 90' lang='lat'>»</span> <span class='ocrx_word' id='word_1_271' title='bbox 456 2385 614 2433; x_wconf 83' lang='lat' dir='ltr'>gente,</span> <span class='ocrx_word' id='word_1_272' title='bbox 637 2376 712 2419; x_wconf 89' lang='lat' dir='ltr'>sed</span> <span class='ocrx_word' id='word_1_273' title='bbox 732 2377 860 2420; x_wconf 88' lang='lat' dir='ltr'>etiam</span> <span class='ocrx_word' id='word_1_274' title='bbox 892 2386 942 2422; x_wconf 88' lang='lat' dir='ltr'>ut</span> <span class='ocrx_word' id='word_1_275' title='bbox 962 2377 1072 2422; x_wconf 88' lang='lat' dir='ltr'>filios</span> <span class='ocrx_word' id='word_1_276' title='bbox 1103 2379 1179 2422; x_wconf 89' lang='lat' dir='ltr'>Dei</span> <span class='ocrx_word' id='word_1_277' title='bbox 1202 2379 1413 2438; x_wconf 88' lang='lat' dir='ltr'>dispersos</span> <span class='ocrx_word' id='word_1_278' title='bbox 1433 2389 1717 2439; x_wconf 86' lang='lat' dir='ltr'>congregaret</span> <span class='ocrx_word' id='word_1_279' title='bbox 1745 2381 1791 2425; x_wconf 92' lang='lat' dir='ltr'>in</span> 
     </span>
     <span class='ocr_line' id='line_1_32' title="bbox 410 2447 1791 2511; baseline 0.005 -23"><span class='ocrx_word' id='word_1_280' title='bbox 410 2463 430 2486; x_wconf 88' lang='lat'>»</span> <span class='ocrx_word' id='word_1_281' title='bbox 451 2448 614 2490; x_wconf 89' lang='lat' dir='ltr'>unum⁵</span> <span class='ocrx_word' id='word_1_282' title='bbox 633 2465 643 2490; x_wconf 86' lang='grc'>;</span> <span class='ocrx_word' id='word_1_283' title='bbox 663 2464 682 2487; x_wconf 91' lang='lat'>»</span> <span class='ocrx_word' id='word_1_284' title='bbox 707 2447 827 2506; x_wconf 90' lang='lat' dir='ltr'>quod</span> <span class='ocrx_word' id='word_1_285' title='bbox 849 2448 1001 2508; x_wconf 86' lang='lat' dir='ltr'>utique</span> <span class='ocrx_word' id='word_1_286' title='bbox 1021 2448 1239 2493; x_wconf 89' lang='lat' dir='ltr'>credendo</span> <span class='ocrx_word' id='word_1_287' title='bbox 1254 2448 1393 2493; x_wconf 71' lang='lat' dir='ltr'>futuri</span> <span class='ocrx_word' id='word_1_288' title='bbox 1414 2459 1537 2495; x_wconf 89' lang='lat' dir='ltr'>erant</span> <span class='ocrx_word' id='word_1_289' title='bbox 1553 2466 1630 2511; x_wconf 88' lang='lat' dir='ltr'>per</span> <span class='ocrx_word' id='word_1_290' title='bbox 1650 2453 1791 2496; x_wconf 87' lang='lat' dir='ltr'>Evan-</span> 
     </span>
    </p>
   </div>
   <div class='ocr_carea' id='block_1_3' title="bbox 412 2549 1789 2637">
    <p class='ocr_par' dir='ltr' id='par_1_4' title="bbox 412 2549 1789 2637">
     <span class='ocr_line' id='line_1_33' title="bbox 457 2549 1789 2593; baseline 0.002 -13"><span class='ocrx_word' id='word_1_291' title='bbox 457 2555 466 2570; x_wconf 88' lang='lat'>¹</span> <span class='ocrx_word' id='word_1_292' title='bbox 489 2551 579 2580; x_wconf 79' lang='lat' dir='ltr'>Rom.</span> <span class='ocrx_word' id='word_1_293' title='bbox 596 2560 641 2589; x_wconf 75' lang='lat' dir='ltr'>xi,</span> <span class='ocrx_word' id='word_1_294' title='bbox 658 2549 710 2581; x_wconf 80' lang='lat'>33.</span> <span class='ocrx_word' id='word_1_295' title='bbox 726 2567 766 2572; x_wconf 89' lang='lat'>—</span> <span class='ocrx_word' id='word_1_296' title='bbox 782 2557 794 2572; x_wconf 83' lang='lat'><em>²</em></span> <span class='ocrx_word' id='word_1_297' title='bbox 815 2552 887 2593; x_wconf 85' lang='lat' dir='ltr'>Sap.</span> <span class='ocrx_word' id='word_1_298' title='bbox 911 2562 955 2592; x_wconf 79' lang='lat' dir='ltr'>iv,</span> <span class='ocrx_word' id='word_1_299' title='bbox 979 2563 1028 2584; x_wconf 88' lang='lat'>11.</span> <span class='ocrx_word' id='word_1_300' title='bbox 1047 2569 1087 2576; x_wconf 96' lang='lat'>—</span> <span class='ocrx_word' id='word_1_301' title='bbox 1103 2550 1116 2576; x_wconf 81' lang='grc'>3</span> <span class='ocrx_word' id='word_1_302' title='bbox 1136 2554 1226 2584; x_wconf 85' lang='lat' dir='ltr'>Rom.</span> <span class='ocrx_word' id='word_1_303' title='bbox 1246 2563 1291 2591; x_wconf 78' lang='lat' dir='ltr'>lx,</span> <span class='ocrx_word' id='word_1_304' title='bbox 1314 2550 1366 2592; x_wconf 72' lang='lat'>14,</span> <span class='ocrx_word' id='word_1_305' title='bbox 1383 2555 1416 2584; x_wconf 85' lang='lat' dir='ltr'>et</span> <span class='ocrx_word' id='word_1_306' title='bbox 1428 2563 1462 2593; x_wconf 86' lang='grc' dir='ltr'>ιι,</span> <span class='ocrx_word' id='word_1_307' title='bbox 1488 2563 1538 2584; x_wconf 81' lang='lat'>11.</span> <span class='ocrx_word' id='word_1_308' title='bbox 1555 2551 1621 2583; x_wconf 75' lang='lat'>—4</span> <span class='ocrx_word' id='word_1_309' title='bbox 1639 2551 1714 2590; x_wconf 83' lang='lat' dir='ltr'>Job‚</span> <span class='ocrx_word' id='word_1_310' title='bbox 1734 2562 1789 2591; x_wconf 81' lang='lat' dir='ltr'>vu,</span> 
     </span>
     <span class='ocr_line' id='line_1_34' title="bbox 412 2602 771 2637; baseline 0 -2"><span class='ocrx_word' id='word_1_311' title='bbox 412 2615 490 2635; x_wconf 75' lang='grc'>1.-</span> <span class='ocrx_word' id='word_1_312' title='bbox 513 2602 771 2637; x_wconf 0' lang='lat' dir='ltr'>5 loan.x1.51.</span> 
     </span>
    </p>
   </div>
   <div class='ocr_carea' id='block_1_4' title="bbox 1840 0 1884 1338">
    <p class='ocr_par' dir='ltr' id='par_1_5' title="bbox 1840 0 1884 1338">
     <span class='ocr_line' id='line_1_35' title="bbox 1840 0 1884 1338; baseline 0 0"><span class='ocrx_word' id='word_1_313' title='bbox 1840 0 1884 1338; x_wconf 95' lang='lat' dir='ltr'> </span> 
     </span>
    </p>
   </div>
  </div>
 </body>
</html>
