1821 3264
254 268 397 296 opums
430 269 606 297 mannii.
641 268 806 297 CONTRA
839 268 1007 297 JULMN.
1046 271 1126 297 Lm.
1165 271 1212 297 11.
1347 258 1430 298 327

48 347 199 388 mone,
224 347 280 376 ne
302 333 446 376 minus
463 332 667 392 ponderis
689 333 884 388 haberet,
910 334 984 378 sed
1001 333 1223 393 Evangelii
1246 335 1434 379 testimo-

49 404 145 458 nio,
169 403 291 463 quasi
319 404 607 458 auctoratius,
640 402 892 462 denegavit,
914 405 1033 464 quod
1062 420 1139 449 nos
1174 405 1434 464 exponendo

48 473 322 532 Evangelicae
350 473 618 518 reddidimus
642 473 856 531 dignitati.
895 474 1090 534 Apostoli
1113 491 1290 536 quoque
1312 477 1435 521 Pauli

48 544 344 589 testimonium
361 544 526 605 laqueis
549 543 874 589 calumniatoris
888 546 1140 600 exemimus,
1160 555 1202 590 et
1218 547 1437 592 bonorum

47 629 248 660 vasorum
272 615 459 674 figulum
490 618 627 660 Deum
663 624 861 659 nostrum
890 630 979 660 esse
1016 616 1213 661 omnium
1241 617 1438 664 condito-

49 700 162 741 rem,
187 687 406 745 Propheta
428 695 535 731 teste
552 687 899 731 monstravimus.

109 759 406 803 Acon-smmis.
430 757 521 802 Illic
543 757 623 802 tibi
640 772 894 816 responsum
912 766 990 814 est,
1015 766 1058 803 et
1080 767 1296 818 quantum
1318 758 1436 804 aber-

47 828 205 872 raveris
222 843 245 872 a
265 829 444 873 veritate
465 837 770 874 monstratum.

105 900 204 943 XX.
231 901 256 944 J
264 914 461 944 numus.
483 899 558 943 His
586 899 719 958 igitur
738 899 923 943 maxime
951 900 1055 943 actis
1076 899 1122 944 in
1143 901 1285 958 primo
1307 900 1438 958 libro,

45 985 233 1030 quorum
256 986 398 1015 unum
419 970 598 1031 aliquod
621 970 797 1015 abunde
823 970 984 1015 sufficit
1006 970 1062 1015 ad
1080 972 1302 1016 victoriam
1323 974 1439 1018 veri-

46 1041 172 1099 tatis,
191 1055 243 1084 ex
267 1041 513 1086 abundanti
530 1040 735 1101 quidem,
765 1050 959 1101 superest
980 1050 1152 1098 tamen,
1174 1051 1223 1086 ut
1250 1045 1443 1101 Magistri

47 1112 258 1169 gentium,
285 1126 373 1171 qua
395 1130 415 1154 »
439 1127 518 1171 per
553 1128 691 1157 unum
718 1113 942 1157 hominem
976 1121 1204 1171 peccatum
1233 1113 1341 1159 dixit
1371 1115 1442 1158 in-

45 1190 179 1226 trasse
196 1182 242 1225 in
259 1183 476 1226 mundum
491 1184 523 1237 1,
552 1201 572 1224 «
603 1184 866 1228 sententiam
897 1183 1168 1242 disputemus
1190 1202 1200 1228 t
1224 1193 1268 1228 et
1283 1183 1444 1229 defini—

47 1252 261 1308 tionibus,
290 1268 398 1312 quas
434 1254 721 1312 praemisimus
737 1289 748 1307 ‚
785 1269 885 1298 cum
926 1269 1098 1299 necesse
1130 1254 1284 1310 fuerit,
1321 1256 1444 1315 adju-

48 1323 208 1373 vandi:
233 1332 277 1367 et
294 1324 523 1383 probaturi
550 1325 660 1370 nihil
684 1326 892 1370 rationem
918 1324 1048 1370 fuisse
1076 1327 1336 1386 mentitam,
1369 1327 1443 1372 sed

45 1395 270 1455 injustitiae
287 1410 376 1439 esse
394 1396 557 1440 crimen
573 1431 584 1451 ,
605 1396 789 1441 aliorum
809 1397 950 1441 studia
974 1396 1156 1441 aliorum
1170 1398 1338 1442 ortibus
1360 1399 1438 1443 im-

45 1475 200 1526 putare
217 1467 419 1528 ,hocque
442 1468 586 1527 ipsum
609 1467 732 1527 quod
758 1468 957 1527 iniquum
982 1477 1066 1523 est,
1087 1469 1285 1527 quamvis
1308 1484 1438 1514 nemo

44 1538 148 1582 hinc
171 1537 374 1582 dubitare
389 1538 609 1593 debuerit,
629 1547 773 1583 tamen
798 1541 887 1583 Deo
903 1537 1144 1597 displicere,
1157 1548 1200 1582 et
1215 1539 1269 1583 ab
1282 1540 1437 1584 eodem

43 1609 289 1668 prohiberi,
318 1609 576 1654 testimoniis
603 1608 731 1667 legis,
761 1608 830 1654 vel
858 1609 903 1652 in
935 1609 1019 1653 hoc
1044 1608 1177 1664 libro,
1209 1609 1280 1654 vel
1301 1610 1346 1655 in
1367 1626 1436 1656 se-

43 1680 198 1739 quenti
229 1678 496 1724 docebimus.
534 1684 597 1725 Ex
640 1680 800 1740 quibus
843 1668 1082 1725 necessa³rio
1112 1681 1368 1736 conficitur,
1393 1691 1436 1726 et

43 1766 122 1794 nos
144 1750 378 1794 rectissime
395 1750 631 1795 defendere
643 1786 654 1805 ,
679 1751 898 1794 neminem
916 1765 1017 1795 cum
1035 1759 1210 1810 peccato
1228 1752 1366 1807 nasci,
1392 1762 1436 1797 et

43 1824 182 1866 Deum
217 1836 312 1865 reos
345 1836 435 1865 non
468 1837 590 1880 posse
622 1820 819 1882 judicare
850 1830 1075 1866 nascentes
1109 1841 1117 1866 :
1144 1837 1192 1866 ac
1214 1837 1291 1880 per
1322 1823 1431 1878 hoc,

43 1900 132 1936 tam
158 1892 379 1951 integrum
407 1907 497 1936 esse
525 1892 713 1936 liberum
736 1892 981 1947 arbitrium,
1004 1907 1135 1952 quam
1154 1902 1254 1938 ante
1272 1892 1433 1938 volun-

43 1962 141 2007 tatis
164 1964 351 2022 propriae
370 1978 497 2007 usum
516 1964 735 2008 innoxiam
757 1964 801 2007 in
824 1979 1094 2023 unoquoque
1114 1972 1330 2008 naturam.

102 2037 398 2080 Acon-smnus.
433 2036 525 2091 Dic,
551 2034 775 2080 videamus
802 2035 922 2095 quod
944 2035 998 2080 de
1019 2035 1215 2095 Apostoli
1236 2036 1433 2082 testimo-

43 2105 117 2150 nio
139 2105 335 2151 dicturus
350 2121 409 2163 es,
433 2116 521 2152 tam
539 2107 741 2161 inaniter,
762 2122 894 2166 quam
915 2107 1134 2165 superiora
1152 2106 1309 2151 dixisti.

102 2178 222 2220 XXI.
248 2179 475 2223 Jummns.
496 2177 762 2222 Manichaeos
795 2186 941 2221 autem
975 2186 1018 2221 et
1040 2176 1190 2236 pietati
1212 2186 1255 2221 et
1278 2178 1432 2222 rationi

42 2245 249 2299 rebelles,
269 2248 346 2308 qui
362 2257 519 2307 putent
536 2257 579 2291 et
599 2256 700 2292 ante
719 2257 892 2307 tempus
913 2246 1150 2292 voluntatis
1168 2263 1258 2292 esse
1278 2263 1432 2308 pecca-

43 2327 155 2373 tum,
175 2319 296 2378 quod
317 2335 461 2364 rerum
485 2328 640 2364 natura
668 2334 758 2364 non
780 2319 908 2377 sinit,>
934 2328 978 2364 et
1002 2322 1141 2364 Deum
1165 2335 1270 2374 esse,
1298 2335 1430 2379 quem

43 2399 404 2447 argumentantur
434 2390 671 2450 injustum3
702 2399 746 2435 et
771 2390 982 2434 infamare
1019 2400 1186 2434 sanctas
1224 2391 1426 2449 paginas,

43 2475 230 2519 quarum
252 2463 545 2523 monumentis
567 2462 742 2522 probari
768 2461 958 2521 allegant
973 2463 1136 2506 crimen
1159 2462 1396 2507 divinitatis
1418 2481 1427 2508 :

44 2530 165 2590 quod
186 2546 288 2576 cum
304 2546 357 2578 ex
376 2533 516 2578 tribus
536 2533 646 2578 nihil
663 2541 795 2592 queat
809 2532 977 2578 ratione
998 2532 1254 2588 monstrari,
1278 2531 1324 2577 id
1341 2541 1450 2583 est„

98 2619 213 2650 ιΙίοῐη.
233 2628 268 2659 v,
292 2626 340 2650 12.
