1884 3285
453 210 507 246 20
888 226 921 250 s.
956 223 1185 253 AUGUSTINI
1217 229 1397 260 EPISCOPI

445 284 536 326 Deo
576 282 765 328 donante
797 285 832 328 si
867 298 1122 345 perseveret,
1169 292 1245 337 sed
1276 295 1466 344 humana
1494 301 1718 350 voluntate
1750 308 1820 353 fa-

444 353 607 412 ciente3
649 355 754 413 quid
787 355 1016 404 moliturus
1050 376 1094 406 es
1121 372 1270 409 contra
1293 369 1422 414 verba
1450 371 1657 430 dicentis,
1694 394 1714 418 «
1735 380 1820 423 Ro-

443 438 464 461 »
491 424 584 479 gavi
610 439 686 482 pro
721 434 787 481 te,
824 429 970 485 Petre,
1008 446 1063 475 ne
1094 431 1265 479 deficiat
1296 437 1401 483 fides
1424 445 1555 487 tua1?
1580 461 1599 485 »
1634 447 1704 490 An
1737 462 1818 492 au—

438 490 559 535 debis
598 493 741 540 dicere
784 498 912 544 etiam
952 512 1129 560 rogante
1166 506 1339 553 Christo
1374 526 1429 555 ne
1464 513 1668 561 deficeret
1709 518 1816 563 fides

436 561 576 618 Petri,
603 563 871 612 defecturam
897 569 1028 617 fuisse
1044 574 1078 616 si
1102 577 1252 621 Petrus
1269 592 1363 622 eam
1385 579 1568 628 deficere
1588 586 1809 644 voluisset,

431 628 514 674 hoc
543 641 628 688 est,
659 635 693 678 si
727 651 820 681 eam
851 654 988 700 usque
1022 643 1067 686 in
1096 643 1227 689 finem
1263 662 1534 706 perseverare
1571 654 1813 702 noluisset?

428 702 549 759 quasi
566 703 683 749 aliud
706 709 856 752 Petrus
877 710 969 755 ullo
991 714 1121 759 modo
1147 716 1300 773 vellet,
1324 735 1455 779 quam
1474 738 1554 781 pro
1574 724 1650 770 illo
1667 727 1812 773 Chris-

427 779 495 815 tus
515 786 705 832 rogasset
718 787 767 822 ut
783 780 927 826 vellet.
955 785 1063 830 Nam
1085 788 1181 846 quis
1202 788 1394 848 ignorat,
1421 802 1525 838 tunc
1546 793 1679 841 fuisse
1694 801 1808 857 peri-

424 849 565 886 turam
587 845 718 890 fidem
744 851 879 905 Petri,
900 852 934 896 si
950 868 1000 898 ea
1019 871 1106 915 qua
1123 857 1262 903 fidelis
1279 871 1386 917 erat,
1411 864 1612 910 voluntas
1626 867 1717 926 ipsa
1734 869 1806 914 de-

420 909 591 972 ficeret3
612 924 654 958 et
671 932 993 975 permansuram
1006 959 1018 980 ,
1039 926 1073 969 si
1087 927 1237 973 eadem
1255 931 1455 977 voluntas
1475 940 1696 982 maneret?
1720 940 1806 983 Sed

417 981 517 1038 quia
544 1001 563 1024 «
598 999 864 1045 praeparatur
897 992 1099 1040 voluntas
1128 1014 1151 1042 a
1186 1002 1422 1062 Domin023
1448 1023 1468 1046 >›
1495 1006 1593 1051 ideo
1622 1023 1700 1067 pro
1727 1009 1803 1055 illo

415 1050 574 1097 Christi
595 1071 685 1101 non
706 1071 849 1118 posset
865 1079 955 1108 esse
976 1066 1114 1112 inanis
1133 1072 1287 1117 oratio.
1312 1076 1499 1127 Quando
1515 1080 1683 1138 rogavit
1697 1096 1800 1139 ergo

411 1134 467 1163 ne
489 1122 595 1167 fides
617 1128 706 1186 ejus
721 1130 950 1190 deficeret,
977 1137 1085 1196 quid
1104 1139 1222 1185 aliud
1245 1145 1433 1200 rogavit,
1453 1148 1534 1191 nisi
1549 1157 1597 1192 ut
1619 1150 1799 1195 haberet

408 1188 455 1233 in
481 1192 567 1236 fide
587 1195 850 1247 liberrimam
866 1239 877 1259 ,
904 1206 1177 1253 fortissimam
1190 1245 1201 1265 ,
1221 1212 1546 1260 invictissimam
1562 1252 1572 1272 ,
1594 1234 1794 1278 perseve-

407 1263 692 1312 rantissimam
710 1272 1007 1319 voluntatem?
1028 1281 1142 1323 Ecce
1164 1285 1537 1340 quemadmodum
1552 1292 1791 1336 secundum

405 1331 586 1387 gratiam
608 1338 700 1392 Dei,
721 1354 811 1384 non
833 1353 983 1388 contra
1005 1361 1122 1403 eam,
1147 1349 1324 1397 libertas
1345 1355 1597 1403 defenditur
1630 1361 1789 1406 volun-

404 1401 514 1444 tatis.
547 1405 758 1454 Voluntas
779 1413 942 1473 quippe
963 1416 1152 1463 humana
1176 1437 1265 1465 non
1286 1423 1485 1471 libertate
1508 1434 1791 1491 consequitur

401 1471 598 1527 gratiam,
624 1477 700 1521 sed
719 1483 853 1538 gratia
872 1486 1015 1542 potius
1034 1487 1296 1548 libertatem,
1321 1505 1363 1538 et
1386 1507 1691 1557 utperseveret
1708 1502 1788 1547 de-

329 1582 333 1585 ,
398 1536 643 1589 lectabilem
664 1554 1021 1612 perpetuitatem,
1050 1568 1092 1602 et
1109 1560 1446 1622 insuperabilem
1461 1567 1780 1619 fortitudinem.

454 1612 620 1657 XVIII.
661 1619 911 1666 Mirandum
949 1636 1013 1670 est
1049 1629 1225 1688 quidem
1243 1668 1253 1687 ,
1299 1634 1580 1698 multumque
1618 1642 1783 1687 miran—

394 1678 517 1734 dum,
542 1685 661 1742 quod
685 1687 782 1733 filiis
795 1694 881 1736 suis
903 1696 1165 1754 quibusdam
1190 1704 1303 1747 Deus
1325 1722 1433 1765 quos
1455 1714 1781 1768 regeneravitin

392 1748 579 1807 Christo,
602 1756 761 1814 quibus
784 1762 938 1819 fidem,
962 1781 1105 1825 spem,
1125 1769 1403 1820 dilectionem
1427 1778 1570 1834 dedit,
1593 1797 1681 1826 non
1703 1782 1779 1828 dat

390 1826 779 1887 perseverantiam3
805 1847 903 1876 eum
932 1834 1030 1879 filiis
1052 1838 1200 1884 alienis
1226 1844 1384 1890 scelera
1409 1856 1529 1894 tanta
1558 1851 1772 1907 dimittat,

387 1895 517 1947 atque
535 1891 751 1952 impertita
775 1904 910 1958 gratia
931 1904 1062 1951 saciat
1084 1908 1195 1955 filios
1209 1927 1322 1958 suos.
1352 1918 1457 1969 Quis
1480 1920 1563 1964 hoc
1584 1937 1672 1966 non
1688 1925 1772 1967 mi-

385 1962 533 2002 retur?
554 1964 649 2021 quis
673 1966 755 2012 hoc
776 1985 866 2015 non
888 1975 1263 2026 vehementissime
1291 1992 1490 2046 stupeat?
1523 1993 1608 2036 Sed
1641 1994 1769 2039 etiam

383 2025 494 2072 illud
527 2046 616 2077 non
639 2036 783 2083 minus
802 2042 960 2087 mirum
982 2056 1073 2102 est,
1105 2059 1148 2094 et
1171 2060 1316 2099 tamen
1344 2073 1518 2116 verum,
1551 2072 1683 2123 atque
1709 2066 1768 2111 ita

381 2099 684 2160 manifestum,
712 2117 762 2153 ut
788 2125 869 2155 nec
892 2113 972 2172 ipsi
995 2116 1159 2163 inimici
1188 2124 1335 2179 gratiae
1362 2130 1436 2173 Dei
1465 2134 1688 2190 quomodo
1721 2138 1766 2180 id

378 2180 537 2225 negent
564 2174 736 2222 valeant
767 2179 982 2238 invenire,
1009 2189 1128 2246 quod
1151 2191 1260 2237 filios
1294 2198 1503 2255 quosdam
1527 2204 1762 2251 amicorum

377 2251 553 2286 suorum
585 2279 596 2298 ,
622 2246 706 2291 hoc
727 2259 811 2305 est,
836 2266 1186 2312 regeneratorum
1209 2264 1514 2329 bonorumque
1539 2273 1757 2333 fidelium,

377 2306 468 2351 sine
503 2311 718 2370 baptismo
749 2319 850 2365 hinc
880 2325 1081 2380 parvulos
1111 2343 1335 2390 exeuntes,
1363 2340 1520 2396 quibus
1551 2344 1704 2403 utique
1724 2347 1759 2390 si

373 2378 503 2423 vellet
526 2382 654 2443 hujus
670 2386 828 2434 lavacri
848 2396 1024 2450 gratiam
1048 2413 1317 2459 procuraret,
1336 2407 1378 2449 in
1401 2411 1522 2469 cujus
1546 2423 1756 2469 potestate

370 2458 471 2491 sunt
489 2454 654 2510 omnia,
682 2457 839 2505 alienat
861 2479 884 2506 a
907 2479 1039 2524 regno
1061 2484 1161 2525 suo,
1188 2489 1277 2532 quo
1291 2489 1487 2535 parentes
1506 2484 1639 2529 mittit
1655 2485 1753 2532 illo-

418 2536 426 2552 ¹
447 2533 523 2565 Luc.
545 2546 618 2578 xxn,
640 2539 692 2573 32.
708 2559 748 2567 -
766 2550 778 2567 ²
796 2546 886 2580 Prov.
914 2559 988 2591 vni,
1002 2551 1097 2593 juxta
1115 2556 1212 2589 Lxx.
