1884 3285
439 261 523 299 486
653 273 796 300 OPERIS
828 275 1002 301 lMPEnF.
1037 275 1197 302 CONTRA
1231 277 1396 305 JumAn.
1434 279 1516 308 Lm.
1552 282 1599 307 11.

435 335 586 379 Velitis
605 370 614 389 ‚
642 336 811 390 nolitis,
842 356 861 377 «
883 340 962 380 Per
990 353 1126 382 unum
1149 340 1367 385 hominem
1389 352 1615 401 peceatum
1636 346 1811 392 intravit

436 423 454 445 »
480 405 525 447 in
543 404 755 448 mundum
769 440 779 451 ,
800 414 843 448 et
863 421 937 464 per
956 416 1179 464 peecatum
1197 425 1327 464 mom,
1347 420 1390 455 et
1411 412 1468 456 ita
1490 414 1534 456 in
1556 429 1706 459 omnes
1728 416 1810 461 ho-

435 492 454 514 »
480 474 618 518 mines
647 475 936 533 pertransiit¹.
966 495 985 517 »
1011 477 1127 529 Quid
1146 488 1211 524 est
1232 481 1312 535 ita,
1347 481 1428 526 nisi
1449 497 1526 540 per
1552 493 1777 542 peceatum
1796 521 1807 540 ‚

430 559 521 588 non
541 545 632 588 sine
653 547 860 604 peceato?
882 548 1032 606 Neque
1053 548 1168 593 enim
1185 552 1463 609 pertransiret
1481 568 1616 609 mors,
1636 556 1718 600 nisi
1733 557 1812 600 du·
1860 600 1868 608 ,

430 624 556 658 cente
578 625 756 674 peccato
783 635 792 661 :
819 632 934 661 mors
954 618 1070 661 enim
1095 630 1320 678 peccatum
1341 623 1536 682 sequitur
1550 658 1561 680 ,
1587 640 1676 669 non
1697 641 1813 685 prae-

430 683 559 728 cedit.
596 685 708 730 Hinc
729 695 832 731 sunt
864 702 1012 731 omnes
1035 689 1217 734 miseriae
1252 692 1499 737 mortalium
1528 710 1552 738 a
1574 695 1644 738 die
1671 697 1810 741 exitus

427 753 483 797 de
505 764 654 798 ventre
680 756 828 799 matris
855 771 1028 812 eorum,
1054 759 1164 803 sicut
1193 762 1402 821 scriptum
1431 772 1510 808 est.
1537 766 1651 817 Quas
1683 767 1806 811 mise-

426 825 508 867 rias
535 840 610 869 vos
634 840 735 869 eum
761 827 852 870 sine
880 826 970 872 ullo
992 839 1170 888 peceato
1195 832 1388 877 accidere
1421 833 1562 879 dicitis
1588 836 1779 895 parvulis
1795 873 1807 894 ‚

425 895 634 953 injustum
658 898 796 940 Deum
818 912 918 942 vere
935 914 1010 943 vos
1032 900 1194 960 faciti33
1214 904 1478 948 Manieliaeos
1500 913 1646 949 autem
1668 907 1810 951 horri-

427 964 570 1008 biliter
593 964 804 1025 adjuvatis
829 986 838 1012 ε
869 968 931 1012 illi
957 970 1071 1013 enim
1087 1005 1098 1025 ‚
1125 987 1181 1015 ne
1215 972 1375 1018 faciant
1403 974 1613 1032 injustum
1642 979 1779 1021 Deum
1795 1013 1807 1033 ,

424 1035 523 1079 istas
556 1036 744 1081 miserias
769 1053 791 1081 a
820 1039 1045 1083 nativitate
1072 1042 1322 1086 mortalium
1354 1044 1616 1090 immutabili
1645 1055 1812 1092 naturae

424 1104 524 1149 mali
542 1115 585 1150 et
602 1107 657 1150 ab
676 1108 758 1151 alio
774 1109 987 1167 principio
1003 1111 1194 1155 venienti
1212 1112 1466 1158 substantiae
1480 1116 1680 1162 tribuunt
1695 1127 1809 1163 tene-

424 1175 629 1219 hrarum‘2
654 1195 661 1221 :
692 1192 801 1236 quos
823 1179 978 1238 impios
1006 1180 1134 1225 simul
1152 1192 1195 1226 et
1216 1198 1290 1228 vos
1310 1185 1424 1243 ipsos
1445 1186 1578 1231 vincit
1598 1187 1810 1234 catholica

421 1246 530 1290 fides
546 1282 557 1302 ‚
582 1264 681 1306 quae
703 1249 782 1292 ista
805 1250 949 1303 omnia
973 1262 1152 1310 peceato
1173 1253 1237 1298 illi
1260 1255 1441 1312 tribuit,
1465 1258 1586 1316 quod
1609 1274 1659 1302 ex
1681 1260 1808 1319 primi

421 1317 607 1361 hominis
631 1318 857 1364 voluntate
879 1322 1056 1365 intravit
1078 1324 1122 1366 in
1145 1325 1359 1369 mundum
1390 1345 1398 1370 :
1423 1328 1541 1387 quod
1569 1338 1714 1374 secuta
1747 1340 1810 1376 est

421 1402 535 1432 mors
557 1389 685 1433 etiam
715 1390 815 1446 ista,
849 1408 948 1451 quae
975 1392 1131 1452 fugans
1154 1397 1365 1451 animam,
1390 1413 1546 1457 corpus
1571 1399 1806 1459 interimit3

422 1473 553 1517 quam
570 1475 646 1504 vos
665 1461 832 1505 homini
850 1462 1016 1507 etiamsi
1033 1480 1121 1509 non
1138 1476 1353 1525 peccasset
1370 1503 1381 1523 ,
1404 1469 1543 1513 dicitis
1558 1470 1809 1516 naturaliter

420 1527 551 1572 fuisse
573 1540 820 1575 venturam.
848 1533 974 1577 Unde
995 1536 1212 1594 sequitur,
1229 1547 1300 1593 ut,
1327 1554 1417 1584 non
1437 1539 1577 1585 solum
1594 1541 1713 1586 illam
1731 1543 1808 1587 im-

419 1599 632 1657 periosam
664 1601 891 1646 libidinem
916 1638 927 1659 ‚
970 1621 1058 1664 qua
1096 1607 1277 1652 nimium
1316 1608 1616 1668 delectami1153
1656 1628 1806 1658 verum

420 1670 549 1713 etiam
583 1671 927 1718 molestissimam
956 1674 1146 1731 febrem,
1174 1687 1442 1740 caeterosque
1467 1682 1807 1729 innumerabiles

418 1740 590 1784 morbos
609 1776 619 1796 ‚
645 1743 804 1801 quibus
822 1744 1020 1789 videmus
1042 1747 1226 1793 afflictos
1248 1750 1450 1808 parvulos
1471 1754 1634 1808 emori,
1660 1754 1704 1797 in
1727 1770 1806 1813 pa—

418 1809 557 1854 radiso
574 1810 745 1857 futuros
764 1813 895 1859 fuisse
915 1815 1068 1861 dicatis
1087 1852 1097 1873 ,
1118 1819 1282 1864 etiamsi
1297 1836 1426 1866 nemo
1445 1832 1684 1882 peccasset3
1704 1825 1806 1884 quia

415 1880 505 1924 sine
527 1881 657 1927 ullius
675 1886 840 1942 peceati
858 1888 1012 1932 merito
1028 1889 1121 1933 haec
1138 1893 1306 1951 perpeti
1321 1893 1523 1951 parvulos
1543 1894 1697 1940 dicitis.
1718 1898 1805 1941 Co·

416 1950 563 1996 hibete
585 1968 660 1998 vos
677 1989 688 2010 ‚
714 1972 885 2015 quaeso,
914 1973 1013 2003 cum
1036 1958 1151 2007 falsis
1174 1970 1216 2005 et
1240 1963 1375 2007 noxiis
1395 1963 1599 2009 laudibus
1619 1967 1770 2011 vestris
1789 1987 1800 2024 3

414 2021 614 2069 cohibete
635 2040 713 2070 vos
746 2027 801 2070 ab
826 2025 1067 2074 infantibus
1091 2040 1135 2074 et
1158 2031 1442 2089 lactentibus,
1463 2051 1572 2095 quos
1595 2045 1801 2096 tanquam

415 2093 525 2137 nihil
546 2095 648 2139 mali
663 2097 896 2154 habentes,
922 2101 1090 2146 erudeli
1109 2118 1252 2148 errore
1269 2105 1453 2150 laudatis
1475 2127 1484 2151 ε
1509 2108 1564 2152 ad
1580 2109 1801 2153 Christum

414 2161 692 2210 liberatorem
715 2169 861 2213 venire
884 2170 1134 2217 liberandos
1164 2175 1364 2233 parvulos
1398 2177 1578 2237 sinite³;
1603 2180 1798 2223 miseram

413 2243 613 2279 naturam
631 2272 642 2291 ,
667 2254 799 2297 quam
816 2241 982 2285 vitiavit
1007 2243 1137 2289 homo
1158 2247 1344 2304 primus,
1370 2257 1419 2292 ut
1435 2258 1555 2293 sanet
1577 2250 1709 2294 homo
1730 2265 1798 2294 se-

412 2304 581 2350 cundus
599 2341 609 2361 ‚
630 2307 731 2353 victi
753 2313 1024 2372 correctique
1042 2316 1292 2372 permittite.

460 2408 468 2421 ¹
490 2404 581 2434 Rom.
603 2413 634 2442 v,
655 2412 704 2435 12.
724 2422 760 2429 --
778 2412 789 2427 ²
806 2406 901 2438 Eccli.
924 2418 975 2444 n,
1004 2407 1111 2439 1.—3
1129 2411 1244 2442 Matth.
1265 2423 1331 2451 xxx,
1361 2411 1407 2452 ¹4·

623 2549 724 2577 FINIS
749 2551 844 2580 'ram
873 2552 1083 2583 (JENTEfflMl
1109 2555 1578 2590 QUADRAGESlMI—TFRTH.
