1821 3264
266 250 406 279 oratus
440 252 615 279 leEnF.
651 253 814 282 comitti
847 258 1015 286 sunm.
1052 260 1134 287 Lm.
1172 263 1218 288 ιι.
1355 251 1431 290 401

62 313 296 358 necessario
332 314 446 370 dici,
486 332 574 362 non
619 333 786 378 semper
827 323 1123 369 accedentium
1162 326 1217 370 ad
1255 328 1435 386 gratiam

61 398 195 429 unum
217 392 377 429 statum
404 399 516 444 esse3
541 396 584 431 et
604 388 688 433 hoc
703 392 897 450 Apostoli
923 393 1111 450 dictum,
1146 413 1166 438 «
1192 398 1256 440 Ex
1288 397 1436 442 multis

38 483 39 486 =
65 473 83 495 »
103 452 268 498 delictis
281 454 326 497 in
335 455 722 514 justificationem1‚
741 478 760 501 »
773 460 818 504 in
839 462 987 508 adulta
1005 464 1162 520 solum,
1183 481 1272 510 non
1289 476 1435 511 autem

37 556 39 559 <
60 523 187 568 etiam
207 524 252 568 in
271 524 407 583 prima
428 535 556 571 aetate
572 527 796 588 compleri.

115 596 406 639 Anat-smus.
448 597 697 642 Secundum
720 608 794 643 tua
816 600 1086 660 vaniloquia,
1115 619 1195 648 nec
1224 605 1267 648 in
1292 604 1439 649 adulta

0 683 2 687 ·
35 655 182 708 {aetate
200 665 446 724 completur
475 687 482 711 ε
516 669 721 728 quoniam
745 670 870 714 multi
891 670 1028 715 adulti
1052 673 1215 717 habent
1247 674 1437 732 singula,

0 753 2 757 ³
58 734 256 792 (etiamsi
284 737 526 782 secundum
554 754 628 783 vos
652 755 741 784 non
769 741 932 785 habent
962 743 1209 801 originalia,
1237 750 1249 792 )
1283 745 1442 804 quibus

0 826 1 829 ¹
58 805 238 864 contigit
258 808 405 851 venire
422 808 477 852 ad
495 809 775 869 baptismum,
802 812 979 871 quando
993 828 1170 871 peccare
1192 824 1441 874 coeperunt,

32 888 35 919 ’.
59 873 188 935 aliqui
216 876 380 922 habent
401 879 530 924 etiam
552 880 833 939 paucissima,
866 897 954 925 non
982 890 1128 927 tamen
1157 883 1292 928 multa
1320 904 1328 928 :
1354 900 1443 929 non

0 977 1 980 ,
59 960 158 1004 ergo
189 948 474 1006 pertinebunt
502 949 556 994 ad
593 951 708 995 hanc
730 951 910 1009 gratiam
939 952 1123 1009 Christi,
1159 955 1365 1012 quoniam
1395 970 1444 998 ex

32 1008 34 1027 ³
58 1014 203 1060 multis
225 1017 392 1063 delictis
413 1018 486 1064 illa
511 1021 745 1080 justificat,
771 1036 871 1080 quae
893 1036 982 1065 non
1009 1021 1175 1066 habent
1198 1023 1266 1066 isti
1287 1043 1295 1067 ε
1327 1023 1446 1082 quod

0 1112 1 1118 κ
31 1078 33 1106 ³
57 1087 91 1131 si
119 1088 314 1147 quisquis
337 1089 471 1148 sapit,
508 1091 794 1136 ineffabiliter
815 1090 986 1150 desipit.
1008 1095 1203 1150 Agnosce
1225 1093 1445 1138 Christum

29 1170 33 1225 ᾖ
57 1171 107 1201 ex
127 1156 275 1202 multis
297 1158 465 1204 delictis
481 1161 812 1221 justificantem,
837 1161 1092 1221 salvumque
1113 1161 1344 1206 facientem
1369 1177 1448 1220 po-

29 1263 31 1267 ,
58 1226 210 1287 pulum
228 1244 373 1285 suum,
391 1239 433 1275 et
448 1231 494 1274 in
509 1230 660 1275 iisdem
679 1230 827 1275 multis
842 1231 1087 1291 intelligens
1104 1247 1227 1291 posse
1244 1247 1448 1291 quorum-

28 1347 31 1351 ,
56 1296 161 1342 libet
182 1308 225 1343 et
249 1315 386 1359 pauca
413 1310 456 1345 et
477 1301 647 1361 singula
677 1302 944 1361 computari,
969 1301 1059 1346 noli
1088 1303 1143 1346 ab
1175 1303 1257 1346 hoc
1283 1301 1448 1361 populo

27 1387 30 1425 θ
56 1376 216 1412 sortem
235 1370 489 1415 subtrahere
511 1370 821 1431 parvulorum3
842 1371 971 1416 etiam
988 1371 1090 1430 ipsis
1107 1370 1236 1416 crede
1253 1386 1449 1416 necessa-

26 1476 27 1482 ,
56 1437 168 1482 rium
198 1454 288 1484 esse
309 1442 454 1484 Jesum
473 1475 484 1496 ‚
507 1442 584 1501 qui
611 1442 696 1486 hoc
725 1457 815 1486 non
841 1450 1037 1496 vocatur,
1062 1442 1143 1485 nisi
1161 1443 1261 1501 quia
1280 1441 1448 1485 salvum

26 1511 29 1546 ἑ
54 1506 159 1551 iacit
180 1508 395 1568 populum
413 1526 559 1566 suum,
575 1511 620 1554 in
639 1526 728 1571 quo
742 1510 896 1570 utique
912 1519 1015 1554 sunt
1031 1520 1074 1555 et
1095 1510 1283 1569 parvuli,
1299 1526 1322 1553 a
1344 1525 1451 1568 pec-

25 1596 30 1630 e·
56 1577 163 1622 catis
187 1583 382 1623 eorum².

25 1750 28 1793 ἕ

113 1651 316 1695 CXXIX.
342 1652 571 1695 humo-s.
599 1669 619 1692 «
657 1652 783 1696 Nunc
814 1664 917 1694 vero
951 1663 1092 1694 assero
1132 1657 1449 1707 consequenter

25 1715 28 1740 ²
55 1718 164 1763 nihil
186 1720 445 1779 Apostolum
463 1721 519 1764 de
538 1720 781 1765 Manichaea
794 1719 973 1763 traduce
995 1719 1283 1778 suspicatum,
1308 1727 1448 1762 osten-

24 1796 27 1834 Ξ
57 1788 119 1834 dit
141 1792 304 1851 quippe
331 1791 387 1835 ad
409 1805 580 1849 gravem
604 1792 809 1851 injuriam
832 1790 1049 1849 pertinere
1069 1789 1392 1846 mysteriorum,
1414 1788 1446 1831 si

13 1876 26 1902 ·1

57 1871 412 1922 compararentur
430 1878 505 1922 per
524 1871 678 1907 cuncta
700 1861 903 1921 peccatis,
919 1860 964 1904 id
980 1869 1059 1914 est,
1078 1860 1215 1904 sinon
1229 1858 1447 1903 efficacius

15 1951 25 1973 ε1
57 1932 280 1992 prodesset
301 1933 452 1992 gratia,
478 1948 610 1994 quam
634 1932 775 1992 culpae
793 1930 931 1976 forma
957 1930 1188 1975 nocuisset.
1213 1930 1445 1974 Maximam

58 2018 160 2063 ergo
183 2003 428 2048 christianae
450 2004 552 2047 fidei
575 2003 829 2060 dignitatem
860 2002 903 2045 in
933 2016 984 2045 eo
1013 2000 1215 2058 magister
1251 1999 1444 2056 gentium

58 2073 309 2129 collocavit,
333 2074 453 2134 quod
476 2089 570 2118 eam
595 2071 826 2117 affirmavit
841 2081 1042 2116 attestare
1060 2071 1256 2115 delictis:
1279 2070 1336 2114 ob
1366 2071 1450 2113 hoc

57 2144 120 2189 illi
150 2161 266 2190 curae
294 2144 402 2200 fuit,
435 2154 484 2189 ut
515 2144 678 2189 morbis
712 2143 933 2188 veteribus
954 2141 1182 2186 medicinae
1220 2139 1450 2199 praeferret

54 2215 281 2260 effectum.
311 2233 330 2256 n

117 2289 410 2331 Auooszrmus.
448 2288 572 2330 Hanc
599 2283 859 2329 medicinam
884 2285 1047 2342 negatis
1082 2283 1271 2344 parvulis
1293 2317 1302 2335 ,
1340 2295 1449 2341 quos

58 2355 165 2402 falsa
194 2366 237 2401 et
263 2357 438 2401 inimica
469 2354 721 2400 defensione
754 2352 892 2398 salvos
921 2368 1010 2398 esse
1046 2353 1322 2399 contenditis.
1362 2349 1445 2395 Sed

60 2429 174 2472 Deus
195 2443 368 2482 eorum,
393 2427 469 2487 qui
485 2442 537 2471 ex
554 2441 627 2471 ore
644 2424 878 2469 infantium
903 2434 1033 2484 atque
1050 2425 1330 2469 lactentium³
1356 2436 1447 2464 me-

10 2509 23 2550 :3
61 2497 217 2543 dicinae
238 2513 326 2542 suae
348 2498 517 2557 perficit
537 2496 712 2541 laudem
729 2530 739 2550 ‚
764 2495 961 2554 profecto
983 2504 1025 2538 et
1045 2509 1121 2539 vos
1138 2493 1344 2548 destruit,
1369 2491 1446 2552 qui
1500 2533 1506 2538 .

111 2589 121 2604 ¹
143 2584 234 2615 Rom.
254 2592 288 2620 v,
314 2581 364 2614 16.
384 2597 426 2606 --
443 2588 455 2605 ²
474 2580 589 2614 Matth.
609 2591 632 2619 1,
653 2589 707 2612 21.
726 2595 767 2602 ·-
783 2576 797 2602 3
819 2577 899 2611 Psal.
920 2589 993 2617 vui,
1011 2578 1042 2611 3.

249 2645 397 2676 cxmu.
1212 2632 1263 2670 26
