1884 3285
426 228 509 266 206
844 238 876 261 s.
915 232 1146 264 AUGUSTINI
1180 236 1361 264 EPISCOPI

424 311 532 346 esset
557 300 806 344 innocentia
828 310 1058 356 creaturae,
1079 311 1121 346 et
1143 301 1248 362 quid
1266 300 1432 361 justitia
1448 302 1678 346 Creatoris.
1699 303 1806 355 Quis

423 380 567 416 autern
590 386 679 416 non
709 369 878 426 videat,
904 371 939 415 si
960 371 1124 415 habent
1146 371 1341 431 parvuli,
1373 371 1545 430 qualem
1573 371 1803 431 praedicas,

422 442 715 486 innocentiam
729 477 740 497 ,
764 443 809 486 in
831 442 944 500 gravi
962 443 1070 502 jugo
1092 444 1241 488 eorum
1264 442 1342 488 Dei
1358 457 1445 487 non
1464 458 1554 488 esse
1567 443 1807 504 justitiam?

422 515 556 557 Porro
575 513 676 573 quia
697 513 743 557 in
759 514 865 572 jugo
884 514 1003 573 gravi
1021 529 1171 559 eorum
1194 514 1339 559 divina
1348 514 1516 575 justitia
1533 523 1620 573 est3
1639 530 1730 560 non
1742 524 1807 560 est
1826 563 1829 566 Α

421 582 467 626 in
489 584 548 627 eis
577 582 695 638 talis,
722 583 899 643 qualom
928 583 1131 644 praedicas
1147 622 1158 641 ‚
1190 586 1454 631 innocentia.
1481 586 1572 632 Nisi
1593 584 1705 631 forte
1727 585 1808 632 tibi
1827 616 1833 634 2

420 653 467 698 in
487 654 571 699 hac
591 655 835 714 quaestione
855 655 1100 712 laboranti,
1120 661 1233 702 Deus
1252 660 1392 717 justus
1415 656 1616 718 quidem,
1640 656 1715 701 sed
1737 657 1808 701 in-

421 724 573 769 firmus
589 727 780 785 quodam
804 727 936 771 modo
960 727 1190 772 subvenire
1212 729 1399 788 poterit,
1421 729 1524 788 quia
1546 728 1631 772 suis
1652 729 1807 787 imagi-

420 795 550 839 nibus
568 830 578 849 ‚
613 811 669 840 ne
697 796 951 843 innocentes
978 799 1116 857 gravis
1145 801 1240 860 jugi
1269 800 1437 844 miseria
1473 808 1774 860 premerentur
1791 834 1802 856 ,

420 866 652 911 subvenire
679 883 769 913 non
802 870 947 928 potuit
975 889 984 914 z
1022 879 1073 914 ut
1106 886 1207 915 eum
1241 871 1356 916 dicas
1385 871 1570 916 voluisse
1601 871 1804 932 quidem,

420 936 523 996 quia
543 938 685 997 justus
713 948 802 995 est,
837 940 912 984 sed
939 956 1029 985 non
1057 942 1248 1001 potuisse
1281 943 1382 1002 quia
1410 942 1684 1002 omnipotens
1717 955 1808 986 non

421 1016 483 1053 est
510 1027 519 1053 :
545 1018 676 1069 atque
693 1011 753 1055 ita
777 1011 831 1055 de
852 1011 919 1055 his
942 1013 1149 1072 augustiis
1173 1028 1316 1068 exeas,
1343 1022 1394 1058 ut
1416 1011 1519 1057 fidei
1547 1021 1680 1072 caput
1705 1027 1808 1071 per·
1838 1070 1842 1076 ι

419 1078 516 1133 das,
537 1096 624 1139 qua
646 1081 732 1124 fide
749 1082 948 1140 primitus
966 1083 1010 1126 in
1030 1082 1240 1140 Symbolo
1255 1085 1515 1127 confitemur
1536 1082 1712 1127 credere
1729 1097 1809 1127 nos

419 1149 466 1194 in
486 1153 625 1195 Deum
649 1155 819 1196 Patrem
844 1154 1205 1212 omnipotentem.
1232 1157 1347 1198 Deus
1368 1154 1502 1213 igitur
1526 1164 1651 1210 tuus,
1676 1155 1722 1198 in
1743 1163 1809 1199 tot

420 1229 462 1264 et
483 1222 614 1266 tantis
636 1222 760 1267 malis
783 1239 881 1283 quae
902 1224 1069 1283 parvuli
1093 1225 1341 1284 patiuntur,
1375 1234 1449 1270 aut
1473 1226 1706 1286 justitiam,
1732 1234 1808 1270 aut

419 1292 780 1350 omnipotentiam
797 1329 807 1348 ,
834 1303 909 1338 aut
929 1294 1065 1354 ipsam
1091 1310 1237 1339 curam
1261 1311 1405 1340 rerum
1427 1296 1719 1341 humanarum
1742 1304 1807 1340 est

419 1363 668 1421 perditurus
690 1384 697 1409 :
723 1364 954 1424 quodlibet
987 1376 1134 1412 autem
1157 1368 1339 1412 istorum
1368 1358 1546 1434 dixeris,
1571 1368 1671 1414 vide
1696 1367 1806 1428 quid

419 1434 526 1478 eris?

480 1507 528 1548 L.
565 1508 590 1549 J
595 1526 607 1548 ι
625 1523 792 1552 mnus.
822 1525 842 1549 «
870 1507 1061 1552 Amolire
1082 1517 1125 1552 te
1149 1509 1298 1569 itaque
1318 1524 1418 1553 cum
1441 1508 1516 1554 tali
1540 1512 1630 1554 Deo
1652 1517 1731 1554 tuo
1750 1508 1806 1553 de

419 1574 711 1620 Ecclesiarum
743 1577 888 1622 medio
914 1597 922 1623 :
957 1594 1047 1623 non
1075 1588 1138 1623 est
1169 1580 1281 1638 ipse,
1312 1580 1704 1636 cui-Patriarchae,
1735 1578 1808 1623 cui

419 1647 649 1705 Prophetae
665 1683 676 1702 ‚
703 1648 773 1692 cui
795 1649 1018 1708 Apostoli,
1043 1649 1347 1706 crediderunt,
1371 1652 1418 1695 in
1444 1667 1532 1711 quo
1555 1651 1744 1710 speravit
1764 1658 1808 1694 et

417 1727 561 1775 sperat
594 1720 786 1764 Ecclesia
814 1720 1133 1780 primitivorum
1160 1738 1260 1781 quae
1288 1723 1532 1781 conscripta
1558 1731 1621 1766 est
1643 1722 1688 1766 in
1715 1737 1808 1767 coe-

417 1785 493 1831 lis1
522 1807 531 1833 ε
557 1804 646 1834 non
671 1799 735 1834 est
755 1790 846 1850 ipse
866 1806 998 1850 quem
1027 1791 1163 1836 credit
1179 1791 1372 1852 judicem
1396 1792 1664 1837 rationabilis
1686 1807 1808 1837 crea-

383 1871 385 1873 ·
417 1865 544 1916 tura3
574 1876 707 1919 quem
739 1862 922 1920 Spiritus
950 1872 1122 1907 sanctus
1150 1863 1265 1922 juste
1287 1863 1587 1923 judicaturum
1616 1878 1706 1908 esse
1727 1863 1808 1908 de—

417 1929 605 1974 nuntiat.
638 1933 774 1976 Nemo
795 1931 1077 1991 prudentium
1098 1968 1108 1987 ‚
1133 1949 1213 1992 pro
1234 1933 1320 1978 tale
1348 1935 1532 1979 Domino
1562 1950 1693 1978 suum
1717 1948 1805 1978 un-

416 2014 549 2057 quam
566 2003 820 2060 sanguinem
837 2002 1020 2047 fudisset
1042 2022 1050 2048 ε
1072 2019 1153 2048 nec
1167 2005 1283 2048 enim
1297 2006 1546 2050 merebatur
1559 2005 1806 2050 dilectionis

417 2070 626 2115 affectum
641 2107 652 2128 ‚
673 2082 722 2117 ut
736 2074 1019 2133 suscipiendae
1036 2090 1116 2134 pro
1133 2092 1174 2119 se
1191 2091 1300 2121 onus
1317 2076 1562 2136 imponeret
1581 2076 1800 2137 passionis.
1851 2092 1853 2095 ’

417 2144 641 2188 Postremo
666 2143 745 2189 iste
767 2160 899 2205 quem
925 2145 1119 2201 inducis,
1153 2147 1187 2190 si
1220 2156 1329 2191 esset
1356 2148 1524 2207 uspiam
1544 2182 1555 2204 ‚
1579 2163 1678 2192 reus
1697 2159 1807 2193 con-³
1831 2203 1834 2206 Ι

415 2214 663 2259 vinceretur
693 2231 804 2272 esse,
832 2232 919 2261 non
943 2216 1072 2276 deus3
1096 2218 1357 2278 judicandus
1388 2235 1411 2263 a
1434 2235 1536 2264 vero
1565 2223 1654 2264 Deo
1674 2234 1800 2275 meo,

415 2299 505 2330 non
537 2286 808 2345 judicaturus
838 2303 916 2347 pro
954 2290 1057 2333 Deo.
1093 2290 1149 2332 Ut
1175 2289 1306 2347 igitur
1342 2290 1479 2349 prima
1508 2290 1611 2335 fidei
1640 2289 1804 2335 funda·
1849 2287 1853 2295 ’

415 2367 561 2402 menta
583 2374 842 2418 cognoscas3
866 2368 1011 2404 noster
1029 2362 1164 2414 DeuS‚
1189 2360 1395 2405 Ecclesiae
1416 2361 1642 2406 catholicae
1664 2365 1800 2418 Deus,

415 2428 654 2474 substantia
677 2430 802 2475 nobis
823 2431 998 2489 ignotus
1020 2439 1115 2485 est,
1143 2439 1186 2474 et
1212 2431 1266 2475 ab
1295 2440 1471 2491 aspectu
1506 2432 1702 2477 similiter
1732 2447 1804 2477 re-

414 2501 614 2558 motus23
639 2515 771 2559 quem
792 2499 902 2546 vidit
922 2515 1052 2545 nemo
1073 2501 1328 2558 hominum,
1354 2516 1435 2547 nec
1457 2501 1604 2548 videre
1629 2511 1800 2563 potest3
1842 2557 1846 2561 ⁴

467 2589 476 2607 ¹
496 2582 598 2617 Hebr.
617 2594 675 2627 xit,
697 2585 751 2618 23.
771 2601 810 2608 -
826 2591 838 2608 ²
858 2596 870 2618 1
891 2585 970 2618 Tim.
992 2595 1040 2625 vi,
1063 2584 1115 2617 16.
