1884 3285
424 256 474 293 12
848 265 880 288 s·
916 259 1146 287 AUGUsTml
1179 261 1359 290 EPISGOPI

419 331 464 373 in
485 328 645 373 malum
668 327 805 371 libero
828 325 968 370 amisit
990 324 1182 370 arbitrio.
1213 327 1299 379 Qui
1320 326 1354 370 si
1375 327 1649 387 correptione
1680 343 1797 374 com·
1864 333 1867 375 ἓ

420 408 605 458 punctus
627 396 855 441 salubriter
876 396 1056 456 ingemit
1075 431 1086 450 ,
1111 405 1153 440 et
1176 397 1232 440 ad
1253 396 1405 442 similia
1430 398 1545 443 bona
1576 413 1705 458 opera
1726 401 1796 445 vel

418 470 546 514 etiam
568 468 745 513 meliora
768 468 998 513 revertitur
1030 487 1038 511 ε
1070 482 1227 526 nempe
1253 467 1324 512 hic
1346 468 1613 528 apertissime
1636 470 1796 516 utilitas

416 539 696 598 correptionis
721 547 914 599 apparet.
948 536 1031 582 Sed
1051 553 1127 597 per
1146 538 1367 583 hominem
1393 541 1608 600 correptio
1638 541 1725 587 sive
1748 556 1799 586 ex

416 610 625 654 charitate
647 610 714 665 sit,
743 610 831 655 sive
853 625 942 654 non
964 610 1032 665 sit,
1058 617 1203 653 tamen
1228 618 1277 653 ut
1296 619 1496 671 correpto
1518 611 1682 671 prosit,
1708 627 1798 657 non

416 682 496 726 nisi
517 698 594 742 per
611 685 748 726 Deum
770 682 833 725 fit.

476 755 530 797 X.
576 757 644 797 An
682 753 825 797 adhuc
858 761 900 797 et
929 753 1008 796 iste
1037 752 1187 797 nolens
1226 753 1411 813 corripi,
1442 762 1586 813 potest
1611 753 1755 799 dicere
1787 773 1797 801 ;

418 843 439 866 «ι
458 822 574 877 Quid
599 838 678 882 ego
699 822 783 868 feci
803 859 814 878 ,
840 823 916 884 qui
942 838 1030 867 non
1063 824 1209 883 accepi
1236 844 1243 868 :
1280 843 1299 866 »
1330 839 1463 884 quem
1489 833 1658 870 constat
1680 839 1802 870 acce-

418 895 553 954 pisse,
580 903 621 938 et
644 909 719 938 sua
749 893 876 954 culpa
899 893 1018 955 quod
1040 903 1265 954 acceperat
1293 895 1517 940 amisisse?
1542 915 1562 937 «
1592 899 1798 952 Possum,

417 965 573 1026 inquit,
596 981 768 1025 possum
795 966 989 1021 omnino,
1011 967 1188 1025 quando
1211 981 1280 1010 me
1302 966 1457 1024 arguis,
1475 966 1595 1027 quod
1615 982 1666 1010 ex
1687 967 1802 1012 bona

415 1036 565 1080 vitain
583 1036 740 1080 malam
760 1052 852 1081 mea
875 1035 1100 1081 voluntate
1122 1036 1313 1096 relapsus
1335 1052 1446 1092 sum,
1473 1037 1616 1081 dicere
1639 1038 1798 1083 adhue:

417 1108 533 1161 Quid
552 1123 632 1166 ego
654 1107 759 1163 feci,
783 1109 858 1168 qui
881 1124 969 1153 non
996 1109 1170 1168 accepi?
1197 1110 1356 1168 Accepi
1383 1109 1497 1153 enim
1513 1109 1676 1164 fidem,
1702 1125 1803 1170 quae

416 1194 493 1239 per
531 1179 805 1223 dilectionem
842 1189 1046 1239 operatur
1071 1199 1079 1224 ε
1122 1179 1196 1224 sed
1232 1181 1276 1223 iu
1312 1179 1382 1223 illa
1417 1195 1555 1239 usque
1591 1181 1637 1223 in
1669 1181 1802 1226 finem

417 1251 777 1309 perseverantiam
802 1266 889 1295 non
912 1251 1070 1310 accepi.
1099 1254 1166 1294 An
1191 1251 1421 1311 quisquam
1454 1251 1599 1295 dicere
1626 1251 1804 1297 audebit

416 1322 539 1364 istam
572 1322 932 1380 perseverantiam
965 1337 1053 1366 non
1083 1337 1173 1365 esse
1204 1321 1368 1366 donum
1405 1323 1507 1377 Dei,
1542 1332 1584 1367 et
1606 1324 1688 1367 hoc
1715 1333 1801 1368 tam

416 1406 623 1449 magnum
654 1392 819 1436 bonum
845 1392 903 1435 ita
924 1407 1013 1436 esse
1036 1400 1230 1436 nostrum
1247 1427 1257 1446 ,
1284 1402 1333 1437 ut
1351 1393 1547 1452 quisquis
1568 1392 1612 1436 id
1635 1394 1804 1438 habue-

417 1462 488 1517 rit,
504 1477 591 1506 non
610 1462 647 1506 ei
665 1463 792 1522 possit
811 1463 1043 1522 Apostolus
1060 1463 1226 1507 dicere:
1245 1463 1390 1516 «Quid
1407 1464 1520 1508 enim
1537 1463 1670 1508 habes
1683 1464 1803 1525 quod

423 1554 440 1574 »
466 1548 555 1577 non
577 1533 776 1593 accepisti
792 1537 823 1588 1,
843 1552 862 1575 »
888 1534 1093 1593 quoniam
1116 1534 1199 1578 hoc
1220 1534 1278 1578 sic
1297 1534 1428 1578 habet
1450 1544 1602 1579 utnon
1622 1551 1805 1596 accepe-

417 1605 473 1649 rit
499 1607 517 1648 Ρ
541 1623 561 1645 »
592 1604 659 1648 Ad
681 1605 774 1649 haec
797 1621 875 1650 nos
903 1621 1060 1664 negare
1084 1605 1261 1665 quidem
1285 1621 1374 1651 non
1391 1622 1620 1667 possumus
1638 1643 1649 1663 ,
1675 1608 1805 1653 etiam

416 1677 779 1735 perseverantiam
814 1676 859 1720 in
897 1676 1014 1720 bono
1049 1677 1347 1736 proficientem
1387 1692 1526 1738 usque
1557 1679 1600 1721 in
1643 1679 1776 1723 finem
1791 1713 1802 1733 ‚

418 1762 624 1804 magnum
647 1761 736 1791 esse
766 1747 842 1791 Dei
872 1762 1030 1791 munus
1060 1766 1068 1791 :
1094 1763 1174 1791 nec
1210 1762 1298 1791 esse
1330 1747 1410 1791 nisi
1433 1748 1488 1791 ab
1522 1746 1598 1792 illo
1630 1747 1686 1792 de
1717 1764 1806 1809 quo

417 1819 626 1877 scriptum
649 1828 712 1862 est
743 1839 752 1862 ;
782 1836 801 1859 «
826 1820 965 1861 Omne
987 1817 1139 1862 datum
1161 1820 1376 1876 optimum
1413 1827 1455 1862 et
1478 1834 1608 1862 omne
1637 1818 1806 1866 donum

420 1890 692 1949 »perfectum
707 1889 933 1933 desursum
949 1898 1028 1943 est,
1040 1887 1306 1933 descendens
1322 1906 1344 1933 a
1366 1893 1490 1934 Patre
1505 1888 1723 1934 luminum
1740 1893 1772 1935 ².
1783 1912 1801 1933 »

420 1962 503 2005 Sed
533 1976 622 2004 non
642 1960 740 2004 ideo
761 1969 823 2003 est
845 1962 934 2019 ejus
955 1961 1031 2020 qui
1059 1976 1147 2004 non
1170 1961 1506 2019 perseveraverit
1526 1961 1803 2021 ,negligenda

417 2032 651 2091 correptio,
684 2047 739 2076 ne
756 2030 867 2076 forte
884 2031 958 2075 det
981 2030 1042 2075 illi
1064 2034 1176 2075 Deus
1189 2032 1563 2091 poenitentiam,et
1584 2033 1805 2092 resipiscat

418 2103 473 2148 de
487 2103 649 2148 diaboli
667 2104 1176 2164 laqueis3.Correptionis
1197 2105 1361 2163 quippe
1376 2103 1554 2148 utilitati
1569 2105 1681 2149 hanc
1703 2121 1804 2150 sen·-

421 2176 597 2219 tentiam
615 2175 838 2234 subjunxit
860 2173 1108 2233 ApostoluS‚
1135 2174 1298 2229 dicens,
1321 2175 1431 2219 sicut
1458 2190 1586 2234 supra
1609 2191 1804 2221 comme-

419 2247 583 2290 moravi
605 2266 614 2291 :
642 2265 662 2288 (ι
680 2248 791 2290 Cum
814 2244 1025 2288 modestia
1044 2246 1346 2304 corripientem
1367 2244 1534 2289 diversa
1552 2247 1801 2303 sentientes,

423 2336 442 2359 »
468 2317 700 2377 nequando
722 2315 796 2359 det
816 2314 896 2359 illis
914 2317 1026 2359 Deus
1047 2315 1392 2375 poenitentiam⁴.
1417 2334 1436 2357 »
1459 2318 1564 2360 Nam
1587 2317 1621 2360 si
1644 2316 1804 2362 dixeri-

420 2405 513 2433 mus
526 2389 649 2432 istam
665 2387 1025 2448 perseverantiam
1039 2396 1125 2430 tam
1144 2386 1409 2431 laudabilem
1435 2396 1611 2448 tamque
1633 2388 1804 2435 felicem

419 2463 478 2506 sic
498 2476 586 2505 esse
608 2460 816 2515 hominis,
841 2467 889 2503 ut
911 2460 948 2502 ei
967 2475 1056 2503 non
1077 2459 1130 2503 sit
1151 2474 1201 2502 ex
1219 2462 1330 2516 Deo,
1352 2458 1462 2503 illud
1484 2460 1684 2519 primitus
1701 2476 1804 2505 eva·

419 2547 616 2587 cuamus,
634 2530 753 2591 quod
774 2531 832 2575 ait
850 2530 1057 2575 Dominus
1073 2533 1224 2575 Petro:
1247 2550 1267 2572 «
1293 2533 1386 2589 Ego
1400 2531 1546 2589 rogavi
1564 2547 1643 2590 pro
1666 2541 1724 2588 te,
1749 2547 1804 2576 ne

470 2626 476 2641 ι
504 2630 514 2651 1
538 2621 609 2651 Cor.
631 2629 673 2657 lv,
694 2628 724 2659 7.
742 2633 783 2640 —
799 2624 809 2638 ⁷-
830 2616 941 2649 Jacob.
964 2628 985 2657 1,
1010 2627 1109 2659 132-
1132 2615 1143 2636 ⁷²·
1163 2627 1181 2648 2
1198 2617 1278 2649 Tim.
1298 2629 1330 2654 ιι,
1351 2617 1587 2652 25.-—41bi‹1.
