1821 3264
251 239 396 268 oPEms
429 240 604 268 IMPERF·
641 240 803 268 com-M
837 242 874 268 n
890 241 1006 269 Lim.
1042 243 1124 270 mn.
1162 245 1191 270 1.
1333 234 1416 272 205

32 320 116 365 que
139 305 278 363 perire
297 305 562 350 debuerunt.
589 306 740 350 Aliena
762 317 864 351 sunt
880 342 890 361 ,
916 307 990 353 sed
1009 318 1188 368 paterna
1209 319 1311 354 sunt
1334 329 1342 355 z
1369 325 1417 355 ac

32 391 108 436 per
138 376 221 420 hoc
245 378 343 436 jure
367 377 662 421 seminationis
691 386 822 438 atque
851 380 1173 436 germinationis
1201 391 1243 425 et
1271 391 1415 426 nostra

32 454 148 491 sunt.
194 447 299 499 Quis
341 447 395 490 ab
433 448 513 491 hac
556 448 796 506 perditione
828 448 1011 504 liberat,
1057 450 1136 493 nisi
1182 452 1258 510 qui
1300 453 1418 497 venit

33 531 228 577 quaerere
250 517 371 576 quod
393 518 638 577 perierat1?
674 521 724 561 In
754 519 812 562 eis
845 534 948 577 ergo
970 535 1078 579 quos
1102 520 1289 575 liberat,
1323 538 1418 566 am-

33 586 276 647 plectamur
298 587 636 633 misericordiam
657 608 666 633 2
690 589 733 632 in
751 589 810 633 eis
832 597 976 633 autem
996 606 1104 649 quos
1124 606 1212 635 non
1233 591 1413 647 liberat,

32 672 313 716 agnoscamus
326 658 541 717 judicium
555 658 894 703 occultissimum
913 660 1109 719 quidem,
1129 660 1204 705 sed
1221 662 1312 706 sine
1327 662 1416 707 ulla

30 727 306 772 dubitatione
317 728 615 787 justissimum.

87 800 246 842 XLIX.
260 801 487 844 Jummus.
506 820 521 839 «
538 803 753 857 Pugnasse
771 800 948 859 quidem
967 817 1066 845 cum
1086 803 1282 861 principe
1300 812 1417 847 tenc-

29 870 205 914 hrarum
231 873 367 914 Deum
392 870 514 925 lucis,
540 871 808 915 Manichacus
830 872 969 926 finxit,
996 882 1038 916 et
1060 873 1270 931 credidit3
1294 874 1418 918 addi-

29 939 180 1000 ditque
198 975 208 995 ,
245 942 336 1000 ejus
363 941 578 1000 captivam
609 942 745 985 teneri
778 943 823 985 in
853 943 935 986 hoc
959 943 1064 987 orbe
1093 944 1379 988 substantiam
1404 964 1413 989 2

29 1009 103 1054 sed
125 1019 290 1054 tantam
319 1011 616 1056 infelicitatem
639 1011 784 1056 colore
810 1013 978 1071 pietatis
1007 1013 1160 1057 nititur
1182 1029 1385 1058 excusare
1402 1049 1414 1069 ,

29 1082 248 1126 affirmans
270 1098 372 1126 eum
399 1083 521 1143 quasi
546 1083 711 1128 bonum
741 1099 820 1142 pro
845 1084 979 1142 patria
1007 1083 1230 1129 dimicasse
1252 1085 1414 1140 civem,

29 1161 158 1212 atque
181 1154 279 1198 ideo
302 1154 510 1214 objecisse
533 1155 728 1199 membra
748 1189 758 1209 ,
785 1170 839 1198 ne
862 1155 1062 1213 perderet
1085 1171 1230 1213 regna.
1261 1159 1323 1200 Tu
1343 1156 1417 1216 qui

28 1222 121 1266 haec
144 1222 378 1278 didiceras,
405 1234 618 1284 quantum
643 1241 691 1268 ea
710 1224 778 1269 vel
794 1224 848 1268 ad
868 1235 1037 1284 tempus
1059 1225 1297 1270 deserendo
1313 1241 1418 1285 pro-

29 1293 178 1338 feceris
199 1295 368 1339 intuere
395 1315 402 1339 :
429 1296 534 1340 dieis
551 1331 561 1350 ,
591 1300 729 1340 Deum
752 1296 1050 1341 necessitatem
1082 1313 1169 1341 non
1191 1297 1418 1356 pertulisse

29 1363 157 1419 belli,
191 1364 267 1409 sed
301 1365 574 1425 iniquitatem
613 1366 832 1411 admisisse
864 1367 1039 1426 judicii,
1069 1383 1149 1412 nec
1182 1370 1419 1412 tenebrosis

29 1435 256 1491 hostibus,
287 1438 358 1481 sed
398 1438 635 1497 perspicuis
667 1438 887 1498 subjacere
916 1439 1192 1495 criminibusg
1219 1454 1308 1482 non
1339 1440 1419 1482 im-

29 1507 205 1566 pertisse
223 1516 439 1567 postremo
456 1509 743 1553 substantiam
761 1524 898 1563 suam,
920 1509 994 1553 sed
1013 1518 1220 1552 aeternam
1239 1508 1418 1552 violasse

25 1578 249 1638 justitiam.
277 1582 374 1632 Quo
401 1580 496 1640 quis
519 1589 711 1625 vestrum
734 1582 854 1640 pejor
885 1581 959 1635 sit,
993 1580 1083 1624 aliis
1111 1579 1416 1625 aestimandum

30 1649 244 1710 relinquo.
272 1650 388 1695 Illud
411 1660 555 1696 tamen
575 1651 735 1712 liquet,
763 1651 818 1695 ad
841 1667 978 1695 unum
1001 1667 1077 1696 vos
1097 1652 1312 1711 opinionis
1338 1667 1417 1695 ne·-

31 1719 93 1764 fas
120 1721 275 1766 redire.
301 1724 410 1768 Nam
433 1732 476 1767 et
498 1723 763 1768 Manichaeus
787 1722 1021 1766 subscribit
1043 1722 1302 1781 inquitatem
1330 1725 1418 1766 Deo

30 1807 133 1847 suo,
153 1808 253 1836 cum
271 1808 371 1836 eum
395 1792 551 1851 allegat
573 1793 882 1837 damnaturum
900 1793 946 1836 in
963 1792 1120 1837 ultimo
1135 1792 1205 1836 die
1223 1792 1417 1836 membra

30 1878 130 1922 quae
146 1863 320 1907 tradidit
337 1882 345 1908 2
363 1873 405 1907 ct
417 1875 459 1907 tu
473 1878 548 1923 per
564 1864 645 1907 hoc
658 1863 782 1906 illum
796 1863 945 1907 asseris
959 1861 1194 1916 infelicem,
1210 1877 1288 1920 per
1299 1862 1420 1921 quod

32 1933 224 1992 corrupit
254 1933 434 1992 gloriam
457 1949 543 1993 qua
571 1932 769 1987 cluebat,
801 1942 843 1976 et
875 1932 1176 1992 persequendo
1204 1933 1418 1975 innocen-

31 2004 134 2048 tiam
154 2020 283 2064 quam
308 2005 490 2060 creavit,
511 2003 699 2064 perdidit
712 2004 924 2065 justitiam
943 2020 1028 2064 qua
1047 2004 1300 2048 sacerrimus
1315 2003 1414 2046 fuit.

33 2078 220 2119 Tantum
247 2075 377 2133 igitur
400 2077 523 2131 huic,
560 2091 691 2136 quem
718 2085 767 2119 tu
795 2074 992 2130 inducis,
1026 2078 1115 2119 Deo
1136 2110 1146 2129 ,
1181 2074 1254 2118 ille
1285 2089 1417 2134 quem

30 2146 229 2203 magister
262 2154 363 2190 tuus
400 2154 672 2189 commentus
708 2145 850 2189 fuerat
867 2180 877 2199 ,
919 2144 1136 2189 antecellit
1155 2180 1165 2196 ,
1201 2154 1418 2205 quantum

31 2215 338 2271 excusabilius,
362 2215 510 2275 praelio
533 2226 781 2275 superatum
804 2231 893 2260 esse
911 2231 1043 2275 quam
1065 2216 1184 2259 vitio.
1216 2234 1234 2255 η

89 2291 331 2332 Arotsnm
347 2303 380 2330 s,
419 2287 460 2332 Si
484 2288 560 2331 tibi
583 2286 724 2346 placet
746 2287 994 2331 innocentia
1018 2285 1298 2346 parvulorum
1314 2321 1324 2340 ,
1350 2300 1418 2329 re-

32 2373 158 2402 move
191 2357 245 2401 ab
275 2358 356 2411 eis,
387 2357 420 2401 si
443 2366 592 2416 potes,
619 2372 747 2415 grave
778 2359 935 2417 jugum
966 2357 1086 2417 quod
1120 2366 1184 2400 est
1206 2372 1334 2415 super
1363 2356 1417 2398 sl-

31 2426 109 2472 lios
131 2428 269 2472 Adam
290 2444 312 2471 a
330 2427 399 2472 die
417 2429 555 2472 exitus
574 2428 627 2472 de
649 2437 801 2472 ventre
819 2429 965 2472 matris
983 2430 1174 2471 eorum‘2.
1204 2426 1287 2471 Sed
1311 2435 1417 2485 puto

33 2497 151 2558 quod
181 2499 426 2558 Scriptura,
454 2514 553 2558 quae
582 2500 665 2543 hoc
694 2497 824 2552 dixit,
856 2497 1009 2542 melius
1040 2506 1079 2541 tc
1108 2505 1286 2540 noverat
1311 2495 1417 2554 quid

81 2589 88 2606 ³
111 2584 186 2615 Luc.
209 2595 271 2624 xlx,
297 2593 346 2616 10.
364 2600 402 2606 —
422 2589 433 2605 2
455 2582 554 2616 Eccli.
574 2595 626 2624 nr,
651 2594 678 2615 1.
