1884 3285
410 283 494 321 360
831 290 864 315 s.
901 284 1134 316 Aucus-nm
1166 286 1348 314 EPISCOPI

407 358 483 404 sed
504 364 713 413 mortem,
745 368 846 399 cum
875 354 1071 412 superius
1103 353 1280 408 dixeriS,
1305 351 1563 411 Apostolum
1584 351 1683 396 ideo
1700 366 1789 397 non
1845 367 1878 403 :³-

404 427 514 472 duos
529 425 744 479 homines,
769 424 845 469 sed
863 440 1001 468 unum
1016 423 1268 478 inculcasse,
1285 432 1336 467 ut
1352 421 1529 467 doceret
1546 422 1786 468 imitatione
1846 428 1848 463 ἑ

403 497 602 543 transisse
618 530 629 551 ,
655 511 744 539 non
766 496 1040 554 generatione
1072 504 1313 555 peccatum.
1353 494 1536 538 Transiit
1563 510 1666 554 ergo
1687 509 1790 539 cum
1848 520 1850 548 ᾗ

403 577 543 613 morte
562 575 789 625 peccatum
812 586 821 611 ε
842 565 949 626 quid
963 575 1026 610 est
1045 566 1163 626 quod
1179 581 1296 609 nunc
1314 564 1435 619 dicis,
1460 579 1548 610 non
1561 574 1787 624 peccatum
1849 574 1851 606 3
1869 604 1871 606 .

404 637 602 683 transisse
617 670 628 692 ,
654 637 730 680 sed
753 637 961 680 mortem?

459 709 616 752 LXIV.
642 709 868 750 ermts.
899 725 918 747 «
937 708 1159 758 Quantum
1179 706 1312 764 igitur
1337 705 1451 748 inter
1471 714 1515 749 te
1537 714 1580 749 et
1601 704 1787 749 Paulum

403 778 552 833 distet,
587 776 780 822 intende.
806 776 885 820 Ille
907 777 1035 831 dicit,
1075 791 1151 836 per
1179 791 1317 820 unum
1347 775 1570 819 hominem
1589 794 1598 820 ε
1617 784 1689 830 tu,
1714 790 1792 835 per
1854 795 1873 807 =·

399 848 530 902 duos,
556 847 602 890 id
620 856 683 891 est
698 881 709 901 ,
733 861 810 905 per
826 847 1166 905 generationem.
1188 846 1267 890 Ille
1287 846 1563 905 pronuntiat,
1585 846 1629 889 in
1651 846 1792 905 primo
1854 854 1884 885 ὐἱ

398 919 578 962 homine
599 926 642 960 et
664 925 893 976 peccatum
917 927 959 961 et
981 926 1165 962 mortem
1195 916 1326 961 tuisse
1341 952 1351 971 ,
1384 915 1439 960 ad
1472 925 1666 976 posteros
1691 932 1794 961 vero

400 989 535 1032 solam
563 987 765 1030 transisse
794 996 980 1031 mortem
1008 1007 1015 1030 ;
1048 996 1097 1030 tu
1125 996 1276 1030 contra
1308 986 1478 1041 asseris,
1504 996 1548 1031 et
1567 995 1793 1046 peccatum

398 1058 453 1103 ad
475 1074 624 1103 omnes
647 1067 690 1102 et
711 1059 936 1102 interitum
956 1058 1211 1102 cucurrisse.
1241 1076 1259 1098 »

459 1132 750 1174 Amrs‘rmrs.
785 1131 880 1172 Jam
900 1128 1165 1187 respondum
1190 1137 1253 1172 est
1285 1147 1293 1172 :
1319 1127 1520 1187 relegant
1542 1128 1618 1188 qui
1640 1127 1795 1174 volunt

399 1216 499 1260 quae
521 1215 649 1259 supra
681 1200 889 1253 diximus,
923 1215 978 1244 ne
1001 1201 1226 1259 superfluo
1251 1199 1403 1243 eadem
1430 1200 1588 1244 iterum
1609 1200 1794 1244 iterum·
1861 1223 1863 1226 ·

398 1285 487 1330 que
501 1279 766 1328 repetamus.

457 1342 590 1383 LXV.
617 1342 640 1383 J
646 1356 845 1385 [LIANI'S.
874 1339 1162 1399 Impudenter
1178 1340 1311 1396 igitur
1326 1339 1407 1383 sub
1422 1340 1577 1384 umbra
1599 1341 1690 1400 ejus
1712 1355 1796 1385 no-
1863 1339 1864 1344 ’

399 1411 526 1455 minis
542 1409 779 1466 delitescis,
810 1426 910 1454 cum
941 1412 1067 1454 nimis
1095 1411 1262 1455 diversa
1293 1410 1597 1470 contrariaque
1622 1410 1790 1456 dicatis.

401 1481 481 1525 Ille
512 1481 629 1525 enim
651 1482 791 1540 arguit
809 1497 917 1541 opus
942 1482 1172 1526 hominum
1188 1517 1199 1537 ,
1225 1491 1274 1526 tu
1305 1497 1414 1540 opus
1437 1482 1512 1526 Dei
1533 1481 1632 1526 :ille
1653 1482 1795 1526 studia

401 1551 775 1612 delinquentium,
804 1563 853 1596 tu
889 1554 1186 1597 innocentiam
1219 1553 1443 1613 vitamque
1482 1554 1752 1598 nascentium
1781 1573 1791 1599 :

402 1622 474 1667 ille.
490 1623 761 1668 voluntatem
780 1625 1032 1680 hominum,
1053 1634 1102 1668 tu
1119 1633 1335 1669 naturam.
1364 1643 1383 1665 »

465 1696 757 1738 Atreus-rmus.
792 1695 997 1752 Superius
1027 1694 1082 1738 ad
1117 1695 1262 1739 omnia
1293 1695 1373 1738 ista
1402 1709 1656 1753 responsum
1691 1704 1789 1740 est:

402 1762 522 1807 unde
538 1765 628 1824 jam
651 1774 693 1809 te
715 1765 865 1810 irridet
888 1767 963 1825 qui
996 1766 1220 1824 meminit3
1245 1766 1320 1826 qui
1343 1781 1447 1810 vero
1469 1781 1558 1810 non
1576 1766 1791 1822 meminit,

403 1834 438 1876 si
471 1833 544 1877 illa
570 1834 792 1892 relegerit,
829 1835 1027 1894 profecto
1049 1837 1128 1880 ista
1156 1845 1231 1880 tua
1259 1851 1369 1880 vana
1394 1851 1495 1891 cum
1517 1836 1716 1892 irriserit,
1746 1846 1790 1881 te

404 1903 585 1948 dolebit.

463 1976 618 2018 LXVI.
645 1978 878 2020 Jtrmmns.
909 1995 928 2018 «
955 1976 1139 2020 Intravit
1161 1977 1310 2035 igitur,
1341 1977 1581 2021 secundum
1605 1980 1793 2036 Aposto-

402 2045 511 2099 lum,
536 2059 613 2103 per
635 2061 771 2089 unum
797 2046 1017 2090 hominem
1043 2055 1270 2106 peccatum
1294 2047 1339 2091 in
1356 2048 1475 2092 hunc
1497 2048 1730 2103 mundum,
1751 2057 1794 2093 et

402 2129 480 2173 per
508 2125 736 2173 peccatum
758 2132 896 2174 mors,
921 2118 1129 2177 quoniam
1154 2116 1277 2161 illum
1305 2127 1348 2162 et
1376 2132 1495 2162 reum
1514 2153 1524 2173 ,
1545 2127 1588 2162 et
1608 2119 1795 2163 damna-

406 2184 513 2228 tioni
548 2187 697 2229 mortis
723 2196 945 2246 perpetuae
972 2188 1264 2242 destinatum,
1297 2189 1490 2232 mundus
1520 2189 1698 2248 aspexit.
1743 2191 1795 2234 In

403 2269 553 2299 omnes
582 2266 726 2299 autem
752 2259 949 2302 homines
977 2274 1092 2303 mors
1114 2259 1391 2318 pertransiit,
1416 2260 1516 2319 quia
1541 2275 1626 2304 una
1653 2259 1793 2304 forma

398 2324 552 2383 judicii
569 2328 917 2384 praevaricatores
930 2343 1130 2388 quosque
1153 2329 1281 2373 etiam
1299 2328 1478 2389 reliquae
1501 2330 1793 2388 comprehen-

404 2393 470 2438 dit
490 2397 626 2439 aetatis
648 2416 656 2440 :
679 2413 778 2455 quae
796 2407 941 2441 tamen
960 2413 1090 2452 mors,
1118 2399 1259 2443 necin
1283 2408 1470 2453 sanctos,
1495 2414 1575 2442 nec
1595 2400 1639 2443 in
1661 2400 1792 2444 inno-

404 2473 549 2509 centes
571 2465 682 2510 ullos
705 2468 853 2511 saevire
873 2468 1140 2526 permittitur
1161 2490 1171 2526 3
1196 2467 1270 2512 sed
1293 2469 1337 2512 in
1359 2484 1431 2513 eos
1448 2470 1663 2528 pervadit,
1684 2485 1792 2530 quos

401 2535 797 2591 praevaricationem
827 2537 982 2583 viderit
1003 2538 1244 2583 aemulatos.
1270 2557 1291 2579 »

460 2608 748 2652 AvetsTmns.
785 2611 877 2654 Hoc
910 2608 1098 2670 loqueris
1119 2645 1130 2665 ,
1161 2610 1280 2670 quod
1313 2611 1531 2669 objectum
1561 2620 1626 2656 est
1646 2612 1788 2656 haere-
