1821 3264
247 264 392 296 omanis
424 268 600 296 lMPEnF.
635 267 798 298 CONTRA
831 272 1000 300 surim.
1038 273 1119 300 Lm.
1157 275 1204 301 11.
1337 264 1421 302 477

42 342 104 377 tra
127 342 299 391 peccata
317 367 328 388 ,
356 332 431 377 sed
457 342 600 378 tamen
623 345 800 393 peccato
817 346 1015 381 mortuus
1038 347 1100 382 est
1122 357 1131 383 :
1156 348 1199 383 et
1220 339 1302 384 hoc
1319 356 1424 400 quo-

41 403 188 459 modo,
205 404 281 463 qui
294 403 463 449 nullutn
478 404 632 449 habuit
649 407 826 451 omnino
848 417 1089 466 peccatum,
1107 425 1186 454 nec
1200 410 1422 468 originale,

41 490 120 519 nec
142 475 366 534 proprium
385 510 396 531 ‚
428 475 508 520 nisi
536 475 637 536 quia
664 477 925 534 similitudo,
951 480 1073 539 cujus
1105 481 1164 524 rei
1187 481 1426 526 similitudo

27 554 147 601 erat,
172 561 332 590 nomen
351 546 546 605 accepit?
563 547 770 592 Novimus
794 549 906 592 enim
923 550 1143 594 Christum
1168 551 1426 595 insimilitu-

41 616 144 672 dine
164 616 329 662 venisse
351 617 490 662 carnis
511 617 675 676 peccati
694 638 704 674 3
728 620 932 678 quoniam
950 620 995 663 in
1018 635 1116 664 vera
1140 637 1268 665 carne
1289 623 1423 676 venit,

40 686 116 731 sed
138 702 226 732 non
248 687 360 732 sicut
385 687 456 732 alii
478 687 673 732 homines
704 689 748 732 in
771 705 899 733 carne
923 690 1088 749 peccati
1117 710 1124 735 :
1150 700 1348 736 mortuus
1365 702 1428 736 cst

40 772 143 815 ergo
180 757 252 801 ille
292 756 565 802 similitudini
604 760 785 817 peccati,
832 775 961 819 quam
1002 761 1178 818 gerebat
1217 762 1260 804 in
1302 777 1429 806 carne

41 827 213 872 mortali
232 848 240 873 :
262 844 311 873 ac
334 829 392 873 sic
407 829 663 887 mysterium
687 841 845 875 nostrae
867 831 1015 876 salutis
1037 831 1255 892 implevit,
1283 842 1331 877 ut
1354 848 1430 877 nos

42 908 220 957 peccato
237 914 522 954 moreremur,
547 900 669 960 cujus
696 899 769 944 ille
791 900 1117 946 similitudinem
1141 903 1268 961 gessit
1298 922 1306 947 ι
1333 903 1430 948 ideo

41 969 86 1014 in
109 979 248 1014 morte
287 971 419 1030 ipsius
441 971 734 1030 baptizamur3
759 973 859 1031 quia
895 972 1006 1016 sicut
1035 974 1080 1017 in
1102 973 1176 1017 illo
1198 990 1297 1018 vera
1316 990 1431 1018 mors

41 1040 155 1085 facta
172 1050 256 1096 est,
284 1041 343 1085 ita
361 1042 404 1085 in
437 1042 563 1086 nobis
600 1057 701 1086 vera
738 1042 787 1086 fit
811 1042 1000 1087 remissio
1026 1052 1317 1101 peccatorum.
1347 1042 1432 1088 Sed

42 1109 112 1154 hic
133 1120 235 1155 sunt
257 1121 300 1155 et
323 1111 493 1170 parvuli
516 1130 524 1156 2
550 1113 827 1172 Quicumque
847 1112 962 1156 enim
994 1112 1198 1171 baptizati
1221 1128 1368 1157 sumus
1387 1113 1432 1156 in

41 1181 213 1226 Christo
231 1184 348 1237 Jesu,
374 1183 420 1227 in
442 1192 582 1227 morte
599 1183 732 1241 ipsius
754 1184 960 1242 baptizati
983 1198 1131 1227 sumus
1148 1186 1178 1226 ¹.
1200 1186 1297 1229 Non
1316 1184 1429 1228 enim

40 1250 100 1296 sic
124 1252 323 1297 homines
359 1252 635 1311 baptizantur
664 1253 708 1296 in
738 1253 935 1308 Christo,
975 1263 1025 1297 nt
1057 1253 1191 1313 aliqui
1218 1254 1263 1297 in
1292 1262 1433 1298 morte

41 1323 196 1382 ipsius,
233 1324 368 1384 aliqui
390 1339 478 1369 non
517 1324 562 1367 in
587 1333 725 1368 morte
746 1324 877 1383 ipsius
906 1325 1202 1384 baptizantur3
1226 1326 1300 1369 sed
1323 1325 1433 1369 sicut

42 1394 127 1449 ait,
156 1395 202 1438 in
222 1411 311 1455 quo
333 1394 595 1454 loquebatur
616 1395 707 1453 ipse
744 1395 962 1449 Christus‚
981 1396 1256 1456 Quicumque
1284 1395 1431 1454 bapti-

41 1474 195 1510 zantur
220 1467 266 1510 in
287 1466 461 1511 Christo
483 1469 612 1521 Jesu,
645 1466 689 1509 in
720 1475 859 1511 morte
891 1466 1023 1526 ipsius
1046 1467 1323 1526 baptizantur
1350 1485 1360 1511 :
1385 1482 1434 1510 ac

42 1551 118 1596 per
132 1537 232 1593 hoc,
253 1537 519 1597 quicumque
541 1537 818 1596 baptizantur
841 1538 886 1581 in
903 1537 1076 1582 Christo
1105 1540 1229 1592 Jesu‚
1256 1546 1434 1596 peccato

42 1608 303 1652 moriuntur.
334 1608 377 1652 Si
391 1607 684 1667 quicumque3
709 1608 860 1668 utique
877 1616 920 1651 et
933 1607 1100 1667 parvuli
1119 1626 1127 1652 :
1149 1608 1225 1652 sed
1247 1609 1316 1652 cui
1330 1623 1434 1666 pec-

42 1687 139 1723 cato
169 1677 339 1738 parvuli
363 1678 636 1722 moriuntur?
667 1680 764 1722 Jam
794 1678 969 1722 tandem
1005 1693 1152 1738 quaeso
1174 1679 1435 1722 confiteatur

44 1749 287 1807 generatio,
319 1763 374 1792 ne
407 1748 642 1792 mentiatur
674 1749 964 1807 regenerati03
988 1749 1247 1793 confiteatur
1270 1749 1314 1791 in
1332 1763 1434 1806 par—

43 1817 155 1862 vulis
183 1834 283 1863 caro
317 1819 512 1877 peccati,
539 1827 699 1863 utnon
733 1827 917 1877 negetur
954 1819 1083 1862 etiam
1127 1833 1205 1877 pro
1245 1817 1435 1877 parvulis

44 1899 215 1935 mortua
231 1888 469 1934 similitudo
488 1889 628 1934 carnis
651 1889 856 1948 peccati2.

101 1963 339 2007 CCXXVI.
366 1963 593 2005 JcmAm-s.
624 1979 644 2002 «
672 1959 757 2004 Ubi
778 1959 848 2004 hic
866 1974 969 2018 ergo
996 1967 1222 2004 accusatur
1245 1960 1435 2002 natura?

45 2032 121 2076 ubi
149 2032 354 2077 humanae
385 2031 640 2076 substantiae
668 2029 903 2089 culpantur
927 2029 1099 2074 exordia
1133 2031 1150 2071 ’ἔ
1181 2029 1258 2072 ubi
1291 2038 1434 2072 motus

45 2103 289 2161 generantis
306 2103 530 2160 arguitur?
545 2104 662 2146 Luce
679 2100 835 2144 clarius
849 2109 927 2155 est,
948 2099 1066 2159 quod
1088 2098 1176 2144 sola
1193 2116 1216 2142 a
1233 2099 1436 2158 magistro

46 2173 242 2232 gentium
261 2173 546 2218 conveniatur
567 2171 785 2225 voluntas,
800 2180 849 2214 ut
870 2170 1041 2214 abdicet
1063 2169 1232 2214 occulta
1255 2169 1435 2213 dedeco-

45 2244 118 2299 ris,
143 2253 186 2288 et
205 2244 250 2288 in
271 2243 496 2288 meliorem
525 2243 659 2288 vitam
686 2251 864 2286 actuum
887 2241 1155 2285 correctione
1177 2239 1374 2298 proficiat
1397 2241 1430 2283 ³.

47 2315 131 2360 Sed
146 2315 236 2374 jam
254 2314 436 2373 accipiat
457 2313 665 2373 expositio
683 2322 829 2358 nostra
846 2310 1156 2371 compendium
1169 2345 1180 2365 ,
1206 2325 1285 2353 nee
1306 2310 1434 2354 inter-

45 2386 204 2444 pretari
237 2387 282 2430 in
310 2385 376 2429 his
409 2384 514 2430 locis
540 2384 655 2429 dicta
690 2383 887 2443 Apostoli
913 2391 1154 2442 perseveret
1179 2416 1190 2435 ,
1216 2381 1357 2439 ipsum
1380 2380 1434 2424 de

45 2457 131 2500 suis
148 2457 426 2500 disserentem
448 2455 645 2500 sensibus
673 2454 916 2499 audiamus.
944 2456 995 2497 In
1026 2454 1112 2496 fine
1134 2450 1435 2510 disputationis

47 2528 139 2587 ejus
165 2526 389 2586 apparebit
411 2561 426 2582 ,
455 2526 581 2586 cujus
612 2525 806 2583 dogmati
842 2523 1030 2582 fideique
1064 2521 1318 2566 consentiat.
1348 2523 1435 2565 Nos
1460 2579 1467 2584 ᾖ

98 2620 105 2637 ¹
128 2615 219 2647 Rom.
239 2623 307 2655 viu,
327 2612 359 2646 3.
375 2629 416 2636 —-
431 2619 444 2636 ²
461 2613 510 2645 Id.
530 2623 576 2654 vi,
597 2612 627 2644 3.
644 2628 685 2635 -
700 2609 713 2635 ³
733 2619 752 2644 2
774 2612 847 2643 Cor.
867 2620 915 2651 ιν,
934 2616 966 2642 2.
