1884 3285
444 206 523 244 196
873 216 905 245 s.
945 216 1174 248 Aucus'nm
1207 223 1388 252 EPlscom

437 280 506 324 dic
525 279 641 324 unde
658 291 833 340 spernat
854 297 926 327 eos
949 300 1058 343 quos
1076 286 1276 344 parvulos
1298 303 1387 333 non
1405 289 1599 350 adoptat,
1617 307 1640 336 a
1661 294 1820 352 quibus

432 363 533 393 eum
555 359 750 409 spretum
779 367 868 397 non
903 354 1095 400 invenies
1116 391 1126 411 ,
1152 358 1231 402 nisi
1265 374 1338 403 eos
1361 359 1553 405 invenias
1574 362 1620 405 in
1644 362 1782 407 Adam
1807 385 1816 410 ε

430 418 506 462 ubi
538 420 669 464 simul
700 422 921 478 invenies,
948 433 998 469 ut
1026 436 1287 485 spernantur
1320 429 1467 473 deberi
1502 433 1704 477 omnibus
1745 449 1820 493 per
1854 437 1859 488 ἐ

421 489 650 548 justitiam,
677 507 758 537 nec
780 501 928 538 tamen
951 497 1094 554 sperni
1117 512 1267 542 omnes
1291 509 1468 558 propter
1491 501 1760 547 ineffabilem
1777 513 1819 550 et.
1855 505 1860 554 i

421 560 750 607 inscrutabilem
769 566 952 623 gratiam
976 569 993 607 ?
1856 569 1865 586 ¹

484 633 600 675 XLI.
628 635 859 679 JULlANth.
892 654 911 677 «
942 637 1017 680 His
1039 638 1375 699 igiturjustitiae,
1392 658 1499 702 quas
1515 645 1814 703 praemisimus,
1856 650 1860 699 Ξ

423 699 711 747 divisionibus
727 704 970 763 explicatis,
999 707 1278 755 discutiamus
1297 728 1396 771 quae
1419 714 1472 757 sit
1499 714 1693 761 definitio
1713 732 1815 776 pec·
1858 740 1861 767 ;

423 770 523 814 cati.
568 772 785 831 Equidem
815 775 980 819 affatim
1015 778 1118 822 mihi
1142 788 1228 823 tam
1259 782 1659 843 philosophantium
1685 803 1814 846 quam
1858 800 1869 836 ζ.

423 856 576 885 eorum
595 844 670 903 qui
692 845 895 890 catholici
914 846 1109 905 fuerunt,
1137 852 1255 910 quod
1275 855 1508 912 quaerimus
1530 857 1686 916 scripta
1709 873 1814 917 sup·
1858 848 1862 871 ¹

425 912 625 970 peditant
652 933 660 959 ε
696 914 772 959 sed
793 932 945 962 vereor
972 934 1027 963 ne
1056 920 1281 981 refrageris
1302 959 1311 978 ,
1337 934 1380 969 et
1399 926 1431 968 si
1455 926 1814 987 philosophorum
1859 935 1862 963 ;

422 998 503 1042 ego
527 995 724 1030 senatum
748 987 1016 1036 advocavero
1034 1027 1044 1047 ,
1068 1001 1117 1036 tu
1139 995 1348 1039 continuo
1372 996 1610 1043 sellularios
1639 1000 1816 1059 opifices
1860 1007 1872 1035 ι’

419 1068 638 1115 omneque
659 1056 704 1100 in
728 1074 805 1102 nos
825 1060 981 1120 vulgus
1005 1063 1233 1108 accendas.
1264 1084 1282 1105 »
1861 1063 1863 1067 ¹

477 1129 770 1173 Aucusmt-s.
798 1133 1150 1178 Contumeliosus
1174 1151 1218 1179 es
1241 1137 1286 1180 in
1309 1137 1482 1182 infirma
1510 1140 1663 1184 mundi
1681 1176 1691 1196 ‚
1717 1157 1815 1201 quae
1862 1155 1863 1205 J

417 1199 529 1240 Deus
552 1197 682 1257 elegit
704 1209 752 1243 ut
787 1202 1079 1248 confunderet
1101 1204 1228 1250 fortia
1258 1208 1286 1249 ¹.
1306 1208 1501 1268 Denique
1525 1211 1604 1270 ipsi
1626 1213 1815 1256 confun-
1860 1220 1864 1259 ἶ

418 1265 529 1310 dunt
559 1283 632 1313 eos
661 1270 738 1329 qui
760 1272 990 1318 confidunt
1020 1275 1064 1318 in
1093 1276 1253 1321 virtute
1277 1294 1368 1323 sua.
1403 1281 1486 1324 Ubi
1516 1282 1623 1341 quid
1653 1284 1811 1340 dicam,
1862 1274 1872 1316 ἰ·

417 1353 492 1382 vos
519 1339 617 1384 estis
640 1343 657 1381 ‘?
681 1344 858 1387 Prorsus
882 1359 951 1388 me
982 1355 1153 1391 tacente
1190 1351 1405 1408 apparetis
1426 1386 1436 1404 Ἰ
1470 1368 1571 1396 cum
1613 1369 1686 1398 vos
1723 1371 1814 1400 non

421 1565 508 1609 que
528 1551 755 1598 calonibus
776 1590 785 1607 ,
820 1565 863 1599 et
884 1557 1085 1613 tribunis,
1113 1561 1271 1619 quibus
1295 1564 1513 1622 octoginta
1539 1575 1612 1610 aut
1630 1568 1815 1626 amplius
1863 1586 1865 1606 1

425 1635 561 1680 equos
590 1631 679 1667 tota
704 1623 848 1670 Africa
881 1628 1096 1686 saginatos
1127 1630 1291 1690 collega
1323 1642 1449 1687 tuus,
1475 1650 1616 1695 nuper
1634 1636 1815 1683 adduxit
1863 1646 1873 1671 ³'

424 1690 609 1751 Alypius
624 1695 656 1736 ².
669 1714 685 1735 »

481 1765 775 1809 Atersrnurs.
796 1768 1185 1826 Autcalumniaris‚
1212 1782 1288 1817 aut
1307 1777 1443 1820 neseis
1465 1777 1574 1837 quid
1595 1779 1809 1839 loquaris:

421 1840 464 1876 et
483 1832 582 1878 ideo
603 1869 613 1889 ‚
643 1844 719 1879 aut
741 1838 928 1882 mendax
949 1874 959 1893 ‚
985 1850 1060 1884 aut
1082 1844 1350 1900 temerarius,
1371 1846 1451 1890 ista
1467 1846 1671 1908 loqueris.
1696 1851 1812 1904 Quid

422 1911 464 1945 te
489 1912 634 1948 autem
654 1908 841 1966 nequius
860 1943 871 1964 ,
896 1909 930 1953 si
955 1911 1048 1954 haee
1071 1912 1160 1969 ipse
1183 1913 1340 1958 finxisti
1364 1917 1505 1976 Pquid
1529 1919 1728 1964 stolidius
1744 1955 1754 1974 ‚
1778 1922 1811 1965 si
1865 1955 1867 1973 ,

420 1974 688 2032 fingentibus
702 1978 954 2024 credidisti?
970 1983 1064 2024 Jam
1081 1997 1183 2026 vero
1199 1984 1317 2042 quod
1333 1986 1461 2030 etiam
1479 1989 1666 2033 seribere
1684 2007 1812 2036 ausus

421 2059 482 2099 es,
508 2061 652 2106 neque
674 2049 836 2093 veritus
855 2066 909 2094 ne
931 2052 986 2095 ad
1009 2068 1056 2096 ea
1081 2053 1174 2098 loca
1196 2054 1295 2098 libri
1321 2058 1595 2115 pervenirent
1612 2062 1690 2115 tui,
1711 2078 1810 2121 quae

418 2123 532 2159 terra
548 2117 744 2177 marique
767 2129 1062 2166 transeuntem
1081 2139 1156 2167 seu
1169 2125 1416 2171 venientem
1435 2128 1644 2187 collegam
1665 2147 1808 2176 meum
1865 2140 1869 2187 ξ

418 2185 627 2245 Alypium
649 2201 952 2249 susceperunt,
979 2194 1054 2237 ubi
1078 2193 1163 2253 legi
1181 2197 1446 2254 apertissime
1470 2208 1542 2244 tua
1567 2200 1806 2262 falsiloquia
1866 2195 1869 2250 ¹

416 2257 508 2300 sine
545 2266 619 2302 tua
653 2260 848 2305 irrisione
878 2264 945 2306 vel
983 2265 1127 2322 potius
1152 2265 1439 2312 detestatione
1469 2285 1556 2315 non
1592 2283 1803 2332 possunt3
1866 2327 1869 2347 ὅ

415 2328 486 2371 cui
509 2343 599 2372 non
623 2328 720 2374 dico
737 2331 1038 2390 impudentiae,
1063 2335 1137 2378 sed
1161 2336 1393 2382 dementiae
1417 2346 1728 2400 eomparatur?
1866 2375 1869 2403 ρ

473 2401 636 2444 XLIII.
652 2403 831 2446 JLLIANt
847 2424 878 2448 s.
909 2422 928 2445 «
950 2407 1234 2465 Nequaquam
1253 2417 1296 2451 te
1318 2411 1593 2469 acquiescere
1611 2416 1804 2459 erudito·
1866 2407 1869 2462 l

415 2484 510 2513 rum
534 2473 758 2517 sententiis
774 2508 785 2527 ‚
811 2484 860 2518 ut
881 2476 1013 2519 addas
1030 2511 1040 2528 ,
1067 2478 1306 2523 secundum
1325 2482 1445 2539 quod
1460 2483 1703 2529 intellectui
1727 2495 1803 2531 tuo

1862 1330 1865 1394 ἱ

422 1409 611 1453 taceatis.
1862 1428 1865 1492 ᾗ

478 1482 618 1524 XLII.
657 1485 880 1529 JthNis.
912 1505 930 1527 «
958 1488 1211 1533 Vociferans
1242 1507 1339 1536 cum
1376 1493 1596 1549 foeminis,
1623 1498 1815 1542 cunetis-
1862 1499 1865 1555 ᾗ

1863 1559 1866 1576 l

1862 1609 1866 1640 l

1863 1676 1866 1722 l

1864 1724 1866 1747 l

1863 1759 1867 1796 l

1863 1800 1867 1836 l

1865 1924 1868 1941 l

1877 2238 1884 2323 i

1878 2404 1884 2501 l

1879 2507 1884 2534 i

462 2560 470 2576 ¹
499 2564 508 2584 ι
533 2557 606 2587 Cor.
630 2568 693 2599 xxi,
717 2569 823 2599 19.-
837 2566 848 2582 ²
866 2560 944 2592 Vide
962 2561 1058 2602 infra,
1078 2572 1108 2592 n.
1129 2562 1182 2604 74,
1201 2567 1232 2595 et
1250 2563 1305 2595 lib.
1323 2576 1373 2606 ui,
1392 2577 1422 2598 n.
1447 2566 1498 2600 33.
1881 2556 1884 2612 l
