1821 3264
0 0 12 140 l

4 155 9 191 ι

5 197 9 232 ε

3 258 7 321 J'

0 329 6 545 ἓ

0 600 3 645 ι

0 652 4 718 ÷

267 281 410 307 OPERIS
442 281 618 307 IMPERF.
654 282 816 309 CONTRA
848 282 1016 311 JULIAN.
1055 285 1136 311 LlB.
1174 287 1221 312 11.
1354 274 1433 314 421

61 342 116 386 ad
139 343 384 387 Abraham?
402 345 497 388 Non
514 378 524 397 ,
547 344 730 404 inquies.
757 348 872 404 Ergo
888 356 936 391 ut
955 349 1173 393 Abraham
1197 350 1254 394 ob
1277 350 1439 410 stipen-

59 411 179 456 dium
201 413 303 458 fidei
321 422 657 473 consequeretur
668 414 967 461 dilatationem
991 418 1179 474 seminis,
1199 431 1439 480 praeparata

58 491 122 527 est
145 484 340 541 gentium
369 483 570 528 voluntas
601 500 624 528 a
657 486 862 544 Domino,
894 496 936 531 et
968 497 1016 531 ut
1051 487 1212 533 vellent
1245 490 1363 549 quod
1397 500 1440 536 et

0 553 4 595 ἐ
56 552 173 597 nolle
186 554 440 612 potuissent,
465 554 519 597 ab
542 553 618 598 illo
642 553 805 599 factum
826 566 904 611 est,
930 558 1006 617 qui
1024 573 1072 602 ea
1099 574 1199 618 quae
1221 562 1436 619 promisit,

56 633 208 684 potens
226 625 289 669 est
307 634 350 669 et
371 625 553 669 facere1.

113 697 240 739 CLV.
268 698 493 740 Jnumvs.
522 714 540 738 «
559 697 671 741 Cum
694 711 797 755 ergo
815 696 888 740 ille
907 698 1049 742 adhuc
1067 698 1111 742 in
1131 701 1346 759 praeputio
1360 710 1440 745 tes-

54 765 108 808 tis
130 765 232 808 fidei
245 767 568 824 pronuntiatus,
598 775 640 809 et
663 767 719 810 ob
743 768 832 826 ejus
855 767 1116 825 stipendium
1142 768 1439 816 dilatationem

0 838 1 870 ἶ
41 834 184 880 'fuerit
206 836 378 881 seminis
401 846 680 894 consecutus,
708 853 792 896 qua
813 872 823 890 ,
857 838 1022 897 inquit,
1047 839 1195 899 regula
1223 850 1267 885 tu
1287 841 1440 886 Judaee

52 920 143 949 non
164 915 290 965 putas
321 907 373 950 ad
403 907 668 951 consortium
688 907 867 967 justitiae
897 911 1110 966 pertinere
1141 911 1340 969 gentiles,
1364 912 1441 972 qui

52 975 181 1020 fidem
207 977 418 1033 Abrahae,
452 979 570 1037 paria
593 978 647 1021 de
669 978 746 1022 Dei
775 978 1011 1022 virtutibus
1039 980 1279 1037 credendo,
1315 983 1439 1026 resti-

15 1089 17 1091 .
52 1047 213 1090 tuunt?
238 1065 257 1087 »

108 1120 400 1162 Anausnnns.
428 1120 544 1162 Bene
566 1127 716 1162 contra
741 1132 817 1161 vos
851 1117 1038 1177 loqueris
1072 1137 1080 1163 ε
1105 1119 1207 1178 quia
1236 1120 1388 1179 utique
1406 1121 1440 1165 si

50 1186 104 1230 de
126 1189 202 1231 Dei
223 1189 459 1232 virtutibus
476 1188 678 1243 credunt,
700 1204 790 1232 non
812 1188 924 1232 sicut
944 1204 1020 1232 vos
1038 1188 1267 1233 confidunt
1289 1191 1334 1234 in
1355 1191 1439 1234 vir-

49 1266 141 1302 tute
165 1274 262 1313 sua,
282 1268 332 1303 ut
348 1260 664 1318 justificentur,
687 1260 733 1302 id
761 1268 845 1314 est,
877 1269 926 1303 ut
944 1260 1048 1319 justi
1071 1260 1200 1319 fiant,
1223 1261 1298 1304 sed
1319 1260 1363 1305 in
1386 1261 1440 1305 il-

47 1327 130 1372 lius
141 1364 151 1383 ,
178 1330 254 1389 qui
271 1330 480 1389 justificat
502 1330 684 1390 impium
695 1331 725 1372 2.

107 1401 257 1444 CLVI.
285 1402 511 1444 JtLtANus.
544 1419 563 1441 «
584 1402 675 1444 Cur
693 1409 841 1458 putes,
864 1400 1023 1459 inquit,
1044 1400 1134 1443 sine
1152 1402 1439 1446 consecratio-

48 1470 178 1514 nibus
199 1470 302 1528 legis
318 1506 328 1525 ,
357 1471 410 1515 ad
434 1472 620 1515 Abrahae
647 1479 829 1514 stemma
856 1471 1052 1514 nationes
1081 1486 1170 1515 non
1191 1487 1314 1530 posse
1336 1488 1439 1531 per-

48 1540 177 1598 duci,
202 1557 301 1585 cum
321 1551 488 1585 constet
511 1541 838 1600 promissionem
856 1575 866 1593 ,
888 1557 987 1600 quae
1007 1541 1120 1585 facta
1144 1551 1206 1585 est
1230 1542 1283 1586 ad
1303 1543 1437 1587 Abra-

47 1611 166 1665 ham,
192 1611 451 1655 anteriorem
486 1610 615 1654 fuisse
638 1626 769 1671 quam
792 1610 956 1668 legem,
982 1626 1063 1655 nec
1086 1626 1179 1654 eam
1202 1610 1437 1656 ablutioni-

48 1681 130 1725 bus
147 1681 355 1725 tributam
378 1680 524 1735 fuisse,
552 1680 626 1724 sed
647 1680 867 1724 moribus?
884 1698 903 1720 »

107 1755 400 1797 Aucus-rmus.
434 1753 523 1795 Hos
545 1766 686 1794 mores
701 1785 711 1805 ,
738 1765 846 1810 quos
876 1749 1030 1809 procul
1053 1749 1189 1793 dubio
1212 1750 1351 1796 bonos
1375 1752 1438 1796 vis

49 1821 256 1881 intelligi,
278 1823 312 1866 si
334 1831 384 1866 ut
403 1823 581 1880 putatis,
602 1822 733 1865 homo
756 1821 837 1864 sibi
859 1820 987 1877 tacit,
1012 1819 1248 1880 praedicere
1270 1822 1348 1865 ista
1363 1821 1438 1866 de-

49 1892 147 1936 buit
173 1895 287 1937 Deus
318 1893 548 1952 praescius,
581 1907 671 1936 non
692 1891 968 1951 promittere3
998 1900 1046 1935 ut
1084 1906 1173 1936 non
1196 1891 1251 1935 de
1281 1891 1356 1937 illo
1390 1893 1436 1936 in

49 1964 130 2008 hac
159 1979 286 2008 causa
313 1963 546 2017 diceretur,
587 1982 605 2004 «
638 1965 746 2016 Quae
786 1959 1007 2021 promisit,
1042 1971 1195 2021 potens
1219 1971 1282 2006 est
1304 1971 1347 2006 et
1368 1961 1435 2007 fa-

54 2052 74 2075 «
91 2035 239 2091 cere33
267 2052 286 2074 »
304 2034 394 2087 sed,
418 2035 535 2086 Quae
550 2033 764 2092 praescivit
779 2067 789 2086 ,
812 2040 966 2090 potens
984 2040 1047 2075 est
1064 2041 1107 2075 et
1123 2032 1432 2090 praenuntiare,

50 2112 124 2147 aut
146 2112 299 2163 potens
320 2112 382 2147 est
403 2112 445 2146 et
469 2103 709 2146 ostendere.
737 2101 923 2155 Quando
945 2110 1088 2145 autem
1117 2100 1270 2145 dicunt
1289 2102 1435 2145 homi—

48 2190 145 2228 nes,
174 2174 301 2227 Quod
324 2177 438 2218 Deus
459 2174 681 2233 promisit,
706 2188 788 2217 nos
819 2171 1027 2229 facimus,
1055 2187 1098 2215 se
1126 2173 1239 2231 ipsos
1268 2171 1436 2218 faciunt

43 2245 251 2305 jactantia
272 2253 486 2303 potentes,
511 2244 634 2288 illum
653 2244 898 2301 arrogantia
919 2243 1219 2286 mentientem.

107 2317 278 2361 CLVII.
301 2317 530 2359 JULIANUS.
562 2334 579 2355 α
610 2315 651 2359 Si
681 2314 795 2357 enim
821 2313 895 2372 qui
917 2321 1017 2357 sunt
1039 2328 1088 2356 ex
1106 2312 1215 2370 lege,
1240 2311 1434 2356 haeredes

49 2395 150 2431 sunt
173 2406 181 2431 :
208 2396 413 2430 evacuata
436 2396 497 2430 est
528 2385 652 2439 fides,
686 2385 904 2429 destructa
926 2393 989 2428 est
1017 2383 1327 2442 repromissio4.
1349 2384 1432 2435 Qui

49 2471 190 2501 sermo
206 2490 217 2511 ,
247 2457 330 2500 nisi
358 2456 642 2514 intelligatur,
664 2455 822 2514 ingerit
848 2455 1074 2497 maximam
1109 2453 1394 2512 quaestionem
1420 2471 1428 2496 :

49 2526 185 2571 dubio
218 2526 333 2570 enirn
363 2526 538 2586 procul,
573 2524 678 2570 dicit
713 2540 786 2569 eos
818 2539 907 2568 esse
936 2539 986 2566 ex
1018 2523 1137 2581 lege,
1167 2538 1275 2582 quos
1304 2538 1431 2582 supra
1462 2536 1469 2542 ·

99 2618 109 2635 ¹
131 2614 220 2644 Rom.
240 2622 283 2653 lv,
302 2621 354 2644 21.
370 2630 408 2636 --
426 2620 436 2635 ²
457 2611 534 2643 Psal.
554 2621 668 2652 xrvur,
690 2621 720 2651 7.
736 2627 775 2633 —
792 2609 802 2633 3
822 2612 912 2641 Rom.
934 2620 979 2647 tv,
998 2617 1051 2640 21.
