1821 3264
345 263 397 289 DE
430 262 824 291 PltAEDEsTtNATIONE
855 264 1118 293 SANCTORUM.
1366 256 1419 293 95

54 328 226 389 dicens:
251 345 272 370 «
295 330 391 374 Non
407 343 482 373 vos
498 329 694 386 elegistis,
711 330 786 373 sed
803 345 882 389 ego
903 346 977 376 vos
996 332 1104 391 elegi
1129 351 1138 378 z
1167 350 1186 374 »
1215 347 1315 376 cum
1337 333 1420 378 hoc

52 398 194 463 potius
215 398 445 458 praescierit
458 401 585 453 Deus,
603 399 722 458 quod
742 399 821 458 ipsi
841 416 941 445 eum
962 402 1135 447 fuerant
1152 402 1347 459 electuri,
1372 411 1421 447 ut

50 467 104 513 ab
127 467 203 513 illo
231 477 499 513 mererentur
519 467 630 527 eligi.
666 469 804 514 Electi
832 480 934 516 sunt
967 472 1114 531 itaque
1141 483 1240 518 ante
1265 473 1420 518 mundi

49 539 400 585 constitutionem
427 554 475 584 ea
503 539 878 599 praedestinatione
894 576 906 594 ,
931 540 978 585 in
999 558 1084 602 qua
1110 546 1223 588 Deus
1250 559 1325 589 sua
1345 544 1418 588 fu-

49 620 145 657 tura
166 610 278 656 facta
299 611 511 671 praescivit
532 633 544 670 3
568 611 692 657 electi
716 622 816 657 sunt
835 622 980 658 autem
1004 613 1059 658 de
1079 615 1245 660 mundo
1273 632 1322 660 ea
1338 631 1418 661 vo-

48 683 231 739 catione,
246 699 331 744 qua
353 686 464 728 Deus
484 682 530 728 id
546 682 666 744 quod
679 683 1013 743 praedestinavit,
1039 685 1247 745 implevit.
1264 705 1282 727 «
1300 689 1417 740 Quos

49 773 70 798 »
95 755 208 800 enim
235 754 586 815 praedestinavit,
612 755 725 814 ipsos
757 765 799 800 et
831 757 1004 802 vocavit
1031 758 1044 782 1
1067 774 1076 799 z
1112 775 1132 799 »
1162 757 1236 802 illa
1257 757 1418 803 scilicet

47 827 270 873 vocatione
286 825 526 872 secundum
538 827 830 886 propositum:
851 843 940 872 non
957 843 1060 887 ergo
1077 827 1196 884 alios,
1217 829 1292 874 sed
1309 845 1418 889 quos

47 897 365 959 praedestinavit
381 933 392 954 ,
414 899 527 958 ipsos
548 908 592 943 et
613 899 784 944 vocavit
810 920 819 944 ·.
854 915 934 944 nec
964 899 1067 944 alios
1087 935 1099 955 ,
1124 899 1198 944 sed
1228 916 1338 960 quos
1359 901 1419 945 ita

45 970 228 1026 vocavit,
246 970 359 1030 ipsos
376 980 419 1015 et
435 971 685 1031 justificavit
711 990 719 1015 :
746 971 832 1015 ned
852 970 972 1026 alios,
999 972 1073 1015 sed
1096 987 1205 1031 quos
1226 974 1417 1031 praedes-

45 1042 214 1099 tinavit,
236 1042 420 1096 vocavit,
440 1042 708 1103 justificavit,
734 1043 844 1102 ipsos
865 1052 908 1088 et
925 1043 1180 1102 glorificavit
1205 1064 1216 1102 3
1236 1042 1312 1087 illo
1330 1044 1416 1088 uti-

44 1129 130 1174 que
149 1115 236 1158 fine
258 1115 443 1176 quinon
469 1113 602 1159 habet
626 1115 773 1159 finem.
800 1114 944 1173 Elegit
971 1131 1073 1174 ergo
1111 1117 1222 1159 Deus
1247 1113 1412 1170 fideles,

45 1186 120 1229 sed
143 1195 192 1230 ut
208 1187 308 1242 sint,
332 1201 421 1231 non
443 1185 544 1246 quia
556 1187 646 1246 jam
666 1195 802 1231 erant.
829 1184 1060 1245 Apostolus
1077 1186 1264 1251 Jaeqbus
1278 1185 1385 1230 dicit
1405 1204 1414 1229 :

49 1275 70 1299 «
94 1259 248 1303 Nonne
270 1261 384 1302 Deus
415 1258 544 1317 elegit
575 1273 784 1317 pauperes
802 1258 849 1302 in
876 1258 958 1302 hoc
989 1258 1171 1313 mundo,
1197 1257 1349 1302 divites
1374 1257 1420 1301 in

46 1347 66 1370 »
92 1327 194 1383 fide,
218 1337 263 1373 et
276 1328 468 1374 haeredes
492 1330 634 1387 regni,
655 1329 775 1390 quod
793 1330 1035 1389 repromisit
1057 1333 1169 1374 Deus
1197 1328 1421 1388 diligenti-

44 1417 64 1441 »
89 1399 169 1444 bus
197 1414 242 1444 se
270 1403 287 1425 2
315 1400 332 1440 ⁶?
361 1419 381 1442 »
412 1399 627 1459 Eligendo
652 1415 754 1459 ergo
780 1399 884 1445 facit
911 1399 1064 1444 divites
1085 1401 1130 1444 in
1156 1400 1245 1444 fide
1263 1434 1275 1454 ,
1311 1400 1421 1443 sicut

40 1469 232 1516 haeredes
262 1471 397 1530 regni.
429 1474 562 1516 Recte
586 1471 748 1531 quippe
776 1472 821 1515 in
842 1471 901 1515 eis
930 1471 1012 1515 hoc
1049 1470 1206 1529 eligere
1235 1470 1416 1526 dicitur,

40 1540 159 1603 quod
173 1552 222 1587 ut
238 1543 282 1587 in
296 1543 353 1587 eis
370 1541 514 1598 faciat,
529 1558 600 1587 eos
617 1541 750 1600 eligit.
768 1545 892 1601 Rogo
905 1542 1001 1602 quis
1019 1541 1166 1586 audiat
1183 1541 1419 1586 Dominum

40 1613 254 1659 dicentem
282 1634 291 1659 ε
320 1633 341 1657 «
356 1617 453 1661 Non
464 1631 540 1660 vos
557 1630 626 1658 me
644 1614 841 1673 elegistis,
861 1613 937 1658 sed
958 1630 1038 1674 ego
1062 1629 1137 1659 vos
1159 1613 1269 1673 elegi
1296 1633 1306 1659 z
1332 1631 1352 1655 »
1378 1622 1422 1657 et

41 1685 198 1730 audeat
214 1685 379 1742 dicere,
403 1687 578 1732 credere
598 1687 794 1732 homines
816 1695 865 1731 ut
887 1685 1104 1746 eligantur
1122 1721 1132 1741 ,
1154 1701 1255 1730 cum
1276 1685 1418 1745 potius

41 1756 256 1816 eligantur
272 1768 322 1803 ut
342 1759 543 1814 credant,
568 1775 623 1804 ne
644 1768 795 1804 contra
815 1759 1071 1803 sententiam
1094 1758 1285 1803 veritatis
1307 1757 1418 1817 prio-

41 1844 106 1875 res
122 1830 399 1876 inveniantur
420 1831 594 1889 elegisse
615 1832 853 1886 Christum,
878 1831 1038 1890 quibus
1059 1829 1164 1874 dicit
1186 1830 1382 1875 Christus
1407 1848 1415 1873 :

44 1920 65 1943 «
91 1904 188 1947 Non
208 1917 284 1947 vos
298 1917 367 1946 me
387 1902 589 1961 elegistis,
610 1902 685 1946 sed
702 1916 781 1959 ego
797 1916 872 1945 vos
892 1899 1001 1959 elegi
1016 1902 1031 1925 3
1049 1901 1067 1943 Ξ)
1092 1918 1112 1940 »

97 1975 279 2019 XXXV.
301 1973 402 2026 Quis
423 1973 572 2018 audiat
588 1972 845 2031 Apostolum
868 1970 1083 2015 dicentem
1100 1989 1108 2014 ε
1128 1969 1420 2014 «Benedictus

44 2063 64 2087 »
84 2048 195 2090 Deus
218 2054 261 2090 et
279 2048 404 2089 Pater
425 2044 597 2089 Domini
619 2043 753 2088 nostri
774 2045 877 2087 Jesu
899 2042 1074 2096 Christi,
1100 2041 1176 2101 qui
1201 2039 1419 2085 benedixit

43 2134 64 2158 »
84 2132 163 2161 nos
195 2117 241 2160 in
267 2116 383 2162 omni
422 2114 725 2159 benedictione
758 2112 939 2173 spiritali
959 2148 969 2168 ,
1010 2113 1055 2156 in
1092 2112 1342 2157 coelestibus
1371 2112 1419 2156 in

47 2207 66 2231 »
86 2189 258 2235 Christo
277 2207 286 2232 ε
306 2187 417 2232 sicut
437 2186 567 2246 elegit
589 2202 666 2231 nos
687 2186 733 2229 in
754 2186 846 2245 ipso
862 2193 960 2229 ante
976 2183 1131 2228 mundi
1148 2184 1420 2228 constitutio-

45 2278 66 2303 »
91 2275 206 2316 nem,
226 2268 277 2304 ut
297 2273 484 2303 essemus
500 2257 636 2302 sancti
658 2266 701 2302 et
721 2255 988 2301 immaculati
1010 2256 1054 2300 in
1075 2265 1310 2316 conspectu
1328 2256 1420 2315 ejus

45 2350 66 2374 »
84 2331 130 2376 in
151 2331 357 2376 charitate
376 2366 387 2386 ,
408 2329 718 2389 praedestinans
745 2343 824 2373 nos
855 2328 900 2372 in
922 2328 1201 2387 adoptionem
1226 2326 1414 2372 filiorum

45 2420 65 2446 »
85 2418 161 2463 per
182 2405 329 2447 Jesum
350 2402 569 2447 Christum
588 2400 634 2444 in
651 2401 792 2460 ipsum
807 2435 819 2455 ,
843 2398 1082 2444 secundum
1111 2399 1320 2459 placitum
1335 2413 1416 2443 vo-

45 2493 66 2516 »
86 2474 263 2520 luntatis
283 2489 388 2529 suae,
407 2474 453 2517 in
475 2489 561 2533 qua
578 2471 832 2531 gratificavit
855 2486 932 2516 nos
949 2471 995 2514 in
1010 2470 1170 2515 dilecto
1187 2470 1299 2514 Filio
1321 2484 1415 2524 suo,

44 2566 64 2589 »
87 2549 133 2593 in
153 2563 241 2609 quo
267 2547 475 2592 habemus
497 2544 841 2603 redemptionem
873 2558 949 2603 per
975 2541 1232 2602 sanguinem
1264 2540 1415 2601 ipsius,
1466 2581 1474 2587 .

93 2642 99 2657 ¹
121 2637 211 2668 Rom.
231 2642 297 2677 vlu,
317 2633 368 2666 30.
383 2639 450 2657 -2
465 2631 576 2666 Jacob.
597 2641 631 2671 n,
652 2627 762 2664 5.-·-3
780 2631 872 2663 Joan.
896 2639 948 2670 xv,
967 2628 1018 2661 16.
