1884 3285
397 269 476 307 488
925 272 1257 302 ANNOTATIONES.

394 358 563 393 mores,
584 349 807 385 sanctam
823 340 991 394 vitam,
1010 339 1366 398 institutzmzque
1388 340 1617 385 noverint.
1642 338 1773 383 Illum
1839 381 1843 405 ὁ

394 417 531 472 ipsum
548 414 569 455 J
577 412 709 455 uliani
733 419 898 468 patrem
915 409 1045 452 etiam
1066 409 1291 454 nobilitate
1311 410 1476 467 generis
1491 410 1773 468 conspicuum
1840 454 1844 462 ,

392 485 518 527 fuisse
534 518 545 537 ,
574 483 862 538 Hieronymus
880 480 1107 537 Vignerius
1126 481 1170 523 in
1188 479 1442 539 praefatione
1464 479 1520 524 ad
1541 478 1773 539 imperfec-

389 565 481 598 tum
508 569 617 612 opus
645 551 876 610 Augustini
897 566 948 594 ex
976 550 1138 595 inedita
1162 552 1351 611 quadam
1383 553 1416 594 F
1423 549 1606 609 ulgentii
1638 552 1774 610 scrip-

390 627 506 669 tione
527 622 685 683 prodit.
714 623 823 667 Inde
844 637 948 667 vero
975 637 1064 666 non
1093 622 1235 666 minus
1262 620 1638 667 commendandus
1658 621 1774 666 idem

388 700 586 745 Memor,
625 694 745 754 quod
777 694 1021 751 Augustino
1054 693 1239 738 amicitia
1276 702 1319 737 et
1350 693 1593 737 litterarum
1630 692 1775 737 officio

387 768 642 826 conjunctus
663 765 795 808 fuerit
818 784 825 808 :
851 765 905 808 de
928 779 1016 824 quo
1039 773 1210 807 sanctus
1234 767 1393 808 Doctor
1414 763 1461 806 in
1482 762 1595 808 libro
1625 772 1776 808 contra

388 836 611 881 Julianum
635 835 801 894 primo,
836 850 930 894 cap.
967 839 1007 878 4.
1045 832 1156 895 Ego
1187 844 1314 878 certe
1351 832 1505 878 beatoe
1538 835 1778 878 memoriae

389 907 623 951 Memoris
649 906 808 964 patris
838 905 907 948 ίιιί
935 920 1029 949 non
1055 907 1324 959 immemor,
1353 904 1438 961 qui
1466 919 1650 948 mecum
1682 919 1780 949 non

386 992 541 1037 parva
548 993 593 1020 m
612 977 787 1020 inierat
800 976 1067 1020 amicitiam
1082 974 1317 1032 colloquio
1336 974 1622 1031 litterarum,
1645 984 1780 1033 teque

390 1052 543 1107 ipsum
581 1046 700 1091 milii
730 1045 1066 1091 charissimum
1083 1098 1091 1107 ι
1093 1045 1301 1105 fecerat.
1342 1047 1472 1089 Extat
1496 1046 1625 1089 etiam
1662 1061 1781 1090 nune

389 1119 545 1176 scripta
569 1118 751 1162 Memori
775 1116 954 1175 epistola
978 1117 1090 1159 inter
1118 1118 1303 1173 August.
1329 1117 1568 1159 Memorem
1594 1115 1781 1174 Ughellu

390 1189 607 1247 Capuanis
649 1187 860 1246 episcopis
895 1186 1038 1243 (haud
1071 1201 1293 1246 quaquam
1324 1194 1470 1230 tamen
1502 1185 1592 1230 ulla
1627 1185 1781 1231 idonea

390 1260 646 1304 auctoritate
674 1258 843 1316 fretus)
877 1258 1101 1318 adjungit,
1144 1257 1339 1316 proximo
1370 1266 1467 1316 post
1501 1258 1782 1302 vincentium

388 1331 501 1385 loeo,
527 1329 602 1389 qui
625 1328 881 1373 Vincentius
903 1343 954 1372 ex
977 1328 1198 1372 Athanasii
1216 1327 1392 1372 historia
1410 1327 1672 1387 percelebris
1690 1337 1779 1382 est,

392 1416 491 1445 eum
515 1415 756 1444 recensens.

448 1475 581 1517 Natus
599 1480 662 1515 est
683 1471 883 1515 Julianus
903 1470 948 1514 in
971 1469 1130 1528 Apulia
1146 1503 1158 1524 ,
1179 1478 1288 1514 teste
1306 1470 1573 1528 Augustino,
1599 1469 1778 1514 forsitan

390 1542 572 1586 Eculani
590 1577 600 1597 ,
630 1558 705 1586 seu
734 1541 886 1585 Eclani
913 1560 921 1584 :
947 1541 979 1584 si
999 1550 1145 1584 tamen
1170 1540 1270 1583 urbs
1292 1539 1364 1583 illa
1383 1575 1393 1595 ,
1414 1542 1504 1599 jam
1527 1539 1630 1585 inde
1652 1557 1675 1585 a
1694 1549 1782 1585 tre-

391 1614 526 1657 centis
545 1613 668 1655 annis
689 1612 939 1670 Campaniae
960 1609 1128 1654 inclusa
1152 1610 1313 1653 finibus
1328 1644 1338 1664 ,
1364 1610 1447 1654 hoc
1469 1611 1646 1655 nomine
1664 1610 1781 1655 loca-

396 1687 521 1728 batur
539 1683 682 1727 adhuc
700 1684 743 1726 in
762 1682 940 1742 Apulia,
963 1681 1084 1742 quod
1106 1680 1208 1724 olim
1228 1681 1341 1724 inter
1363 1681 1534 1741 Apuliae
1555 1683 1685 1726 urbes
1706 1698 1782 1726 nu-

392 1765 553 1800 merata
573 1755 738 1798 luisset.
765 1757 933 1799 Memor
952 1754 1044 1812 ejus
1063 1762 1207 1812 pater,
1226 1768 1312 1812 qua
1331 1761 1421 1797 erat
1435 1753 1618 1813 pietate,
1643 1753 1781 1798 filium

392 1827 444 1869 ad
482 1824 706 1870 eeclesiam
732 1839 864 1884 quam
903 1825 1093 1882 primum
1133 1821 1230 1867 tulit
1247 1857 1257 1876 ,
1293 1823 1425 1883 eique
1452 1822 1596 1868 adhuc
1627 1822 1783 1869 infanti

397 1896 595 1956 baptismi
623 1897 803 1953 gratiam
840 1895 932 1938 dari
968 1894 1134 1950 voluit,
1176 1895 1392 1939 nesciens
1427 1893 1580 1939 eidem
1611 1896 1784 1957 gralioe

393 1983 540 2026 qnam
565 1976 685 2010 esset
691 1965 897 2027 ficturus
920 1967 1152 2027 ingratus.
1181 1966 1293 2009 Huic
1315 1966 1514 2010 attribuit
1536 1966 1785 2010 Gennadius

397 2039 618 2097 ingenium
655 2053 751 2082 acre
768 2072 779 2092 ‚
812 2052 1015 2096 magnam
1043 2052 1260 2082 sacrarum
1284 2038 1604 2096 Scripturarum
1634 2039 1785 2096 cogni-

399 2110 577 2163 tionem,
595 2118 773 2167 tamque
794 2106 1083 2167 multiplicem
1101 2107 1392 2152 eruditionem
1410 2106 1652 2152 litterarum
1674 2123 1785 2166 grae-

395 2194 545 2224 carum
574 2189 616 2222 et
637 2179 873 2222 latinarum
888 2213 899 2234 ,
926 2187 975 2222 ut
997 2178 1198 2223 Julianus
1213 2214 1224 2234 ,
1248 2179 1367 2238 prius
1389 2194 1522 2240 quam
1546 2179 1787 2237 Pelagianae

398 2249 571 2294 haeresis
594 2250 637 2293 in
661 2265 712 2293 eo
729 2249 1131 2308 deprehenderetur
1155 2251 1376 2310 impietas,
1409 2250 1579 2294 celebre
1604 2250 1684 2294 sibi
1708 2265 1788 2294 no-

397 2336 496 2364 men
517 2321 632 2364 inter
648 2319 853 2364 Ecclesiae
871 2320 1071 2365 doctores
1086 2321 1361 2380 compararit.
1387 2321 1617 2366 Mercatori
1638 2329 1786 2364 tamen

395 2392 514 2436 haud
532 2392 687 2451 injuria
704 2391 864 2436 dieitur
876 2426 887 2447 ,
910 2390 1111 2436 horrida
1130 2390 1448 2449 loquacitate,
1466 2407 1566 2436 cum
1584 2391 1787 2436 adversus

392 2463 685 2521 Augustinum
719 2462 971 2519 dissereret,
1006 2472 1238 2525 evagatus
1275 2461 1502 2508 disertum
1535 2479 1585 2507 se
1625 2464 1786 2525 magis

390 2544 632 2579 ostentare
666 2544 710 2578 et
737 2533 937 2579 sciolum
970 2533 1150 2579 volens.
1183 2538 1332 2593 Ipsum
1356 2534 1487 2579 etiam
1519 2550 1542 2578 a
1574 2537 1783 2593 Prospero

392 2615 546 2665 putant
568 2605 840 2664 designatum
862 2604 991 2650 fuisse
1008 2607 1092 2650 hoc
1119 2604 1332 2651 versiculo
1347 2640 1358 2660 ,
1379 2606 1455 2665 qui
1473 2603 1602 2649 simul
1623 2613 1665 2649 et
1687 2605 1779 2664 ejus
