1884 3285
1837 23 1842 167 l

1839 195 1844 291 l

455 268 536 304 220
889 274 921 299 s.
959 271 1187 298 Arctvszrim
1218 268 1400 296 Eriscom

513 342 601 383 LX.
641 341 864 382 humus.
899 356 917 379 «
946 335 1057 379 Nihil
1080 345 1143 380 est
1171 335 1335 395 peccati
1357 335 1401 376 in
1431 334 1605 378 homine
1626 369 1636 388 ,
1663 336 1695 378 si
1718 292 1845 384 nihill

452 419 515 453 est
537 409 720 468 propriae
732 409 982 462 voluntatis,
1001 406 1069 451 vel
1084 406 1357 450 assensionis:
1377 405 1460 449 hoc
1479 406 1585 449 mihi
1602 407 1827 452 hominum

453 495 603 538 genus,
624 479 742 539 quod
767 479 829 523 vel
852 479 1003 523 leviter
1022 479 1155 536 sapit,
1181 477 1270 521 sine
1293 476 1564 521 dubitatione
1596 477 1826 521 consentin
1871 491 1883 499 ”

454 552 519 593 Tu
541 558 684 594 autem
708 548 908 594 concedis
929 547 1035 591 nihil
1059 547 1188 591 fuisse
1202 547 1247 590 in
1264 545 1451 606 parvulis
1468 547 1653 605 propriae
1671 546 1828 591 volun-

452 622 550 665 tatis
576 640 585 666 ε
611 637 699 666 non
722 621 904 680 eg0,sed
924 620 1031 664 ratio
1054 619 1291 672 concludit,
1318 617 1422 661 nibil
1441 618 1572 676 igitur
1592 619 1637 662 in
1659 619 1716 662 eis
1738 631 1849 662 esse·
1883 623 1884 628 ’

452 693 631 750 peccati.
658 694 939 750 Nequaquam
957 705 1058 748 ergo
1080 698 1256 749 propter
1279 690 1360 732 hoc
1382 687 1436 732 ad
1451 688 1685 732 Ecclesiam
1705 688 1828 732 defe-
1866 691 1868 710 ἶ

452 842 642 887 runtur,
678 841 727 876 ut
757 831 938 876 laudent
971 835 1106 875 Deum
1130 866 1140 886 ,
1172 846 1300 891 quem
1331 839 1373 874 et
1403 830 1618 874 bonorum
1654 841 1831 875 natura-
1883 834 1884 846 ¹

452 903 557 947 lium
574 903 835 948 etdonorum
854 902 1112 962 spiritalium
1134 910 1430 961 protestantur
1454 910 1689 945 auctorem.
1722 919 1740 941 »

510 977 799 1019 Amusmvs.
835 976 930 1019 Non
961 972 1257 1027 infamantur,
1283 986 1382 1015 curn
1404 971 1688 1015 exsufflantur
1717 990 1726 1014 ε
1755 954 1850 1018 sedl

451 1056 661 1088 eruuntur
679 1045 733 1088 de
750 1053 959 1104 potestate
980 1043 1257 1087 tenebrarum
1285 1061 1294 1086 ι
1329 1056 1409 1085 nec
1431 1040 1647 1085 infamant
1669 1044 1803 1084 Deum
1818 1076 1829 1096 ,

450 1333 512 1368 est
534 1325 719 1382 propriae
740 1324 976 1369 voluntatis
995 1359 1005 1378 ,
1031 1322 1100 1368 vel
1121 1323 1373 1367 assensionis
1406 1342 1414 1367 :
1440 1340 1460 1364 »
1486 1323 1655 1382 plenius
1684 1337 1834 1368 verum

450 1394 629 1450 diceres,
654 1397 687 1439 si
709 1394 904 1450 adderes,
921 1395 991 1439 vel
1014 1395 1299 1453 contagionis.

508 1468 623 1509 LXI.
651 1468 875 1510 humus.
905 1484 925 1507 «
956 1465 1173 1522 Originale
1196 1474 1341 1508 autem
1359 1473 1586 1522 peccatum
1609 1465 1641 1508 si
1661 1479 1854 1524 genera·
1875 1452 1877 1461 ’

451 1537 568 1580 tione
591 1538 740 1595 primae
769 1536 1001 1580 nativitatis
1024 1537 1255 1580 attrahitur
1270 1571 1280 1589 ,
1309 1537 1481 1595 nuptias
1501 1535 1678 1595 quidem
1701 1552 1723 1580 a
1745 1539 1835 1581 Deo

449 1693 536 1721 non
570 1686 709 1737 potest
738 1698 746 1722 :
773 1678 979 1737 quoniam
1012 1676 1132 1736 quod
1167 1677 1431 1731 innascitur,
1450 1692 1589 1737 usque
1617 1677 1671 1721 ad
1703 1677 1834 1720 finem

448 1749 560 1806 ejus,
589 1749 659 1792 cui
678 1764 700 1792 a
718 1749 1031 1807 principiorum
1050 1749 1186 1793 causis
1207 1748 1442 1801 inhaeserit,
1470 1756 1726 1806 perseverat.
1752 1765 1771 1788 »

506 1820 797 1862 AucusTmus.
823 1821 911 1864 Nec
941 1819 1114 1878 nuptias
1138 1817 1313 1862 damnat
1336 1853 1346 1872 ,
1372 1818 1472 1877 quia
1501 1833 1588 1862 non
1610 1818 1713 1877 ipsae
1734 1826 1856 1862 sunt

447 1901 571 1930 causa
599 1889 689 1947 ejus
710 1910 721 1946 3
747 1898 790 1932 et
811 1888 1008 1932 aufertur
1026 1890 1080 1933 ab
1104 1889 1405 1947 omnipotente
1424 1887 1516 1943 illo,
1538 1889 1615 1949 qui
1638 1898 1680 1933 et
1702 1889 1834 1933 homo
1883 1907 1884 1916 ¹

447 1958 561 2001 nasci
579 1960 722 2016 potuit
739 1959 830 2003 sine
847 1959 939 2003 illo.

506 2030 641 2071 LXII.
659 2031 885 2073 Jmmus.
917 2048 936 2071 «
962 2028 1137 2074 Nullam
1160 2031 1307 2088 itaque
1330 2029 1409 2073 tibi
1427 2029 1688 2074 calumniam
1712 2045 1858 2103 com-

445 2111 689 2153 movemus,
712 2100 834 2158 quasi
862 2098 1039 2143 damnes
1064 2101 1260 2159 nuptias,
1286 2109 1328 2143 et
1350 2101 1471 2160 quasi
1491 2101 1730 2156 hominem,
1756 2102 1832 2160 qui
1854 2104 1857 2167 j
1879 2088 1884 2163 l

443 2182 492 2209 ex
519 2167 599 2211 illis
628 2170 848 2224 nascitur,
884 2185 992 2228 opus
1024 2170 1187 2214 diaboli
1213 2186 1299 2214 esse
1316 2171 1432 2215 dicas
1459 2192 1470 2227 3
1495 2186 1575 2214 nec
1598 2171 1832 2215 infideliter

443 2238 525 2281 hoc
543 2238 783 2298 objicimus,
810 2255 889 2283 nec
912 2240 1109 2298 imperite
1129 2239 1372 2298 colligimus
1391 2260 1398 2284 :
1421 2241 1493 2284 sed
1513 2241 1587 2300 qui
1607 2241 1661 2285 sit
1678 2256 1829 2285 conse-

440 2308 669 2366 quentium
709 2310 1021 2353 sententiarum
1055 2309 1237 2353 effectus
1259 2345 1269 2364 ,
1296 2310 1476 2354 sollicite
1506 2320 1548 2354 et
1579 2310 1830 2370 simpliciter
1850 2301 1852 2327 '
1882 2319 1884 2342 ¹

439 2378 675 2422 intuemur.
701 2382 934 2438 Nunquam
963 2389 1064 2423 sunt
1087 2380 1201 2423 enim
1226 2382 1318 2424 sine
1335 2380 1643 2425 commixtione
1663 2383 1828 2441 nuptiae
1851 2357 1861 2434 l

440 2450 698 2507 corporales.
726 2453 790 2493 Tu
813 2450 935 2505 dicis,
959 2450 1226 2510 quicumque
1244 2466 1295 2494 ex
1316 2450 1386 2495 illa
1407 2452 1709 2496 commixtione
1737 2467 1828 2496 nas-
1856 2465 1862 2503 ζ

441 2528 616 2574 cuntur,
638 2521 693 2564 ad
722 2519 947 2564 diabolum
973 2521 1219 2580 pertinere:
1249 2520 1386 2565 dubio
1411 2522 1559 2577 procul
1576 2523 1828 2580 pronuntias

442 2590 614 2648 nuptias
638 2591 690 2635 ad
710 2592 778 2649 jus
801 2591 1012 2637 daemonis
1033 2591 1293 2650 pertinere.»
