1884 3285
425 238 511 280 450
865 258 899 284 s.
933 253 1167 288 Aucus-nm
1197 259 1380 292 Emscorr

421 315 668 372 exorditur,
688 326 738 362 ut
759 321 989 381 conceptio
1008 324 1315 387 subsequatur.
1338 331 1442 376 Haec
1463 345 1576 393 saepe
1589 334 1679 395 jam
1696 337 1810 383 dixi·
1852 325 1871 374 ’ἠ

421 401 518 431 mus
539 406 548 432 ε
576 388 653 433 sed
679 388 982 439 iterationibus
1013 395 1100 440 tuis
1117 431 1128 453 ,
1159 408 1326 446 nostras
1354 418 1532 464 quoque
1553 405 1624 451 vel
1644 408 1779 455 rarius
1795 445 1807 468 ,

419 469 565 506 tamen
587 464 809 522 iterando,
835 483 924 512 non
947 469 1156 516 cedimus.

475 533 646 579 CXCV.
683 538 910 583 Juumcs.
951 557 970 581 «
997 540 1180 587 Secutus
1214 553 1301 600 est,
1344 563 1365 588 «
1396 549 1453 592 Et
1488 547 1549 593 ita
1583 549 1627 594 in
1657 566 1810 600 omnes
1844 567 1845 570 ’

419 618 440 641 »
463 601 662 650 homines
682 620 798 652 mors
820 610 1086 667 pertransiit.
1114 629 1134 653 »

471 675 764 722 Auensrrmus.
801 677 918 732 Quid
944 689 1030 736 est,
1061 681 1121 727 ita
1157 686 1435 743 pertransiit?
1468 690 1548 735 nisi
1582 695 1805 753 quomodo

411 742 589 789 intravit
605 781 615 800 ‚
646 746 691 791 id
709 758 795 803 est,
822 765 924 794 cum
948 762 1127 811 peccato
1143 789 1155 810 ‚
1177 756 1266 801 sive
1286 772 1363 817 per
1385 765 1646 819 peccatum?

468 816 662 861 CXCVI.
699 821 927 867 humus.
961 841 982 866 «
1007 825 1130 872 Fecit
1159 827 1481 876 distinctionem
1501 868 1511 886 ‚
1543 849 1598 878 ne
1618 835 1715 895 quis
1744 836 1802 882 ita

406 893 582 942 putaret
603 890 803 935 transisse
821 902 1074 954 peccatum3
1100 906 1150 942 ut
1173 913 1288 944 mors
1306 917 1406 961 quae
1428 907 1712 962 praecucurrit
1729 908 1804 967 ju·
1846 909 1854 945 Τ

407 953 580 1001 dicante
590 959 779 1018 justitia,
801 973 945 1009 secuta
963 966 1223 1025 probaretur
1241 973 1446 1018 materias
1469 974 1646 1021 ultionis
1661 1012 1672 1033 ,
1694 994 1801 1037 quas
1846 999 1857 1027 ;-

404 1025 449 1068 in
472 1042 743 1091 unoquoque
764 1044 990 1093 peccatore
1021 1036 1076 1081 de
1097 1039 1243 1084 studio
1266 1042 1391 1086 malae
1415 1045 1653 1092 voluntatis
1675 1049 1800 1094 inve·-

403 1107 541 1142 nerat.
574 1101 776 1148 Ostendit
802 1105 960 1163 igitur,
995 1122 1085 1152 non
1120 1118 1325 1157 naturam
1361 1117 1652 1163 accusandam
1683 1134 1796 1177 esse,
1846 1162 1859 1168 ..

400 1166 477 1211 sed
491 1168 633 1214 Studia
643 1204 650 1214 .
679 1189 699 1212 »

457 1238 751 1287 At-Gusrnvts.
789 1246 967 1291 Frustra
985 1255 1027 1291 te
1048 1263 1213 1306 versas,
1241 1260 1285 1296 et
1301 1268 1493 1301 reversas
1515 1276 1524 1302 :
1549 1257 1688 1303 Adam
1708 1275 1796 1305 res·
1842 1295 1844 1299 ,

397 1306 515 1363 pice,
546 1319 590 1354 et
614 1312 836 1359 Christum
868 1335 877 1361 ε
902 1316 976 1382 ille
1002 1318 1142 1365 forma
1166 1331 1229 1367 est
1257 1323 1419 1384 futuri3
1446 1343 1536 1372 non
1557 1339 1620 1374 est
1641 1346 1745 1391 ergo
1770 1348 1794 1377 a
1847 1358 1852 1371 ι

395 1381 613 1426 contrario
629 1382 707 1428 iste
724 1386 978 1445 conformis,
999 1391 1073 1450 qui
1087 1392 1300 1451 justitiam
1322 1412 1444 1442 suam
1460 1399 1504 1444 in
1521 1413 1792 1449 renascentes

393 1450 598 1507 parvulos
615 1456 788 1516 trajicit,
812 1459 844 1503 si
865 1471 1095 1519 peccatum
1113 1464 1159 1509 in
1180 1479 1405 1514 nascentes
1424 1471 1497 1515 ille
1513 1488 1602 1518 non
1616 1475 1786 1535 trajicit.

451 1522 666 1571 CXCVII.
702 1531 931 1578 Junmns.
973 1552 993 1575 «
1021 1535 1283 1595 Subjunxit‚
1309 1541 1353 1584 in
1377 1557 1428 1586 eo
1451 1558 1649 1602 regnasse
1669 1562 1790 1592 mor-
1844 1578 1855 1597 ὲ

394 1598 509 1648 tem,
545 1597 590 1639 in
621 1613 711 1656 quo
743 1615 894 1646 omnes
928 1616 1220 1662 peccaverunt
1260 1628 1269 1655 ε
1310 1627 1400 1671 quo
1432 1628 1659 1672 sermone,
1698 1634 1788 1664 non

389 1665 605 1709 nascentis
626 1669 779 1726 ruina,
814 1672 891 1716 sed
923 1688 1056 1733 opera
1083 1679 1250 1735 agentis
1280 1695 1477 1741 expressa
1501 1695 1580 1730 est.
1612 1690 1787 1747 Appro-
1848 1704 1854 1717 ’

388 1731 510 1777 havit
529 1750 574 1780 se
594 1738 741 1800 itaque
762 1744 1021 1805 pravitatem
1043 1763 1227 1808 arguere
1243 1786 1254 1806 ,
1281 1768 1360 1798 nec
1380 1755 1674 1803 innocentiam
1691 1775 1788 1806 sau·

390 1817 517 1848 clare.
548 1823 570 1849 »

428 1876 737 1927 ›Arc-usrmvs.
775 1885 826 1928 In
859 1885 935 1930 illo
964 1901 1259 1946 peccaverunt
1293 1909 1467 1952 omnes,
1497 1898 1544 1942 in
1571 1915 1661 1960 quo
1683 1916 1780 1947 mo·

385 1942 560 1992 riuntur
597 1965 748 1997 omnes
785 1972 793 1999 :
834 1957 957 2016 cujus
993 1973 1017 2002 a
1054 1963 1272 2008 contrario
1306 1965 1447 2010 forma
1485 1978 1574 2023 est,
1613 1971 1658 2014 in
1693 1988 1781 2032 quo

384 2015 660 2066 vivificantur
691 2039 856 2071 omnes.
889 2046 909 2070 «
941 2029 1062 2074 Sicut
1090 2041 1238 2078 autem
1261 2036 1307 2079 in
1342 2037 1480 2082 Adam
1505 2055 1654 2085 ornnes
1681 2058 1779 2088 mo-

386 2104 407 2128 »
433 2088 629 2149 riuntur,
654 2094 715 2140 sic
736 2096 782 2141 in
807 2098 981 2144 Christo
1002 2115 1152 2147 omnes
1172 2105 1512 2154 vivificabuntur
1530 2112 1543 2137 ¹
1570 2130 1578 2155 ε
1603 2130 1622 2153 »
1649 2114 1778 2166 Quod

382 2157 482 2204 ideo
498 2161 666 2210 dictum
689 2176 776 2224 est,
801 2171 903 2230 quia
924 2171 1035 2217 sicut
1056 2189 1187 2221 nemo
1209 2177 1289 2222 nisi
1308 2194 1384 2237 per
1407 2180 1548 2227 Adam
1571 2185 1710 2242 vergit
1732 2185 1777 2231 in

379 2239 588 2288 mortem,
613 2235 672 2281 ita
694 2253 825 2285 nemo
846 2242 927 2286 nisi
949 2258 1026 2302 per
1049 2246 1271 2292 Christum
1306 2253 1444 2310 surgit
1479 2254 1526 2298 in
1557 2255 1704 2301 vitam.
1736 2259 1774 2302 Ο

380 2298 512 2346 homo
534 2304 611 2363 qui
632 2307 740 2352 nihil
761 2319 884 2369 potes
905 2312 1072 2371 dicere,
1096 2332 1239 2376 posses
1256 2321 1407 2366 saltem
1431 2333 1586 2370 tacere.

442 2377 683 2422 CXCVIII.
720 2383 946 2428 Junmus.
986 2402 1008 2427 «
1034 2389 1135 2431 Post
1157 2389 1241 2434 hoc
1270 2401 1422 2437 autem
1440 2394 1620 2450 intulit,
1650 2417 1670 2440 «
1695 2415 1771 2444 us-

378 2463 399 2486 »
419 2462 506 2507 que
520 2450 575 2494 ad
593 2449 734 2511 legem
751 2467 951 2512 regnasse
969 2461 1248 2515 peccatum²z
1271 2480 1290 2502 »
1311 2464 1564 2524 osteudens,
1584 2483 1766 2528 regnum

371 2520 537 2576 peceati
558 2520 645 2567 lata
665 2522 762 2583 lege
783 2524 1004 2571 cecidisse.
1031 2545 1051 2570 »

421 2606 428 2623 ¹
452 2612 472 2637 2
494 2606 565 2639 Cor.
586 2617 640 2650 xv,
659 2617 712 2642 22.
730 2615 800 2634 —2
825 2612 916 2645 Rom.
952 2623 986 2652 v,
1010 2612 1063 2647 13.

1874 428 1884 458 t·
