1884 3285
428 249 480 285 32
849 256 881 278 s.
918 248 1147 278 Auocs'rlm
1180 250 1361 279 EPISCOPI

423 336 520 366 curn
545 320 619 363 illo
643 325 906 377 peccaverat,
929 315 1222 359 damnaretur.
1250 319 1478 376 Quotquot
1506 315 1625 358 enim
1647 330 1700 359 ex
1723 316 1803 359 hac

424 391 556 449 stirpe
579 389 711 447 gratia
733 387 808 430 Dei
829 385 1087 438 liberantur,
1105 401 1128 428 a
1150 385 1429 430 damnatione
1444 386 1596 446 utique
1611 385 1804 429 liberan-

424 470 510 514 tur,
531 474 615 518 qua
627 459 714 518 jam
735 466 940 501 tenentur
962 456 1172 500 obstricti.
1200 455 1324 500 Unde
1339 457 1503 500 etiamsi
1526 456 1673 500 nullus
1689 456 1801 500 libe-

422 537 590 573 raretur
609 563 619 583 ‚
637 530 803 586 justum
824 526 898 571 Dei
917 524 1129 585 judicium
1151 541 1280 570 nemo
1303 527 1417 585 juste
1447 525 1800 585 reprehenderet.
1865 514 1869 547 ἶ

424 601 551 653 Quod
587 615 689 658 ergo
719 600 844 658 pauci
879 599 923 641 in
952 598 1274 656 comparatione
1307 598 1583 656 pereuntium
1603 633 1614 652 ‚
1649 598 1696 640 in
1726 612 1805 640 suo
1865 633 1869 649 ,

423 686 526 715 vero
547 685 729 714 numero
747 669 873 713 multi
891 667 1145 721 liberantur,
1172 669 1303 725 gratia
1322 669 1386 722 fit,
1410 669 1541 726 gratis
1562 668 1628 722 fit,
1656 667 1805 726 gratiae
1865 652 1870 672 ξ

423 746 524 786 sunt
548 742 725 800 agendae
747 740 848 800 quia
869 740 942 793 fit,
967 754 1022 782 ne
1045 740 1140 798 quis
1160 738 1278 783 velut
1304 737 1358 782 de
1375 739 1462 782 suis
1485 739 1645 782 meritis
1667 736 1808 782 extol—
1865 723 1870 784 i

423 811 537 854 latur
562 813 590 865 ¹,
617 810 692 855 sed
722 825 852 854 omne
871 825 917 854 os
946 810 1217 863 obstruatur,
1239 818 1282 852 et
1315 809 1390 868 qui
1406 807 1630 866 gloriatur
1650 809 1695 852 in
1717 810 1806 852 Do-

421 881 541 924 mino
563 880 813 938 glorietur2.
1867 864 1870 878 ¹

481 953 645 995 XXIX.
677 950 793 1004 Quid
824 966 927 1009 ergo
956 952 973 994 P
1004 950 1141 995 Adam
1179 965 1268 995 non
1300 949 1456 994 habuit
1485 950 1560 993 Dei
1584 948 1765 1026 gratiam
1789 948 1807 991 Ρ
1866 934 1871 982 3

423 1023 621 1065 Imovero
653 1021 809 1065 habuit
842 1036 1039 1079 magnam
1060 1056 1070 1075 ,
1107 1020 1183 1064 sed
1205 1020 1436 1079 disparem.
1476 1018 1555 1063 Ille
1591 1020 1637 1063 in
1679 1018 1806 1062 bonis

422 1101 543 1146 erat,
570 1108 669 1152 quae
692 1093 745 1136 de
775 1093 970 1136 bonitate
1001 1093 1065 1136 sui
1097 1091 1342 1137 Conditoris
1365 1099 1589 1150 acceperat
1623 1108 1631 1134 :
1663 1103 1806 1148 neque

422 1163 537 1206 enim
560 1178 609 1207 ea
632 1164 746 1207 bona
767 1172 809 1207 et
825 1162 899 1206 ille
919 1163 1004 1207 suis
1028 1163 1189 1206 meritis
1211 1177 1556 1222 comparaverat,
1583 1161 1628 1204 in
1647 1160 1807 1219 quibus

423 1248 595 1292 prorsus
624 1233 794 1278 nullum
828 1234 1076 1293 patiebatur
1108 1233 1287 1278 malum.
1330 1233 1475 1278 Sancti
1512 1246 1615 1277 vero
1650 1231 1695 1274 in
1726 1231 1807 1274 hac

424 1304 510 1347 vita
530 1339 540 1359 ‚
564 1305 618 1348 ad
653 1321 761 1364 quos
782 1305 971 1364 pertinet
1001 1303 1270 1348 liberationis
1292 1304 1386 1347 haec
1421 1302 1580 1361 gratia,
1613 1301 1658 1344 in
1680 1299 1807 1344 malis
1869 1340 1872 1356 ,

423 1383 540 1427 sunt,
557 1391 607 1417 ex
621 1375 780 1434 quibus
797 1374 988 1418 clamant
1003 1374 1057 1417 ad
1081 1377 1217 1418 Deum
1234 1393 1241 1418 :
1258 1374 1448 1417 «Libera
1470 1388 1548 1417 nos
1577 1388 1600 1416 a
1622 1370 1803 1414 malo³.»

423 1445 502 1488 Ille
523 1445 567 1489 in
589 1445 670 1490 illis
695 1446 820 1490 bonis
837 1446 996 1491 Christi
1013 1455 1151 1489 morte
1173 1461 1262 1489 non
1277 1447 1395 1503 eguit
1422 1465 1430 1489 :
1455 1445 1558 1488 istos
1580 1460 1603 1488 a
1620 1452 1744 1487 reatu
1765 1451 1809 1486 et

420 1515 696 1560 haereditario
719 1526 761 1560 et
784 1516 958 1575 proprio
976 1551 986 1568 ,
1013 1515 1128 1559 illius
1151 1516 1263 1574 Agni
1297 1515 1467 1573 sanguis
1496 1514 1696 1559 absolvit.
1729 1511 1808 1556 Ille

420 1600 510 1629 non
528 1601 636 1645 opus
659 1586 851 1630 habebat
873 1602 923 1630 eo
941 1586 1155 1645 adjutorio
1175 1621 1185 1641 ,
1212 1587 1330 1646 quod
1354 1586 1589 1644 implorant
1615 1583 1684 1628 isti
1707 1597 1807 1627 cum

422 1655 598 1700 dicunt:
622 1676 640 1698 «
663 1657 801 1701 Video
819 1657 944 1701 aliam
967 1660 1124 1715 Legem
1142 1657 1187 1700 in
1209 1658 1413 1701 membris
1432 1657 1536 1700 meis
1558 1669 1809 1715 repugnan-

424 1735 544 1770 »tem
565 1726 648 1784 legi
664 1728 819 1771 mentis
835 1742 959 1778 meae,
985 1736 1027 1770 et
1047 1728 1338 1786 captivantem
1358 1742 1426 1770 me
1447 1727 1492 1770 in
1506 1726 1601 1785 lege
1623 1724 1806 1784 peccati,

424 1812 556 1856 »quae
591 1805 652 1840 est
674 1798 719 1841 in
746 1798 950 1841 membris
978 1798 1098 1841 meis.
1129 1798 1285 1841 Infelix
1314 1813 1394 1855 ego
1424 1799 1557 1841 homo
1583 1817 1595 1852 3
1619 1796 1716 1855 quis
1737 1808 1808 1837 me

423 1865 659 1910 »liberabit
688 1866 742 1910 de
776 1882 956 1925 corpore
985 1868 1113 1927 hujus
1145 1868 1294 1911 mortis
1330 1868 1457 1925 hujus
1475 1868 1491 1891 4
1513 1867 1531 1908 ‘3
1554 1865 1701 1910 Gratia
1730 1862 1808 1908 Dei

423 1952 535 1995 »per
558 1939 706 1981 Jesum
740 1938 960 1982 Christum
993 1939 1227 1982 Dominum
1263 1947 1458 1982 nostrum
1486 1971 1494 1980 .
1536 1955 1556 1978 »
1588 1936 1807 1990 Quoniam
1870 1943 1875 1956 “

420 2007 466 2050 in
489 2007 547 2051 eis
569 2023 668 2051 caro
696 2009 962 2068 concupiscit
983 2008 1185 2052 adversus
1208 2009 1406 2067 spiritum
1423 2043 1434 2063 ‚
1463 2017 1506 2052 et
1526 2007 1701 2066 spiritus
1729 2004 1806 2049 ad-

422 2093 568 2122 versus
604 2093 777 2122 carnem
800 2081 832 2132 ⁵,
868 2088 998 2137 atque
1034 2080 1079 2122 in
1110 2079 1185 2122 tali
1207 2080 1442 2123 certamine
1479 2078 1726 2123 laborantes
1759 2090 1808 2119 ac

423 2149 712 2208 periclitantes
734 2149 826 2192 dari
847 2149 926 2192 sibi
942 2150 1167 2208 pugnandi
1188 2149 1481 2210 vincendique
1501 2149 1706 2193 virtutem
1730 2161 1809 2206 per

423 2219 581 2264 Christi
601 2220 780 2278 gratiam
803 2229 1002 2277 poscunt.
1022 2219 1099 2263 llle
1114 2236 1215 2265 vero
1238 2220 1358 2264 nulla
1381 2220 1457 2264 tali
1475 2221 1563 2263 rixa
1580 2219 1635 2262 de
1650 2233 1694 2262 se
1716 2218 1809 2277 ipso
1873 2263 1875 2267 ,

425 2289 627 2333 adversus
644 2306 687 2333 se
709 2290 851 2348 ipsum
878 2298 1068 2333 tentatus
1097 2300 1227 2350 atque
1253 2292 1450 2334 turbatus
1469 2324 1479 2344 ,
1504 2290 1550 2332 in
1572 2288 1646 2332 illo
1669 2288 1801 2332 beati-

427 2358 586 2403 tudinis
602 2359 697 2404 loco
715 2375 790 2403 sua
808 2373 953 2403 secum
976 2374 1080 2417 pace
1091 2360 1335 2405 fruebatur.

481 2431 623 2474 XXX.
652 2429 837 2473 Proinde
858 2429 936 2473 etsi
958 2444 1046 2473 non
1069 2431 1241 2474 interim
1265 2431 1430 2474 laetiore
1452 2443 1570 2473 nunc
1592 2462 1603 2483 ,
1635 2441 1811 2473 verum-

473 2538 481 2553 ¹
500 2533 596 2564 Rom.
618 2544 669 2573 ιιι,
691 2543 743 2574 19.
761 2549 795 2555 —
816 2537 829 2554 ²
849 2535 965 2565 Jerem.
986 2543 1030 2573 ix,
1051 2532 1105 2565 23.
1120 2549 1158 2556 --
1177 2531 1190 2557 3
1207 2532 1320 2566 Matth.
1342 2544 1384 2574 vi,
1413 2532 1463 2566 13.
1477 2530 1547 2557 -ὖ
1565 2533 1657 2566 Rom.
1678 2541 1734 2572 vn,
1756 2530 1810 2563 23.

429 2603 466 2610 —
482 2585 497 2610 ⁵
518 2586 586 2620 Gal.
605 2598 637 2628 v,
663 2597 713 2628 ¹7·
