1821 3264
334 281 387 305 ne
420 278 816 305 l’ltAEDESTtNATtONss
848 280 1112 306 mucronem.
1364 268 1417 303 us

39 344 133 389 fieri
160 344 309 387 liberae
330 342 564 388 voluntatis
585 341 764 385 arbitrio
786 351 956 386 sanctos
979 352 1020 387 ct
1038 342 1352 396 immaculatos,
1376 343 1419 385 in

37 424 276 474 <conspectu
288 415 379 474 ejus
399 415 444 457 in
456 413 664 457 charitate
686 431 696 456 ι
720 414 839 472 quod
858 412 1055 457 futurum
1077 418 1187 458 Deus
1214 415 1422 474 quoniam

40 485 271 546 praescivit,
295 484 523 544 inquiunt,
542 482 640 540 ideo
662 498 740 527 nos
763 492 864 526 ante
886 483 1037 527 mundi
1066 484 1422 528 constitutionem

43 555 172 614 elegit
188 564 231 599 et
245 542 569 614 praedestinavit
588 553 633 596 in
653 553 841 598 Christo.
856 555 1000 598 »Cum
1023 554 1140 598 dicat
1162 554 1394 613 Apostolus
1412 574 1421 599 :

38 628 139 672 tNon
160 625 260 685 quia
281 624 451 670 futuros
473 623 579 669 tales
600 639 678 668 nos
697 638 787 668 esse
803 625 1018 683 praescivit
1039 625 1141 680 ,sed
1168 634 1217 668 ut
1239 640 1426 669 essemus

42 697 148 742 tales
157 711 234 756 per
247 697 382 755 ipsam
399 694 653 739 electionem
671 695 820 754 gratiae
837 710 927 739 suae
939 730 950 750 ‚
971 712 1057 755 qua
1075 695 1328 754 gratificavit
1350 710 1427 739 nos

41 766 89 811 iu
109 765 270 811 dilecto
300 766 413 810 Filio
440 781 535 810 suo.
567 767 678 810 Cum
701 780 804 824 ergo
833 780 912 809 nos
943 765 1264 824 praedestinavit
1284 801 1294 820 ,
1320 781 1429 825 opus

43 853 168 882 suum
205 838 435 896 praescivit,
470 853 559 897 quo
591 851 668 882 nos
698 846 869 881 sanctos
900 847 943 882 et
978 837 1278 882 immaculatos
1306 837 1424 881 facit.

44 909 168 954 Unde
179 917 295 954 recte
309 909 391 953 hoc
406 908 656 953 testimonio
674 907 932 966 Pelagianus
950 923 1069 952 error
1089 909 1298 966 arguitur.
1311 910 1431 953 «Nos

42 988 190 1024 autem
217 979 401 1024 dicimus
420 1014 432 1035 ,
454 979 664 1039 inquiunt
681 1013 692 1034 ,
717 987 910 1023 nostram
933 981 1070 1023 Deum
1095 994 1182 1023 non
1214 980 1432 1037 praescisse

45 1050 127 1095 nisi
141 1049 388 1111 fidem,qua
410 1050 586 1095 credere
604 1049 853 1108 incipimus,
865 1058 908 1093 et
927 1049 1025 1093 ideo
1040 1065 1119 1093 nos
1138 1048 1314 1108 elegisse
1330 1057 1431 1092 ante

44 1121 201 1165 mundi
216 1122 588 1175 constitutionem,
603 1136 652 1165 ac
666 1119 1009 1180 praedestinasse,
1029 1128 1077 1162 ut
1097 1120 1225 1163 etiam
1244 1120 1378 1164 sancti
1392 1128 1434 1163 et

43 1191 310 1236 immaculati
324 1192 457 1251 gratia
481 1200 611 1251 atque
633 1204 763 1249 opere
784 1191 876 1249 ejus
892 1204 1126 1234 essemus.»
1149 1189 1231 1235 Sed
1255 1189 1434 1234 audiant

46 1270 90 1305 et
108 1261 188 1320 ipsi
205 1262 248 1305 in
272 1262 356 1306 hoc
378 1262 642 1318 testimonio,
684 1259 761 1304 ubi
782 1259 889 1304 dicit
926 1279 934 1304 :
966 1279 985 1302 α
1013 1263 1181 1305 Sortem
1213 1260 1435 1305 consecuti

46 1350 71 1376 ν
85 1347 248 1387 sumus,
264 1332 558 1391 praedestinati
575 1332 817 1376 secundum
835 1332 1123 1391 propositum,
1141 1332 1217 1391 qui
1236 1332 1433 1377 universa

50 1411 291 1462 »operatur
309 1404 340 1446 ¹.
377 1423 393 1444 »
430 1405 527 1461 Ipse
545 1417 648 1460 ergo
670 1410 719 1445 ut
737 1401 913 1445 credere
935 1401 1193 1460 incipiamus
1211 1411 1431 1460 operatur,

46 1473 123 1533 qui
148 1474 346 1518 universa
374 1481 593 1532 operatur.
619 1472 903 1515 Vocationem
925 1471 1088 1531 quippe
1118 1471 1237 1515 illam
1261 1470 1320 1515 de
1346 1487 1434 1531 qua

42 1543 210 1588 dictum
231 1552 324 1588 est:
347 1562 366 1586 «
389 1543 489 1588 Sine
512 1542 768 1602 poenitentia
792 1542 909 1585 enim
930 1551 1032 1585 sunt
1054 1542 1169 1586 dona
1196 1552 1239 1586 et
1262 1543 1432 1586 vocatio

47 1632 69 1658 n
83 1615 161 1660 Dei
180 1618 197 1642 ²
220 1636 231 1674 3
261 1633 280 1657 »
307 1624 351 1660 et
366 1614 422 1659 de
444 1631 530 1675 qua
552 1613 719 1658 dictum
741 1622 805 1657 est
826 1632 834 1657 :
865 1632 882 1653 «
909 1615 1006 1658 Non
1032 1628 1082 1657 ex
1103 1613 1306 1672 operibus
1322 1648 1332 1668 ,
1358 1612 1434 1657 sed

47 1701 138 1730 »ex
162 1695 346 1731 vocante
363 1687 379 1713 3
402 1707 414 1744 3
437 1705 456 1728 n
483 1701 582 1730 cum
606 1693 749 1744 posset
773 1684 917 1728 dicere
933 1718 944 1738 ,
967 1682 1042 1727 sed
1066 1699 1117 1727 ex
1142 1684 1373 1728 credente:
1392 1693 1434 1728 et

0 1782 1 1823 ᾗ
45 1756 299 1802 electionem
314 1772 446 1817 quam
464 1757 719 1814 significavit
742 1755 969 1809 DominuS,
993 1754 1168 1798 dicens:
1194 1773 1214 1796 «
1240 1757 1338 1800 Non
1360 1770 1435 1800 vos

0 1829 1 1857 l
46 1845 68 1870 >›
84 1843 154 1872 me
167 1827 366 1886 elegistis,
385 1828 460 1872 sed
482 1842 561 1885 ego
583 1842 659 1871 vos
676 1825 787 1885 elegi
801 1826 816 1850 4
842 1844 850 1870 2
873 1840 952 1868 nec
966 1823 1072 1867 fides
1093 1825 1183 1883 ipsa
1206 1825 1429 1883 praecedit.

0 1900 1 1908 ’
44 1899 142 1944 -Νοη
167 1899 283 1942 enim
304 1899 407 1958 quia
430 1897 716 1951 credidimus,
742 1895 817 1940 sed
840 1904 890 1939 ut
911 1894 1140 1940 credamus
1162 1894 1290 1954 elegit
1319 1911 1398 1939 nos
1421 1915 1429 1939 ·.

44 1984 100 2013 ne
117 1970 280 2028 priores
303 1983 404 2013 eum
428 1969 606 2027 elegisse
618 1968 833 2021 dicamur,
853 1964 1100 2024 falsumque
1122 1966 1191 2021 sit,
1212 1965 1332 2025 quod
1352 1967 1431 2010 al)-

45 2040 99 2084 sit
118 2059 127 2085 :
148 2058 168 2082 «
184 2043 282 2086 Non
309 2055 384 2085 vos
402 2055 471 2083 me
489 2039 697 2098 elegistis,
723 2036 798 2082 sed
816 2052 896 2096 ego
914 2051 989 2080 vos
1012 2036 1136 2095 elegi.
1166 2054 1186 2077 »
1219 2039 1306 2082 Nec
1331 2037 1432 2097 quia

45 2109 308 2155 credidimus
327 2144 339 2165 ,
364 2110 440 2154 sed
461 2119 512 2154 ut
534 2109 763 2153 credamus
784 2122 992 2151 vocamur
1018 2126 1027 2151 ι
1055 2117 1186 2166 atque
1210 2107 1283 2151 illa
1305 2123 1434 2152 voca-

44 2181 179 2236 tione,
196 2197 295 2241 quae
321 2181 411 2225 sine
434 2179 695 2240 poenitentia
715 2187 794 2233 est,
811 2178 858 2222 id
880 2193 1057 2237 prorsus
1079 2179 1221 2237 agitur
1243 2188 1285 2222 et
1307 2195 1432 2238 pera-

47 2251 178 2311 gitur,
202 2260 253 2295 ut
273 2250 514 2295 credamus.
541 2253 630 2295 Nec
647 2248 792 2294 omnia
813 2247 1065 2308 replicanda
1094 2257 1198 2292 sunt
1220 2249 1274 2292 de
1290 2249 1370 2294 hac
1388 2266 1433 2294 re

47 2330 134 2367 tam
156 2320 294 2365 multa
312 2336 411 2380 quae
433 2320 635 2364 diximus.

106 2394 313 2437 XXXIX.
327 2392 524 2451 Denique
537 2390 637 2434 etin
654 2390 782 2448 hujus
800 2387 1035 2433 testimonii
1048 2390 1433 2448 consequentibus,

48 2466 136 2509 Deo
159 2465 312 2524 gratias
345 2463 434 2522 agit
460 2461 693 2522 Apostolus
722 2476 802 2520 pro
823 2460 890 2504 his
917 2460 993 2520 qui
1010 2459 1292 2505 crediderunt
1312 2497 1322 2516 ,
1350 2478 1438 2506 non

48 2536 200 2596 utique
233 2535 441 2596 quoniam
471 2534 531 2579 eis
568 2533 879 2578 annuntiatum
914 2539 978 2574 est
1008 2529 1294 2588 Evangelium
1316 2567 1326 2585 ,
1362 2534 1436 2576 scd
1477 2561 1485 2568 -

99 2627 107 2642 ¹
128 2620 246 2663 Ephes.
263 2631 287 2660 1,
311 2631 360 2653 ιι.
377 2635 418 2642 -
435 2625 447 2641 ²
465 2621 556 2651 Rom.
582 2629 630 2655 xz,
650 2615 921 2660 29.——31d.u‚
950 2624 999 2647 12.
1014 2632 1049 2638 ——
1072 2615 1085 2645 4
1106 2617 1198 2647 Joan.
1218 2627 1272 2657 xv,
1297 2618 1347 2648 ιθ.

1187 2673 1209 2684 ,-

1195 2683 1223 2705 ί.
