1821 3264
236 280 380 308 OPERIS
413 279 590 307 IMPERF.
625 279 787 306 CONTRA
821 278 988 306 summ.
1028 280 1109 306 Lis.
1149 279 1195 304 11.
1327 263 1405 303 461

87 349 378 391 Acccsnm‘s.
417 348 482 389 lta
502 345 587 390 hoc
608 344 812 404 loqueris,
838 345 959 404 quasi
983 343 1214 404 Apostolus
1235 361 1242 387 :
1269 342 1416 387 Gratia

29 426 174 462 autem
194 416 327 461 semel
344 431 394 460 ex
409 414 558 460 multis
582 414 751 460 delictis
766 415 810 459 in
822 415 1190 474 justificationem.
1208 416 1305 459 Non
1332 413 1417 456 hoc

28 488 136 532 dixit
162 506 170 532 ε
191 487 368 532 attende
385 486 507 546 quod
522 486 653 541 dixit,
675 495 717 530 et
739 486 904 544 corrige
925 486 1045 545 quod
1067 483 1224 529 dixisti.
1253 483 1415 535 Gratia,

28 559 200 620 inquit,
235 575 286 603 ex
316 558 465 603 multis
502 558 671 602 delictis
702 558 746 601 in
775 557 1146 617 justificationem.
1185 555 1302 609 Quid
1333 555 1420 598 huc

29 631 233 691 pertinet,
258 629 379 691 quod
399 629 532 675 semel
556 638 598 673 et
627 628 755 673 simul
771 629 1007 688 unicuique
1024 627 1168 672 omnia
1187 626 1419 669 dimittun-

0 721 1 724 ’
29 711 101 747 tur
130 703 175 746 in
210 702 466 762 baptismo?
495 703 652 748 Nonne
675 710 718 745 et
739 699 810 744 illa
841 698 1177 753 condemnatio,
1204 696 1257 741 ad
1289 710 1422 756 quam

23 773 238 833 judicium
257 773 458 833 perducit
480 782 738 827 extremum,
766 770 916 831 procul
946 769 1082 814 dubio
1105 768 1237 814 semel
1256 767 1423 822 Iit‚om-

29 844 153 888 nium
176 859 276 903 quae
294 845 469 888 remissa
493 859 583 888 non
609 841 776 887 fuerint
790 842 1164 900 peccatorumPEt
1183 838 1316 897 magis
1336 837 1425 895 ipsa

32 914 255 960 damnatio
277 915 437 968 semel,
463 929 597 975 quam
621 912 812 957 remissio
845 921 1120 970 peccatorum
1140 926 1215 969 per
1245 907 1426 967 gratiam

32 986 193 1032 Christi
223 985 357 1031 semel
390 987 454 1030 fit.
487 985 705 1039 Quoniam
739 983 772 1027 si
811 992 908 1042 post
944 982 1204 1041 baptismum
1244 980 1427 1039 quisque

33 1057 312 1116 peccaverit,
345 1072 434 1101 non
461 1056 613 1101 eadem
648 1062 749 1099 sunt
780 1062 957 1112 peccata
984 1074 994 1110 3
1025 1052 1098 1095 sed
1132 1067 1208 1110 per
1231 1048 1427 1094 eamdem

37 1130 215 1187 gratiam
237 1127 521 1188 peccantibus
543 1126 825 1170 remittuntur
846 1145 857 1181 3
883 1139 971 1168 non
994 1121 1234 1176 semel,nec
1257 1120 1427 1179 septieS,

35 1199 111 1244 sed
133 1201 260 1244 etiam
294 1202 536 1259 septuagies
558 1198 713 1256 septies
741 1198 771 1237 ¹.
796 1195 958 1239 Eadem
984 1194 1118 1252 gratia
1144 1190 1342 1252 quotidie
1362 1189 1430 1232 di·

35 1270 172 1315 mittit
189 1270 415 1315 orantibus
445 1270 573 1314 etiarn
604 1266 859 1328 quotidiana
891 1273 1091 1324 peccata,
1117 1278 1217 1306 curn
1240 1260 1394 1306 dicunt
1420 1278 1429 1303 :

39 1360 59 1384 «
76 1342 255 1387 Dimitte
269 1342 393 1387 nobis
409 1340 556 1385 debita
568 1348 714 1384 nostra
725 1339 740 1362 ²
754 1358 765 1395 3
780 1356 798 1378 »
812 1337 1021 1381 veraciter
1035 1333 1258 1388 addentes,
1277 1352 1296 1375 «
1315 1331 1435 1377 Sicut

39 1431 59 1455 »
76 1423 120 1458 et
133 1413 396 1458 dimittimus
409 1411 684 1457 debitoribus
698 1409 868 1454 nostris.
889 1426 907 1448 »
927 1407 1072 1452 Gratia
1091 1422 1193 1464 ergo
1218 1421 1269 1449 ex
1286 1403 1435 1447 inultis

36 1483 221 1540 delictis,
242 1486 332 1531 sive
350 1484 517 1542 singula
532 1484 576 1526 in
593 1480 788 1540 singuliS,
807 1480 894 1524 sive
916 1478 960 1521 in
980 1477 1242 1538 quibusdam
1266 1489 1402 1535 pauca
1421 1507 1431 1527 ‚

36 1556 82 1600 in
105 1557 369 1617 quibusdam
398 1556 588 1615 plurima
614 1551 830 1597 invenerit
856 1585 866 1605 ,
898 1550 985 1594 sive
1007 1566 1105 1609 quae
1140 1558 1239 1593 ante
1271 1546 1435 1605 baptis-

39 1642 161 1671 mum
177 1661 188 1682 ,
227 1627 316 1671 sive
351 1635 452 1670 ante
482 1633 629 1684 postea
668 1621 1026 1673 committuntur,
1069 1630 1111 1664 et
1150 1616 1406 1677 poenitendo
1426 1648 1436 1669 ,

41 1698 207 1743 orando
227 1732 238 1753 ,
264 1697 560 1754 eleemosynas
588 1695 735 1740 dando
759 1703 995 1746 sanantur,
1016 1692 1060 1734 in
1079 1688 1436 1749 justificationem

42 1770 190 1825 mittit,
208 1785 317 1829 quos
340 1785 364 1813 a
385 1768 666 1812 damnatione
688 1767 846 1810 liberat
871 1782 880 1808 .·
901 1765 995 1808 haec
1013 1762 1128 1805 enim
1151 1760 1293 1805 onmia
1309 1793 1319 1813 ,
1345 1761 1436 1816 ipsa

44 1850 147 1886 sunt
163 1840 319 1897 multa,
345 1856 394 1884 ex
417 1839 577 1900 quibus
595 1837 742 1882 multis
760 1836 967 1896 justificat
989 1834 1141 1893 gratia,
1169 1835 1277 1885 Quae
1296 1830 1329 1873 si
1350 1844 1439 1872 non

45 1912 297 1967 subveniat,
322 1910 522 1971 profecto
552 1910 680 1954 etiam
699 1924 749 1952 ex
769 1923 857 1951 uno
881 1905 1059 1960 delicto,
1085 1919 1174 1948 non
1197 1901 1317 1961 quod
1340 1914 1439 1958 pro-

48 1983 189 2043 prium
206 1983 392 2043 quisque
414 1980 650 2027 committit
668 2014 678 2034 ,
695 1979 779 2030 hoc
801 1978 916 2022 enim
938 1977 1032 2020 loco
1056 1991 1145 2019 non
1162 1971 1263 2016 inde
1286 1971 1439 2030 loque-

46 2054 178 2099 batur
200 2053 458 2114 Apostolus,
485 2052 560 2097 sed
593 2049 713 2111 quod
742 2064 818 2108 per
835 2062 971 2092 unum
993 2053 1241 2105 peccantem
1266 2038 1444 2085 intravit

49 2125 95 2169 in
121 2125 336 2169 mundum
367 2125 455 2169 itur
477 2124 531 2168 ad
561 2120 887 2166 damnationem
915 2139 926 2175 3
962 2118 1044 2161 hoc
1075 2115 1189 2159 enim
1211 2109 1444 2172 Apostolus

51 2195 370 2241 evidentissime
388 2193 611 2255 expressit.
632 2194 783 2252 Neque
800 2191 915 2234 enirn
931 2188 991 2232 ait
1004 2187 1114 2231 sicut
1137 2195 1200 2239 tu,
1220 2186 1317 2228 Non
1335 2181 1446 2225 sicut

51 2283 129 2327 per
151 2284 289 2312 unum
313 2276 566 2328 peccatum3
591 2274 801 2324 tanquam
831 2259 1048 2319 singulum
1067 2258 1276 2317 cujusque
1297 2252 1446 2297 volens

0 2387 1 2392 ,
54 2339 238 2399 intelligi
268 2359 277 2385 2
306 2339 381 2384 sed
408 2339 466 2384 ait
491 2357 499 2384 ε
526 2358 546 2380 «
571 2340 669 2382 Non
691 2335 802 2379 sicut
822 2348 898 2393 per
920 2346 1057 2376 unum
1085 2335 1337 2389 peccantem
1362 2324 1393 2365 ³.
1425 2341 1442 2362 »

0 2459 1 2472 ἵ
57 2411 188 2468 Aperi
222 2409 372 2455 oculos
390 2445 401 2464 ‚
432 2418 475 2453 et
502 2408 596 2466 lege
618 2427 628 2465 3
652 2414 696 2450 et
719 2404 808 2449 noli
841 2413 1049 2462 tanquam
1078 2400 1198 2444 caecis
1220 2394 1337 2440 aliud
1369 2407 1447 2452 pro

0 2495 1 2522 i
59 2479 144 2524 alio
162 2481 274 2525 velle
295 2495 555 2540 supponere.

121 2553 320 2597 CCXIII.
345 2554 572 2596 quANus.
603 2567 622 2591 «
646 2547 730 2593 Sed
747 2548 830 2591 hoc
846 2542 1012 2588 curavit
1031 2540 1268 2600 exprimere
1289 2555 1297 2582 ε
1317 2537 1447 2589 Cum,
1477 2560 1483 2565 -

118 2643 124 2659 ¹
145 2637 258 2671 Matth.
277 2648 369 2680 xvm,
389 2646 444 2669 22.
460 2653 500 2660 -
520 2642 530 2658 ²
552 2634 665 2675 1d.v1‚
688 2628 816 2665 12.-3
836 2631 924 2662 Rom.
942 2639 976 2669 v,
997 2626 1050 2659 16.
