1884 3285
425 319 507 358 412
863 324 894 352 s.
935 323 1164 353 Auens-nm
1197 323 1377 353 Emscom

420 404 582 440 nantur
602 395 656 438 ab
679 394 759 446 eis,
785 393 1053 452 quicumque
1074 392 1133 435 ita
1154 399 1254 435 sunt
1276 404 1425 435 omnes
1442 424 1453 444 ‚
1480 397 1528 434 ut
1555 389 1640 434 sint
1660 402 1807 434 tamen

419 467 561 527 pauci.
589 463 747 523 Capilli
769 463 932 523 quippe
954 462 1140 506 hominis
1163 476 1335 516 omnes,
1359 461 1488 505 etiam
1518 460 1644 505 multi
1676 469 1804 520 sunt3

419 537 540 595 digiti
563 550 666 579 vero
687 535 815 578 etiam
838 548 988 578 omnes
1005 568 1016 588 ‚
1040 533 1164 592 pauci
1187 541 1301 577 sunt.

475 608 668 651 CXLVI.
697 607 924 649 JULtANtls.
955 622 975 646 «
999 606 1154 647 Totum
1176 603 1365 662 denique
1384 601 1507 662 quod
1522 610 1684 661 egerat,
1702 617 1807 647 eno-

416 677 535 721 davit
557 676 704 721 dicens
724 695 732 721 ε
757 694 776 717 »
805 695 825 717 «
848 676 967 720 Sicut
990 676 1103 718 enim
1123 690 1200 734 per
1221 672 1563 718 inobedientiam
1581 673 1711 717 unius
1727 674 1807 717 ho-

418 766 438 789 »
468 748 595 791 minis
618 756 862 806 peccatores
884 746 1110 790 constituti
1133 755 1235 790 sunt
1257 744 1408 799 multi,
1434 745 1493 788 ita
1517 753 1560 788 et
1579 759 1656 804 per
1677 743 1807 787 unius

417 836 436 858 η
469 818 761 861 obedientiam
793 818 898 877 justi
941 814 1263 861 constituentur
1305 815 1455 858 multi¹
1494 833 1503 859 ς
1544 832 1563 855 »
1609 823 1659 858 ut
1696 814 1807 858 sicut

413 903 542 931 nemo
562 888 931 946 praemiayirtutis
965 896 1180 941 meretur,
1211 886 1290 930 nisi
1320 886 1397 945 qui
1427 885 1481 929 ad
1511 900 1587 939 ea,
1619 893 1717 944 post
1738 885 1806 928 in-

411 958 706 1002 carnationem
746 968 891 1002 tamen
926 958 1116 1011 Christi,
1160 957 1396 1001 sanctitatis
1432 957 1525 1016 ejus
1564 955 1807 999 imitatione

410 1028 713 1085 contenderit3
750 1029 808 1072 ita
836 1029 881 1072 in
912 1027 1049 1072 Adam
1082 1028 1389 1086 praevaricator
1421 1040 1550 1069 nemo
1580 1034 1803 1080 teneatur,

410 1098 488 1142 nisi
513 1099 589 1158 qui
613 1099 657 1141 in
686 1099 1021 1157 transgressione
1055 1097 1160 1154 legis
1188 1096 1317 1156 primi
1346 1095 1533 1139 hominis
1564 1094 1806 1138 imitatione

408 1167 656 1228 deliquerit.
683 1187 702 1208 υ

467 1241 758 1283 Anausrmus.
798 1241 890 1283 Hoc
912 1247 976 1282 est
992 1238 1214 1282 occultum
1233 1247 1276 1281 et
1294 1237 1560 1281 horrendum
1582 1237 1700 1281 virus
1721 1236 1804 1279 hae-

407 1309 507 1352 resis
525 1318 693 1363 vestrm,
714 1317 763 1352 ut
777 1309 914 1353 velitis
933 1309 1113 1368 gratiam
1129 1309 1290 1353 Christi
1306 1309 1349 1351 in
1369 1307 1570 1367 exemplo
1588 1309 1680 1367 ejus
1695 1322 1801 1361 esse,

406 1394 494 1422 non
524 1380 567 1422 in
602 1379 720 1423 dono
751 1381 869 1439 ejus,
902 1380 1119 1433 dicentes,
1158 1380 1260 1438 quia
1289 1394 1366 1438 per
1394 1380 1485 1438 ejus
1519 1379 1803 1423 imitationem

405 1450 516 1493 fiunt
542 1451 671 1509 justi,
706 1466 794 1494 non
818 1466 895 1509 per
924 1451 1370 1494 subministrationem
1405 1450 1610 1509 Spriritus
1642 1450 1800 1503 sancti,

405 1530 453 1562 ut
476 1535 574 1563 eum
592 1521 819 1564 imitentur
842 1519 1042 1577 adducti3
1067 1536 1198 1580 quem
1227 1521 1435 1579 Spiritum
1459 1536 1588 1579 super
1610 1535 1709 1564 suos
1732 1520 1802 1563 di-

404 1590 564 1633 tissime
587 1589 742 1633 effudit
772 1609 780 1635 :
814 1600 855 1634 et
879 1592 1001 1650 quasi
1028 1590 1253 1649 vigilanter
1275 1590 1452 1644 additis‚
1485 1609 1503 1632 «
1529 1600 1627 1650 post
1657 1591 1801 1634 incar·

404 1661 622 1704 nationem
650 1671 795 1705 tamen
818 1662 935 1721 ejus3
962 1681 980 1703 »
1007 1671 1184 1721 propter
1208 1662 1409 1721 antiquos
1432 1661 1635 1706 videlicet
1653 1696 1663 1715 ‚
1690 1676 1802 1720 quos

401 1731 492 1773 sine
519 1731 653 1788 gratia
678 1733 767 1790 ejus
792 1731 921 1775 fuisse
945 1733 1087 1776 dicitis
1106 1734 1245 1791 justos
1263 1767 1272 1785 ‚
1299 1748 1350 1776 eo
1373 1731 1493 1791 quod
1520 1747 1609 1775 non
1632 1731 1802 1775 habue-

400 1802 487 1845 rint
518 1803 608 1861 ejus
638 1801 903 1860 exemplum.
930 1803 1047 1856 Quid
1069 1804 1100 1847 si
1126 1819 1229 1862 ergo
1254 1813 1297 1847 et
1322 1812 1419 1862 post
1454 1803 1799 1847 incarnationem

399 1871 583 1926 Christi,
610 1872 808 1916 nondum
834 1872 985 1916 audito
1009 1872 1270 1932 Evangelio,
1292 1873 1598 1932 proposuerint
1621 1872 1702 1916 sibi
1718 1872 1799 1916 ali-

400 1942 476 2001 qui
495 1942 691 1986 homines
709 1943 982 2001 superiorum
997 1944 1190 2002 exempla
1207 1945 1441 2003 justorum,
1459 1944 1662 2003 justeque
1676 1943 1799 1986 vixe-

402 2011 518 2056 rint?
540 2013 645 2072 quid
669 2012 820 2070 agitis?
844 2014 919 2056 ubi
938 2028 1012 2057 vos
1035 2014 1215 2057 videtis?
1239 2016 1382 2057 Ita-ne
1412 2028 1514 2057 vero
1537 2013 1604 2056 isti
1628 2013 1798 2057 virtutis

401 2084 575 2141 praemia
604 2099 692 2127 non
723 2086 980 2127 merentur?
1015 2085 1056 2128 Si
1093 2099 1195 2141 ergo
1225 2099 1276 2127 ex
1298 2086 1517 2143 justorum
1551 2083 1798 2128 imitatione

394 2155 589 2211 justitia?
614 2154 852 2199 «Christus
875 2155 1003 2212 gratis
1033 2164 1232 2198 mortuus
1265 2158 1357 2198 est‘2
1385 2174 1393 2199 ε
1426 2172 1445 2195 n
1474 2154 1584 2207 Quia
1617 2152 1797 2198 fuerunt

395 2225 499 2283 justi
530 2233 573 2267 et
603 2233 702 2268 ante
733 2226 897 2282 ipsum,
926 2241 1035 2285 quos
1058 2225 1214 2269 imitari
1240 2233 1441 2284 possent,
1477 2225 1552 2285 qui
1578 2225 1684 2284 justi
1707 2239 1797 2268 esse

399 2294 650 2338 voluissent.
674 2294 790 2347 Quid
808 2304 871 2338 est
888 2296 1017 2338 etiam
1036 2295 1154 2355 quod
1176 2294 1408 2354 Apostolus
1426 2310 1514 2339 non
1533 2295 1620 2349 ait,
1649 2313 1670 2336 «
1692 2294 1797 2337 lmi-

400 2374 558 2409 tatores
581 2373 717 2409 estote
740 2365 929 2419 Christi,
955 2366 1066 2409 sicut
1094 2375 1136 2409 et
1166 2381 1275 2423 ego3
1299 2384 1318 2406 »
1346 2365 1421 2409 sed
1443 2367 1522 2419 ait,
1554 2384 1573 2406 «
1600 2365 1796 2418 Imitato-

401 2454 421 2475 »
450 2450 514 2478 res
542 2435 627 2478 mei
665 2443 822 2488 estote,
860 2436 971 2479 sicut
1007 2444 1049 2478 et
1084 2451 1164 2494 ego
1197 2436 1423 2480 Christiss?
1452 2454 1470 2476 η
1504 2438 1621 2494 Ergo
1644 2451 1688 2479 se
1712 2433 1794 2479 illis

398 2506 536 2550 voluit
565 2522 654 2550 esse
682 2522 761 2565 pro
788 2506 985 2551 Christo?
1010 2506 1258 2549 Videtis-ne
1287 2521 1388 2566 quae
1410 2505 1521 2550 mala
1545 2521 1619 2550 vos
1648 2521 1795 2550 eonse-

399 2585 606 2637 quantur,
626 2577 803 2636 quando
820 2578 958 2621 Adam
975 2586 1019 2621 et
1035 2577 1257 2622 Christum
1273 2576 1483 2636 Apostolo
1501 2586 1788 2637 proponente,

449 2673 457 2689 ¹
480 2670 572 2700 Rom.
593 2679 626 2709 v,
650 2679 699 2711 19.
715 2675 781 2693 —2
801 2668 870 2701 Gal.
889 2679 925 2710 ιι,
945 2677 1052 2701 2¹.—-
1069 2667 1082 2691 3
1105 2679 1117 2700 1
1136 2670 1206 2702 Cor.
1229 2679 1273 2710 xr,
1293 2671 1323 2701 8.
