1821 3264
252 248 396 276 opums
428 243 604 273 mnar-
639 239 804 269 cowrm
835 238 1004 266 snum.
1042 237 1122 264 Lm.
1155 237 1183 261 1.
1329 222 1413 259 259

39 335 60 358 »
86 315 226 360 omnis
261 314 336 373 qui
371 310 475 355 facit
495 315 723 367 peccatum
742 339 753 358 ‚
784 318 930 347 servus
959 310 1022 345 est
1053 299 1231 360 peccati.
1263 299 1418 342 Servus

40 405 59 428 »
85 394 229 430 autem
254 399 342 427 non
369 389 516 426 manet
542 379 586 422 in
610 377 741 420 domo
771 375 815 417 in
848 382 1058 416 aeternum
1085 406 1096 426 ,
1126 370 1240 414 filius
1275 377 1421 412 autem

39 475 59 498 »
82 462 230 499 manet
247 454 291 496 in
315 460 528 495 aeternum
547 449 565 492 P
585 447 627 492 Si
650 460 753 504 ergo
769 442 906 488 Filius
928 457 1003 487 vos
1025 439 1293 494 liberaverit,
1319 447 1424 482 tunc

38 543 58 568 »
83 539 186 570 vere
207 522 333 567 liberi
350 521 468 565 eritis
488 521 520 562 ¹.
549 535 571 558 »ν

95 598 388 639 Αυουετωυε».
428 585 618 634 Attende
652 583 774 644 quod
809 582 977 626 dictum
1010 589 1074 624 est
1114 598 1123 624 :
1160 579 1310 623 Omnis
1350 576 1428 636 qui

37 665 141 710 facit
168 672 413 724 peccatum.
440 662 536 705 Non
557 656 673 701 enim
698 656 757 699 ait
777 689 788 709 ‚
809 653 884 715 qui
906 651 1009 696 fecit
1030 671 1042 708 3
1067 649 1142 695 sed
1160 684 1172 705 ,
1203 649 1280 709 qui
1308 647 1426 692 facit.

37 740 94 782 Et
115 752 205 781 non
228 736 293 780 vis
315 750 415 779 eum
436 734 492 777 ab
523 733 608 776 hoc
632 728 745 773 malo
761 727 947 772 liberare
969 725 1169 770 homines
1204 743 1212 767 2
1244 737 1334 766 non
1366 721 1431 765 vis

37 821 136 850 eum
160 807 244 850 hoc
270 806 368 850 loco
385 803 516 848 talem
539 800 792 860 promittere
812 797 1077 849 libertatem,
1098 810 1185 854 qua
1204 800 1432 853 peccatum

37 891 128 920 non
160 874 366 920 faciamus
391 895 404 931 3
427 872 503 927 sed
533 870 635 915 ideo
667 865 975 913 tantummodo
996 865 1212 918 liberare5
1243 863 1344 921 quia
1366 859 1433 905 fe-

37 949 190 991 cimus.

97 1016 384 1060 LXXXVIII.
412 1015 638 1056 Jcmmus.
671 1028 690 1051 «
716 1007 897 1067 Aperuit
920 1040 931 1059 ‚
951 1004 1006 1048 de
1022 1019 1107 1063 qua
1126 1004 1196 1046 hic
1224 1001 1433 1046 servitute

37 1086 308 1145 loqueretur.
344 1103 362 1125 «
384 1082 535 1127 Omnis
551 1116 562 1136 ,
587 1080 732 1140 inquit
748 1113 759 1133 ‚
784 1079 861 1136 qui
883 1077 987 1121 facit
1010 1084 1258 1134 peccatum,
1286 1085 1433 1115 servus

42 1166 144 1200 »est
166 1153 331 1214 peccati
353 1157 384 1196 ².
410 1171 430 1194 »
457 1154 550 1196 Hoc
583 1160 727 1194 autem
765 1149 905 1207 ipsum
948 1160 1078 1205 quam
1107 1143 1339 1187 vehemens
1372 1148 1437 1184 est

39 1235 190 1271 contra
228 1239 417 1268 errorem
450 1232 643 1267 vestrum
665 1254 675 1274 ,
713 1220 814 1278 quia
848 1216 977 1270 dicit,
1015 1228 1186 1258 servum
1218 1227 1307 1256 non
1342 1225 1432 1254 esse

38 1296 233 1355 peccati,
259 1294 341 1337 nisi
361 1308 460 1336 eum
491 1291 566 1350 qui
601 1289 750 1333 fecerit
782 1288 870 1345 ipse
899 1294 1126 1345 peccatum
1155 1303 1166 1339 3
1199 1298 1278 1325 nec
1309 1294 1434 1339 posse

40 1366 244 1424 cuiquam
269 1363 490 1406 adhaerere
514 1368 740 1418 peccatum
756 1392 765 1410 ,
785 1354 905 1415 quod
929 1370 1017 1398 non
1038 1354 1072 1396 is
1092 1352 1145 1396 de
1168 1367 1257 1411 quo
1274 1350 1432 1408 agitur,

40 1451 118 1496 per
138 1450 182 1479 se
200 1469 212 1490 ‚
243 1443 319 1478 aut
348 1432 518 1476 actione
537 1464 547 1484 ,
571 1438 646 1472 aut
675 1427 744 1471 vel
771 1425 859 1470 sola
891 1423 1153 1469 commiserit
1186 1421 1428 1465 voluntate.

41 1509 183 1560 Quam
205 1504 335 1547 etiam
357 1499 546 1546 ostendit
578 1497 902 1542 universitatem
932 1493 1113 1537 humani
1149 1491 1316 1550 generis
1341 1504 1430 1533 non

42 1590 165 1635 posse
192 1575 284 1634 jam
310 1589 334 1616 a
362 1569 539 1615 diabolo
572 1565 809 1628 possideri,
842 1579 943 1608 cum
976 1561 1296 1606 distinctionem
1328 1558 1432 1602 facit

43 1647 157 1690 inter
185 1658 354 1688 servum
379 1649 424 1685 et
453 1640 593 1684 filium
610 1673 621 1693 ‚
645 1637 691 1680 id
710 1645 798 1690 est,
815 1636 982 1695 justum
1017 1641 1059 1676 et
1084 1632 1310 1691 injustum‹
1350 1629 1432 1673 Hic

44 1715 159 1760 enim
175 1748 184 1757 .
205 1722 255 1757 ut
276 1727 320 1756 se
334 1711 549 1763 Christus,
574 1709 631 1751 ita
654 1706 781 1750 etiam
805 1717 1166 1763 unumquemque
1181 1709 1430 1745 sanctorum

45 1802 69 1831 a
97 1798 321 1830 servorum
354 1781 604 1826 conditione
631 1775 857 1836 separabat
884 1793 894 1819 z
925 1774 1036 1818 sicut
1057 1772 1238 1816 fuerunt
1262 1780 1304 1814 et
1332 1778 1433 1813 ante

44 1858 198 1909 Vetus,
216 1863 261 1898 et
281 1853 327 1897 in
346 1854 502 1896 Vetere
527 1851 824 1899 Testamento,
859 1859 967 1904 quos
988 1843 1033 1886 in
1055 1842 1186 1885 domo
1210 1840 1346 1885 Patris
1368 1839 1433 1883 sui

46 1939 222 1970 manere
243 1958 253 1979 ‚
279 1932 322 1967 et
343 1923 389 1966 in
420 1935 569 1964 mensa
596 1919 686 1978 ejus
707 1915 935 1959 denuntiat
955 1911 1188 1974 jucundari
1209 1913 1241 1954 3.
1276 1913 1434 1954 Totum

48 1997 132 2041 hoc
162 2004 308 2039 autem
340 1989 653 2036 exhortationis
677 2001 813 2046 genus
835 1986 981 2043 inepte
1008 1981 1226 2042 prolatum
1246 1989 1380 2036 esset,
1401 1978 1438 2023 si

49 2082 139 2111 non
157 2064 284 2109 liberi
305 2062 470 2107 arbitrii
491 2059 688 2104 homines
709 2055 976 2101 conveniret.
1001 2071 1022 2094 »

110 2139 402 2180 Anat-smus.
441 2129 658 2176 Convenit
681 2126 809 2186 plane
830 2125 930 2168 ideo
961 2121 1164 2166 facientes
1185 2127 1437 2180 peccatum,

52 2207 154 2267 quia
176 2204 286 2249 servi
301 2212 403 2247 sunt
418 2200 599 2261 peccati,
617 2208 666 2242 ut
684 2206 859 2255 accepta
881 2194 1084 2238 libertate
1105 2207 1235 2251 quam
1260 2190 1443 2250 promit-

54 2278 123 2332 tit,
149 2276 350 2320 desinant
374 2273 516 2317 facere
533 2278 776 2330 peccatum.
813 2265 1043 2324 Regnabat
1078 2276 1267 2321 namque
1290 2275 1445 2319 pecca-

56 2359 151 2393 tum
188 2348 233 2391 in
261 2360 409 2390 eorum
447 2341 620 2387 mortali
651 2353 854 2397 corpore,
878 2337 935 2380 ita
960 2345 1009 2379 ut
1034 2332 1263 2378 obedirent
1286 2346 1449 2375 concu-

57 2418 276 2479 piscentiis
297 2418 412 2476 ejus,
442 2423 485 2458 et
517 2412 773 2456 exhiberent
807 2408 999 2451 membra
1034 2419 1152 2448 arma
1187 2402 1447 2461 iniquitatis,

63 2497 240 2549 peceato
262 2487 296 2530 4.
320 2488 484 2531 Contra
504 2484 588 2527 hoc
611 2496 712 2538 ergo
735 2478 895 2522 malum
912 2511 922 2530 ‚
949 2490 1037 2533 quo
1065 2482 1287 2532 peccatum
1317 2470 1453 2514 facie-

114 2579 125 2596 ¹
145 2574 237 2606 Joan.
252 2580 325 2610 vm,
345 2569 463 2611 34-35.
479 2583 520 2590 —
536 2573 549 2589 ²
567 2565 651 2599 ibid.
668 2580 709 2587 -=·
725 2561 738 2586 ³
757 2565 835 2595 Luc.
858 2572 927 2601 xm,
951 2562 1002 2592 28.
1017 2576 1052 2582 -
1070 2558 1085 2587 4
1100 2560 1260 2597 R0n=.v1‚
1287 2564 1339 2593 12,
1366 2554 1400 2585 13
1462 2569 1469 2574 -

1174 2613 1240 2649 17.
