<?xml version="1.0" encoding="UTF-8"?>
<!DOCTYPE html PUBLIC "-//W3C//DTD XHTML 1.0 Transitional//EN"
    "http://www.w3.org/TR/xhtml1/DTD/xhtml1-transitional.dtd">
<html xmlns="http://www.w3.org/1999/xhtml" xml:lang="en" lang="en">
 <head>
  <title>
</title>
<meta http-equiv="Content-Type" content="text/html;charset=utf-8" />
  <meta name='ocr-system' content='tesseract 3.04.00' />
  <meta name='ocr-capabilities' content='ocr_page ocr_carea ocr_par ocr_line ocrx_word'/>
</head>
<body>
  <div class='ocr_page' id='page_1' title='image "./operaomniaaccura36auguuoft/operaomniaaccura36auguuoft_0531.png"; bbox 0 0 1821 3264; ppageno 0'>
   <div class='ocr_carea' id='block_1_1' title="bbox 252 255 1422 299">
    <p class='ocr_par' dir='ltr' id='par_1_1' title="bbox 252 255 1422 299">
     <span class='ocr_line' id='line_1_1' title="bbox 252 255 1422 299; baseline -0.003 0"><span class='ocrx_word' id='word_1_1' title='bbox 252 273 395 299; x_wconf 79' lang='lat' dir='ltr'>OPERIS</span> <span class='ocrx_word' id='word_1_2' title='bbox 429 271 605 298; x_wconf 63' lang='lat' dir='ltr'>lMPERR</span> <span class='ocrx_word' id='word_1_3' title='bbox 639 267 804 296; x_wconf 72' lang='lat' dir='ltr'>CONTRA</span> <span class='ocrx_word' id='word_1_4' title='bbox 835 266 1002 296; x_wconf 78' lang='lat' dir='ltr'><strong>JULIAN.</strong></span> <span class='ocrx_word' id='word_1_5' title='bbox 1039 269 1121 295; x_wconf 76' lang='lat' dir='ltr'>Lm.</span> <span class='ocrx_word' id='word_1_6' title='bbox 1158 270 1204 294; x_wconf 96' lang='lat'>11.</span> <span class='ocrx_word' id='word_1_7' title='bbox 1338 255 1422 295; x_wconf 81' lang='lat'>435</span> 
     </span>
    </p>
   </div>
   <div class='ocr_carea' id='block_1_2' title="bbox 47 332 1468 2592">
    <p class='ocr_par' dir='ltr' id='par_1_2' title="bbox 47 332 1454 1877">
     <span class='ocr_line' id='line_1_2' title="bbox 47 332 1429 393; baseline -0.004 -10"><span class='ocrx_word' id='word_1_8' title='bbox 47 338 270 384; x_wconf 86' lang='lat' dir='ltr'>mulierem</span> <span class='ocrx_word' id='word_1_9' title='bbox 303 335 591 381; x_wconf 84' lang='lat' dir='ltr'>nominaverit</span> <span class='ocrx_word' id='word_1_10' title='bbox 615 369 626 388; x_wconf 97' lang='lat'>,</span> <span class='ocrx_word' id='word_1_11' title='bbox 650 349 702 377; x_wconf 81' lang='lat' dir='ltr'>ex</span> <span class='ocrx_word' id='word_1_12' title='bbox 725 350 810 393; x_wconf 86' lang='lat' dir='ltr'>qua</span> <span class='ocrx_word' id='word_1_13' title='bbox 832 332 915 378; x_wconf 86' lang='lat' dir='ltr'>fuit</span> <span class='ocrx_word' id='word_1_14' title='bbox 937 333 1106 377; x_wconf 89' lang='lat' dir='ltr'>initium</span> <span class='ocrx_word' id='word_1_15' title='bbox 1130 333 1294 392; x_wconf 85' lang='lat' dir='ltr'>peccati</span> <span class='ocrx_word' id='word_1_16' title='bbox 1317 367 1328 387; x_wconf 95' lang='lat'>,</span> <span class='ocrx_word' id='word_1_17' title='bbox 1352 334 1429 377; x_wconf 88' lang='lat' dir='ltr'>sed</span> 
     </span>
     <span class='ocr_line' id='line_1_3' title="bbox 47 402 1430 463; baseline -0.006 -9"><span class='ocrx_word' id='word_1_18' title='bbox 47 424 185 454; x_wconf 91' lang='lat' dir='ltr'>unum</span> <span class='ocrx_word' id='word_1_19' title='bbox 207 407 429 452; x_wconf 91' lang='lat' dir='ltr'>hominem</span> <span class='ocrx_word' id='word_1_20' title='bbox 456 426 468 463; x_wconf 77' lang='lat'>3</span> <span class='ocrx_word' id='word_1_21' title='bbox 496 413 569 449; x_wconf 88' lang='lat' dir='ltr'>aut</span> <span class='ocrx_word' id='word_1_22' title='bbox 585 413 634 448; x_wconf 89' lang='lat' dir='ltr'>ut</span> <span class='ocrx_word' id='word_1_23' title='bbox 649 404 737 462; x_wconf 88' lang='lat' dir='ltr'>ipsa</span> <span class='ocrx_word' id='word_1_24' title='bbox 756 419 932 463; x_wconf 88' lang='lat' dir='ltr'>quoque</span> <span class='ocrx_word' id='word_1_25' title='bbox 953 403 997 447; x_wconf 91' lang='lat' dir='ltr'>in</span> <span class='ocrx_word' id='word_1_26' title='bbox 1021 402 1095 447; x_wconf 90' lang='lat' dir='ltr'>illo</span> <span class='ocrx_word' id='word_1_27' title='bbox 1118 402 1430 460; x_wconf 80' lang='lat' dir='ltr'><strong>intelligeretur</strong></span> 
     </span>
     <span class='ocr_line' id='line_1_4' title="bbox 47 473 1427 540; baseline -0.005 -17"><span class='ocrx_word' id='word_1_28' title='bbox 47 487 223 540; x_wconf 83' lang='lat' dir='ltr'>propter</span> <span class='ocrx_word' id='word_1_29' title='bbox 243 492 376 522; x_wconf 88' lang='lat' dir='ltr'>unam</span> <span class='ocrx_word' id='word_1_30' title='bbox 407 489 580 521; x_wconf 88' lang='lat' dir='ltr'>carnem</span> <span class='ocrx_word' id='word_1_31' title='bbox 597 509 608 529; x_wconf 88' lang='lat'>,</span> <span class='ocrx_word' id='word_1_32' title='bbox 634 483 707 517; x_wconf 90' lang='lat' dir='ltr'>aut</span> <span class='ocrx_word' id='word_1_33' title='bbox 727 473 847 534; x_wconf 89' lang='lat' dir='ltr'>quod</span> <span class='ocrx_word' id='word_1_34' title='bbox 865 490 889 518; x_wconf 85' lang='lat' dir='ltr'>a</span> <span class='ocrx_word' id='word_1_35' title='bbox 908 475 1000 518; x_wconf 91' lang='lat' dir='ltr'>viro</span> <span class='ocrx_word' id='word_1_36' title='bbox 1018 473 1169 532; x_wconf 85' lang='lat' dir='ltr'>incipit</span> <span class='ocrx_word' id='word_1_37' title='bbox 1193 474 1427 532; x_wconf 86' lang='lat' dir='ltr'>generatio,</span> 
     </span>
     <span class='ocr_line' id='line_1_5' title="bbox 48 543 1433 611; baseline -0.006 -16"><span class='ocrx_word' id='word_1_38' title='bbox 48 565 125 611; x_wconf 87' lang='lat' dir='ltr'>per</span> <span class='ocrx_word' id='word_1_39' title='bbox 151 564 284 610; x_wconf 88' lang='lat' dir='ltr'>quam</span> <span class='ocrx_word' id='word_1_40' title='bbox 311 547 488 593; x_wconf 88' lang='lat' dir='ltr'>volebat</span> <span class='ocrx_word' id='word_1_41' title='bbox 523 544 750 590; x_wconf 81' lang='lat' dir='ltr'>ostendere</span> <span class='ocrx_word' id='word_1_42' title='bbox 772 545 814 587; x_wconf 92' lang='lat' dir='ltr'>in</span> <span class='ocrx_word' id='word_1_43' title='bbox 839 543 1054 588; x_wconf 89' lang='lat' dir='ltr'>mundum</span> <span class='ocrx_word' id='word_1_44' title='bbox 1076 544 1254 588; x_wconf 83' lang='lat' dir='ltr'>intrasse</span> <span class='ocrx_word' id='word_1_45' title='bbox 1276 559 1433 603; x_wconf 87' lang='lat' dir='ltr'>pecca-</span> 
     </span>
     <span class='ocr_line' id='line_1_6' title="bbox 49 614 1432 677; baseline -0.006 -12"><span class='ocrx_word' id='word_1_46' title='bbox 49 630 159 665; x_wconf 90' lang='lat' dir='ltr'>tum.</span> <span class='ocrx_word' id='word_1_47' title='bbox 189 620 273 665; x_wconf 87' lang='lat' dir='ltr'>Sed</span> <span class='ocrx_word' id='word_1_48' title='bbox 290 619 501 672; x_wconf 90' lang='lat' dir='ltr'>homines,</span> <span class='ocrx_word' id='word_1_49' title='bbox 519 616 595 677; x_wconf 90' lang='lat' dir='ltr'>qui</span> <span class='ocrx_word' id='word_1_50' title='bbox 616 615 758 660; x_wconf 87' lang='lat' dir='ltr'>dicitis</span> <span class='ocrx_word' id='word_1_51' title='bbox 771 624 954 659; x_wconf 90' lang='lat' dir='ltr'>mortem</span> <span class='ocrx_word' id='word_1_52' title='bbox 976 630 1076 674; x_wconf 86' lang='lat' dir='ltr'>quae</span> <span class='ocrx_word' id='word_1_53' title='bbox 1095 614 1141 657; x_wconf 91' lang='lat' dir='ltr'>in</span> <span class='ocrx_word' id='word_1_54' title='bbox 1159 623 1336 673; x_wconf 87' lang='lat' dir='ltr'>peccato</span> <span class='ocrx_word' id='word_1_55' title='bbox 1353 622 1432 668; x_wconf 87' lang='lat' dir='ltr'>est,</span> 
     </span>
     <span class='ocr_line' id='line_1_7' title="bbox 50 683 1433 745; baseline -0.007 -10"><span class='ocrx_word' id='word_1_56' title='bbox 50 691 107 735; x_wconf 90' lang='lat' dir='ltr'>ob</span> <span class='ocrx_word' id='word_1_57' title='bbox 125 690 428 743; x_wconf 85' lang='lat' dir='ltr'>imitationem,</span> <span class='ocrx_word' id='word_1_58' title='bbox 449 703 538 732; x_wconf 91' lang='lat' dir='ltr'>non</span> <span class='ocrx_word' id='word_1_59' title='bbox 556 685 895 745; x_wconf 83' lang='lat' dir='ltr'>generationem,</span> <span class='ocrx_word' id='word_1_60' title='bbox 917 685 972 728; x_wconf 92' lang='lat' dir='ltr'>ad</span> <span class='ocrx_word' id='word_1_61' title='bbox 992 692 1186 743; x_wconf 87' lang='lat' dir='ltr'>posteros</span> <span class='ocrx_word' id='word_1_62' title='bbox 1205 683 1433 737; x_wconf 83' lang='lat' dir='ltr'>transiisse,</span> 
     </span>
     <span class='ocr_line' id='line_1_8' title="bbox 50 753 1439 820; baseline -0.006 -14"><span class='ocrx_word' id='word_1_63' title='bbox 50 777 127 807; x_wconf 88' lang='lat' dir='ltr'>cur</span> <span class='ocrx_word' id='word_1_64' title='bbox 145 777 235 806; x_wconf 87' lang='lat' dir='ltr'>non</span> <span class='ocrx_word' id='word_1_65' title='bbox 257 769 404 820; x_wconf 86' lang='lat' dir='ltr'>aperte</span> <span class='ocrx_word' id='word_1_66' title='bbox 434 758 574 803; x_wconf 86' lang='lat' dir='ltr'>dicitis</span> <span class='ocrx_word' id='word_1_67' title='bbox 604 757 813 816; x_wconf 88' lang='lat' dir='ltr'>baptizari</span> <span class='ocrx_word' id='word_1_68' title='bbox 839 756 886 799; x_wconf 90' lang='lat' dir='ltr'>in</span> <span class='ocrx_word' id='word_1_69' title='bbox 903 755 1078 800; x_wconf 89' lang='lat' dir='ltr'>Christo</span> <span class='ocrx_word' id='word_1_70' title='bbox 1107 757 1211 798; x_wconf 89' lang='lat' dir='ltr'>Jesu</span> <span class='ocrx_word' id='word_1_71' title='bbox 1235 753 1439 813; x_wconf 86' lang='lat' dir='ltr'>parvulos</span> 
     </span>
     <span class='ocr_line' id='line_1_9' title="bbox 51 824 1441 886; baseline -0.008 -9"><span class='ocrx_word' id='word_1_72' title='bbox 51 848 141 877; x_wconf 87' lang='lat' dir='ltr'>nou</span> <span class='ocrx_word' id='word_1_73' title='bbox 162 832 350 876; x_wconf 83' lang='lat' dir='ltr'>debere?</span> <span class='ocrx_word' id='word_1_74' title='bbox 368 831 411 874; x_wconf 89' lang='lat' dir='ltr'>Si</span> <span class='ocrx_word' id='word_1_75' title='bbox 430 829 546 873; x_wconf 90' lang='lat' dir='ltr'>enim</span> <span class='ocrx_word' id='word_1_76' title='bbox 568 826 818 886; x_wconf 87' lang='lat' dir='ltr'>baptizandi</span> <span class='ocrx_word' id='word_1_77' title='bbox 840 835 940 869; x_wconf 88' lang='lat' dir='ltr'>sunt</span> <span class='ocrx_word' id='word_1_78' title='bbox 963 825 1009 868; x_wconf 91' lang='lat' dir='ltr'>in</span> <span class='ocrx_word' id='word_1_79' title='bbox 1023 825 1212 878; x_wconf 86' lang='lat' dir='ltr'>Christo,</span> <span class='ocrx_word' id='word_1_80' title='bbox 1231 824 1441 884; x_wconf 88' lang='lat' dir='ltr'>quoniam</span> 
     </span>
     <span class='ocr_line' id='line_1_10' title="bbox 51 893 1441 963; baseline -0.009 -16"><span class='ocrx_word' id='word_1_81' title='bbox 51 903 317 963; x_wconf 87' lang='lat' dir='ltr'>quicumque</span> <span class='ocrx_word' id='word_1_82' title='bbox 339 900 616 959; x_wconf 69' lang='lat' dir='ltr'>baptizantur</span> <span class='ocrx_word' id='word_1_83' title='bbox 636 898 682 941; x_wconf 91' lang='lat' dir='ltr'>in</span> <span class='ocrx_word' id='word_1_84' title='bbox 704 896 876 951; x_wconf 75' lang='lat' dir='ltr'>Christo</span> <span class='ocrx_word' id='word_1_85' title='bbox 896 929 906 949; x_wconf 96' lang='lat'>,</span> <span class='ocrx_word' id='word_1_86' title='bbox 933 895 977 938; x_wconf 92' lang='lat' dir='ltr'>in</span> <span class='ocrx_word' id='word_1_87' title='bbox 999 903 1137 938; x_wconf 88' lang='lat' dir='ltr'>morte</span> <span class='ocrx_word' id='word_1_88' title='bbox 1167 894 1299 952; x_wconf 86' lang='lat' dir='ltr'>ipsius</span> <span class='ocrx_word' id='word_1_89' title='bbox 1331 893 1441 951; x_wconf 89' lang='lat' dir='ltr'>bap-</span> 
     </span>
     <span class='ocr_line' id='line_1_11' title="bbox 52 963 1445 1032; baseline -0.009 -14"><span class='ocrx_word' id='word_1_90' title='bbox 52 973 240 1018; x_wconf 85' lang='lat' dir='ltr'>tizantur</span> <span class='ocrx_word' id='word_1_91' title='bbox 263 971 447 1032; x_wconf 78' lang='lat' dir='ltr'>3procul</span> <span class='ocrx_word' id='word_1_92' title='bbox 478 969 618 1013; x_wconf 90' lang='lat' dir='ltr'>dubio</span> <span class='ocrx_word' id='word_1_93' title='bbox 651 976 830 1027; x_wconf 88' lang='lat' dir='ltr'>peccato</span> <span class='ocrx_word' id='word_1_94' title='bbox 863 975 906 1009; x_wconf 90' lang='lat' dir='ltr'>et</span> <span class='ocrx_word' id='word_1_95' title='bbox 935 964 1015 1024; x_wconf 87' lang='lat' dir='ltr'>ipsi</span> <span class='ocrx_word' id='word_1_96' title='bbox 1041 965 1313 1008; x_wconf 88' lang='lat' dir='ltr'>moriuntur:</span> <span class='ocrx_word' id='word_1_97' title='bbox 1342 963 1445 1007; x_wconf 88' lang='lat' dir='ltr'>hinc</span> 
     </span>
     <span class='ocr_line' id='line_1_12' title="bbox 53 1039 1443 1104; baseline -0.009 -16"><span class='ocrx_word' id='word_1_98' title='bbox 53 1045 216 1104; x_wconf 83' lang='lat' dir='ltr'>quippe</span> <span class='ocrx_word' id='word_1_99' title='bbox 250 1042 450 1102; x_wconf 78' lang='lat' dir='ltr'>probavit</span> <span class='ocrx_word' id='word_1_100' title='bbox 487 1039 722 1100; x_wconf 84' lang='lat' dir='ltr'>Apostolus</span> <span class='ocrx_word' id='word_1_101' title='bbox 742 1073 752 1093; x_wconf 91' lang='lat'>,</span> <span class='ocrx_word' id='word_1_102' title='bbox 779 1045 958 1097; x_wconf 83' lang='lat' dir='ltr'>peccato</span> <span class='ocrx_word' id='word_1_103' title='bbox 988 1050 1066 1079; x_wconf 90' lang='lat' dir='ltr'>nos</span> <span class='ocrx_word' id='word_1_104' title='bbox 1104 1050 1193 1078; x_wconf 87' lang='lat' dir='ltr'>esse</span> <span class='ocrx_word' id='word_1_105' title='bbox 1226 1043 1443 1087; x_wconf 91' lang='lat' dir='ltr'>mortuos,</span> 
     </span>
     <span class='ocr_line' id='line_1_13' title="bbox 52 1104 1443 1175; baseline -0.01 -15"><span class='ocrx_word' id='word_1_106' title='bbox 52 1116 155 1175; x_wconf 87' lang='lat' dir='ltr'>quia</span> <span class='ocrx_word' id='word_1_107' title='bbox 176 1116 220 1158; x_wconf 90' lang='lat' dir='ltr'>in</span> <span class='ocrx_word' id='word_1_108' title='bbox 240 1123 379 1158; x_wconf 91' lang='lat' dir='ltr'>morte</span> <span class='ocrx_word' id='word_1_109' title='bbox 401 1112 561 1157; x_wconf 86' lang='lat' dir='ltr'>Christi</span> <span class='ocrx_word' id='word_1_110' title='bbox 583 1109 789 1169; x_wconf 85' lang='lat' dir='ltr'>baptizati</span> <span class='ocrx_word' id='word_1_111' title='bbox 811 1108 1093 1152; x_wconf 90' lang='lat' dir='ltr'>sumus.Cum</span> <span class='ocrx_word' id='word_1_112' title='bbox 1108 1105 1222 1148; x_wconf 89' lang='lat' dir='ltr'>enim</span> <span class='ocrx_word' id='word_1_113' title='bbox 1240 1104 1416 1147; x_wconf 83' lang='lat' dir='ltr'>dixisset</span> <span class='ocrx_word' id='word_1_114' title='bbox 1434 1121 1443 1146; x_wconf 72' lang='grc' dir='ltr'>ε</span> 
     </span>
     <span class='ocr_line' id='line_1_14' title="bbox 56 1174 1448 1240; baseline -0.011 -9"><span class='ocrx_word' id='word_1_115' title='bbox 56 1186 100 1231; x_wconf 86' lang='lat' dir='ltr'>Si</span> <span class='ocrx_word' id='word_1_116' title='bbox 117 1185 278 1230; x_wconf 90' lang='lat' dir='ltr'>mortui</span> <span class='ocrx_word' id='word_1_117' title='bbox 298 1198 446 1227; x_wconf 87' lang='lat' dir='ltr'>sumus</span> <span class='ocrx_word' id='word_1_118' title='bbox 467 1190 671 1240; x_wconf 88' lang='lat' dir='ltr'>peccato,</span> <span class='ocrx_word' id='word_1_119' title='bbox 698 1177 920 1238; x_wconf 88' lang='lat' dir='ltr'>quomodo</span> <span class='ocrx_word' id='word_1_120' title='bbox 943 1176 1138 1220; x_wconf 88' lang='lat' dir='ltr'>vivemus</span> <span class='ocrx_word' id='word_1_121' title='bbox 1158 1174 1205 1217; x_wconf 81' lang='lat' dir='ltr'>in</span> <span class='ocrx_word' id='word_1_122' title='bbox 1235 1176 1320 1217; x_wconf 85' lang='lat' dir='ltr'>eo?</span> <span class='ocrx_word' id='word_1_123' title='bbox 1343 1175 1448 1217; x_wconf 79' lang='lat' dir='ltr'>Mox</span> 
     </span>
     <span class='ocr_line' id='line_1_15' title="bbox 55 1244 1445 1307; baseline -0.01 -6"><span class='ocrx_word' id='word_1_124' title='bbox 55 1265 105 1301; x_wconf 83' lang='lat' dir='ltr'>ut</span> <span class='ocrx_word' id='word_1_125' title='bbox 126 1254 375 1300; x_wconf 82' lang='lat' dir='ltr'>ostenderet</span> <span class='ocrx_word' id='word_1_126' title='bbox 396 1262 591 1297; x_wconf 88' lang='lat' dir='ltr'>mortuos</span> <span class='ocrx_word' id='word_1_127' title='bbox 610 1266 688 1294; x_wconf 89' lang='lat' dir='ltr'>nos</span> <span class='ocrx_word' id='word_1_128' title='bbox 710 1265 799 1293; x_wconf 86' lang='lat' dir='ltr'>esse</span> <span class='ocrx_word' id='word_1_129' title='bbox 829 1256 1008 1307; x_wconf 85' lang='lat' dir='ltr'>peccato</span> <span class='ocrx_word' id='word_1_130' title='bbox 1041 1265 1050 1290; x_wconf 88' lang='grc'>;</span> <span class='ocrx_word' id='word_1_131' title='bbox 1080 1264 1100 1287; x_wconf 87' lang='lat'>«</span> <span class='ocrx_word' id='word_1_132' title='bbox 1120 1248 1188 1289; x_wconf 87' lang='lat' dir='ltr'>An</span> <span class='ocrx_word' id='word_1_133' title='bbox 1216 1244 1445 1302; x_wconf 86' lang='lat' dir='ltr'>ignoratis,</span> 
     </span>
     <span class='ocr_line' id='line_1_16' title="bbox 59 1312 1449 1386; baseline -0.009 -18"><span class='ocrx_word' id='word_1_134' title='bbox 59 1345 79 1368; x_wconf 66' lang='lat'>³&gt;</span> <span class='ocrx_word' id='word_1_135' title='bbox 100 1327 268 1386; x_wconf 86' lang='lat' dir='ltr'>inquit,</span> <span class='ocrx_word' id='word_1_136' title='bbox 282 1323 492 1384; x_wconf 82' lang='lat' dir='ltr'>quoniam</span> <span class='ocrx_word' id='word_1_137' title='bbox 514 1322 782 1381; x_wconf 83' lang='lat' dir='ltr'>quicumque</span> <span class='ocrx_word' id='word_1_138' title='bbox 811 1316 1018 1376; x_wconf 80' lang='lat' dir='ltr'>baptizati</span> <span class='ocrx_word' id='word_1_139' title='bbox 1040 1329 1188 1358; x_wconf 89' lang='lat' dir='ltr'>sumus</span> <span class='ocrx_word' id='word_1_140' title='bbox 1211 1314 1255 1356; x_wconf 90' lang='lat' dir='ltr'>in</span> <span class='ocrx_word' id='word_1_141' title='bbox 1277 1312 1449 1357; x_wconf 90' lang='lat' dir='ltr'>Christo</span> 
     </span>
     <span class='ocr_line' id='line_1_17' title="bbox 62 1372 1448 1451; baseline -0.012 -11"><span class='ocrx_word' id='word_1_142' title='bbox 62 1418 79 1440; x_wconf 87' lang='lat'>»</span> <span class='ocrx_word' id='word_1_143' title='bbox 99 1400 218 1451; x_wconf 74' lang='lat' dir='ltr'>Jestl,</span> <span class='ocrx_word' id='word_1_144' title='bbox 243 1397 288 1440; x_wconf 92' lang='lat' dir='ltr'>in</span> <span class='ocrx_word' id='word_1_145' title='bbox 306 1404 445 1440; x_wconf 89' lang='lat' dir='ltr'>morte</span> <span class='ocrx_word' id='word_1_146' title='bbox 466 1392 582 1436; x_wconf 88' lang='lat' dir='ltr'>illius</span> <span class='ocrx_word' id='word_1_147' title='bbox 603 1389 809 1449; x_wconf 82' lang='lat' dir='ltr'>baptizati</span> <span class='ocrx_word' id='word_1_148' title='bbox 832 1402 980 1432; x_wconf 89' lang='lat' dir='ltr'>sumus</span> <span class='ocrx_word' id='word_1_149' title='bbox 997 1388 1008 1411; x_wconf 82' lang='lat'>1</span> <span class='ocrx_word' id='word_1_150' title='bbox 1026 1387 1076 1429; x_wconf 75' lang='grc' dir='ltr'>Ρ»</span> <span class='ocrx_word' id='word_1_151' title='bbox 1097 1383 1299 1442; x_wconf 88' lang='lat' dir='ltr'>Quisquis</span> <span class='ocrx_word' id='word_1_152' title='bbox 1316 1372 1448 1440; x_wconf 74' lang='lat' dir='ltr'>igitur</span> 
     </span>
     <span class='ocr_line' id='line_1_18' title="bbox 58 1452 1449 1528; baseline -0.015 -14"><span class='ocrx_word' id='word_1_153' title='bbox 58 1477 285 1528; x_wconf 84' lang='lat' dir='ltr'>peceatum</span> <span class='ocrx_word' id='word_1_154' title='bbox 309 1464 574 1516; x_wconf 84' lang='lat' dir='ltr'>nonhabet,</span> <span class='ocrx_word' id='word_1_155' title='bbox 597 1476 687 1505; x_wconf 87' lang='lat' dir='ltr'>non</span> <span class='ocrx_word' id='word_1_156' title='bbox 707 1469 770 1503; x_wconf 85' lang='lat' dir='ltr'>est</span> <span class='ocrx_word' id='word_1_157' title='bbox 798 1458 869 1502; x_wconf 87' lang='lat' dir='ltr'>cui</span> <span class='ocrx_word' id='word_1_158' title='bbox 892 1455 1102 1500; x_wconf 86' lang='lat' dir='ltr'>moriatur</span> <span class='ocrx_word' id='word_1_159' title='bbox 1128 1454 1175 1496; x_wconf 89' lang='lat' dir='ltr'>in</span> <span class='ocrx_word' id='word_1_160' title='bbox 1196 1452 1412 1511; x_wconf 88' lang='lat' dir='ltr'>baptismo</span> <span class='ocrx_word' id='word_1_161' title='bbox 1439 1469 1449 1494; x_wconf 71' lang='grc' dir='ltr'>ε</span> 
     </span>
     <span class='ocr_line' id='line_1_19' title="bbox 59 1522 1445 1600; baseline -0.016 -15"><span class='ocrx_word' id='word_1_162' title='bbox 59 1539 254 1600; x_wconf 87' lang='lat' dir='ltr'>quisquis</span> <span class='ocrx_word' id='word_1_163' title='bbox 289 1546 434 1581; x_wconf 87' lang='lat' dir='ltr'>autem</span> <span class='ocrx_word' id='word_1_164' title='bbox 454 1570 465 1589; x_wconf 86' lang='lat'>,</span> <span class='ocrx_word' id='word_1_165' title='bbox 491 1548 592 1578; x_wconf 83' lang='lat' dir='ltr'>cnm</span> <span class='ocrx_word' id='word_1_166' title='bbox 616 1532 858 1589; x_wconf 86' lang='lat' dir='ltr'>baptizatur</span> <span class='ocrx_word' id='word_1_167' title='bbox 879 1562 889 1582; x_wconf 86' lang='lat'>,</span> <span class='ocrx_word' id='word_1_168' title='bbox 915 1542 1004 1570; x_wconf 87' lang='lat' dir='ltr'>non</span> <span class='ocrx_word' id='word_1_169' title='bbox 1036 1532 1214 1583; x_wconf 87' lang='lat' dir='ltr'>peccato</span> <span class='ocrx_word' id='word_1_170' title='bbox 1236 1522 1445 1575; x_wconf 84' lang='lat' dir='ltr'>moritur,</span> 
     </span>
     <span class='ocr_line' id='line_1_20' title="bbox 58 1592 1452 1668; baseline -0.016 -13"><span class='ocrx_word' id='word_1_171' title='bbox 58 1627 150 1655; x_wconf 91' lang='lat' dir='ltr'>non</span> <span class='ocrx_word' id='word_1_172' title='bbox 169 1609 413 1668; x_wconf 86' lang='lat' dir='ltr'>baptizatur</span> <span class='ocrx_word' id='word_1_173' title='bbox 434 1606 480 1648; x_wconf 90' lang='lat' dir='ltr'>in</span> <span class='ocrx_word' id='word_1_174' title='bbox 493 1611 633 1648; x_wconf 87' lang='lat' dir='ltr'>morte</span> <span class='ocrx_word' id='word_1_175' title='bbox 654 1600 813 1646; x_wconf 86' lang='lat' dir='ltr'>Christi</span> <span class='ocrx_word' id='word_1_176' title='bbox 833 1619 844 1655; x_wconf 73' lang='lat'>3</span> <span class='ocrx_word' id='word_1_177' title='bbox 861 1613 909 1641; x_wconf 85' lang='lat' dir='ltr'>ac</span> <span class='ocrx_word' id='word_1_178' title='bbox 924 1611 1000 1655; x_wconf 87' lang='lat' dir='ltr'>per</span> <span class='ocrx_word' id='word_1_179' title='bbox 1017 1595 1117 1648; x_wconf 82' lang='lat' dir='ltr'>hoc,</span> <span class='ocrx_word' id='word_1_180' title='bbox 1144 1607 1232 1636; x_wconf 88' lang='lat' dir='ltr'>non</span> <span class='ocrx_word' id='word_1_181' title='bbox 1256 1592 1452 1650; x_wconf 85' lang='lat' dir='ltr'>baptiza-</span> 
     </span>
     <span class='ocr_line' id='line_1_21' title="bbox 60 1660 1454 1731; baseline -0.016 -5"><span class='ocrx_word' id='word_1_182' title='bbox 60 1691 132 1726; x_wconf 88' lang='lat' dir='ltr'>tur</span> <span class='ocrx_word' id='word_1_183' title='bbox 147 1681 193 1724; x_wconf 92' lang='lat' dir='ltr'>in</span> <span class='ocrx_word' id='word_1_184' title='bbox 209 1680 398 1726; x_wconf 84' lang='lat' dir='ltr'>Christo.</span> <span class='ocrx_word' id='word_1_185' title='bbox 416 1675 533 1728; x_wconf 86' lang='lat' dir='ltr'>Quid</span> <span class='ocrx_word' id='word_1_186' title='bbox 552 1668 891 1731; x_wconf 84' lang='lat' dir='ltr'>tergiversamini</span> <span class='ocrx_word' id='word_1_187' title='bbox 909 1668 926 1708; x_wconf 70' lang='lat'>⁶?</span> <span class='ocrx_word' id='word_1_188' title='bbox 943 1665 1098 1710; x_wconf 86' lang='lat' dir='ltr'>Libere</span> <span class='ocrx_word' id='word_1_189' title='bbox 1114 1664 1277 1722; x_wconf 86' lang='lat' dir='ltr'>aperite</span> <span class='ocrx_word' id='word_1_190' title='bbox 1293 1660 1454 1705; x_wconf 87' lang='lat' dir='ltr'>inferos</span> 
     </span>
     <span class='ocr_line' id='line_1_22' title="bbox 62 1732 1452 1797; baseline -0.018 0"><span class='ocrx_word' id='word_1_191' title='bbox 62 1761 225 1797; x_wconf 87' lang='lat' dir='ltr'>vestros</span> <span class='ocrx_word' id='word_1_192' title='bbox 247 1769 257 1794; x_wconf 76' lang='grc' dir='ltr'>ι</span> <span class='ocrx_word' id='word_1_193' title='bbox 281 1748 417 1792; x_wconf 84' lang='lat' dir='ltr'>libere</span> <span class='ocrx_word' id='word_1_194' title='bbox 439 1745 494 1789; x_wconf 88' lang='lat' dir='ltr'>ad</span> <span class='ocrx_word' id='word_1_195' title='bbox 516 1758 592 1788; x_wconf 92' lang='lat' dir='ltr'>vos</span> <span class='ocrx_word' id='word_1_196' title='bbox 612 1743 792 1794; x_wconf 84' lang='lat' dir='ltr'>intrent,</span> <span class='ocrx_word' id='word_1_197' title='bbox 819 1738 896 1797; x_wconf 89' lang='lat' dir='ltr'>qui</span> <span class='ocrx_word' id='word_1_198' title='bbox 919 1733 1079 1779; x_wconf 86' lang='lat' dir='ltr'>nolunt</span> <span class='ocrx_word' id='word_1_199' title='bbox 1100 1733 1145 1776; x_wconf 86' lang='lat' dir='ltr'>in</span> <span class='ocrx_word' id='word_1_200' title='bbox 1161 1732 1322 1776; x_wconf 88' lang='lat' dir='ltr'>delicto</span> <span class='ocrx_word' id='word_1_201' title='bbox 1339 1745 1452 1774; x_wconf 87' lang='lat' dir='ltr'>mor-</span> 
     </span>
     <span class='ocr_line' id='line_1_23' title="bbox 65 1807 1059 1877; baseline -0.021 -9"><span class='ocrx_word' id='word_1_202' title='bbox 65 1833 178 1875; x_wconf 84' lang='lat' dir='ltr'>tuos,</span> <span class='ocrx_word' id='word_1_203' title='bbox 198 1821 245 1864; x_wconf 88' lang='lat' dir='ltr'>in</span> <span class='ocrx_word' id='word_1_204' title='bbox 267 1817 484 1877; x_wconf 86' lang='lat' dir='ltr'>baptismo</span> <span class='ocrx_word' id='word_1_205' title='bbox 499 1812 701 1858; x_wconf 87' lang='lat' dir='ltr'>vivificari</span> <span class='ocrx_word' id='word_1_206' title='bbox 720 1807 924 1869; x_wconf 88' lang='lat' dir='ltr'>parvulos</span> <span class='ocrx_word' id='word_1_207' title='bbox 945 1819 1059 1849; x_wconf 92' lang='lat' dir='ltr'>suos.</span> 
     </span>
    </p>

    <p class='ocr_par' dir='ltr' id='par_1_3' title="bbox 68 1870 1468 2592">
     <span class='ocr_line' id='line_1_24' title="bbox 124 1870 1456 1938; baseline -0.019 0"><span class='ocrx_word' id='word_1_208' title='bbox 124 1890 362 1938; x_wconf 78' lang='lat' dir='ltr'>CLXXIV.</span> <span class='ocrx_word' id='word_1_209' title='bbox 387 1890 615 1931; x_wconf 70' lang='lat' dir='ltr'>JULIANL&#39;s.</span> <span class='ocrx_word' id='word_1_210' title='bbox 655 1901 675 1923; x_wconf 91' lang='lat'>«</span> <span class='ocrx_word' id='word_1_211' title='bbox 711 1884 946 1937; x_wconf 88' lang='lat' dir='ltr'>Postquam</span> <span class='ocrx_word' id='word_1_212' title='bbox 975 1873 1092 1918; x_wconf 89' lang='lat' dir='ltr'>enim</span> <span class='ocrx_word' id='word_1_213' title='bbox 1124 1870 1291 1916; x_wconf 74' lang='lat' dir='ltr'>dixerat</span> <span class='ocrx_word' id='word_1_214' title='bbox 1312 1904 1323 1925; x_wconf 83' lang='lat'>,</span> <span class='ocrx_word' id='word_1_215' title='bbox 1358 1888 1377 1911; x_wconf 94' lang='lat'>«</span> <span class='ocrx_word' id='word_1_216' title='bbox 1404 1872 1456 1913; x_wconf 88' lang='lat' dir='ltr'>In</span> 
     </span>
     <span class='ocr_line' id='line_1_25' title="bbox 68 1943 1456 2015; baseline -0.018 -7"><span class='ocrx_word' id='word_1_217' title='bbox 68 1984 90 2008; x_wconf 83' lang='lat'>»</span> <span class='ocrx_word' id='word_1_218' title='bbox 106 1978 256 2010; x_wconf 90' lang='lat' dir='ltr'>omnes</span> <span class='ocrx_word' id='word_1_219' title='bbox 283 1959 480 2005; x_wconf 88' lang='lat' dir='ltr'>homines</span> <span class='ocrx_word' id='word_1_220' title='bbox 504 1952 750 2015; x_wconf 88' lang='lat' dir='ltr'>pertransiit</span> <span class='ocrx_word' id='word_1_221' title='bbox 770 1952 819 2008; x_wconf 47' lang='grc' dir='ltr'>ᾗῇ»</span> <span class='ocrx_word' id='word_1_222' title='bbox 845 1944 1042 1993; x_wconf 87' lang='lat' dir='ltr'>subdidit</span> <span class='ocrx_word' id='word_1_223' title='bbox 1065 1943 1226 1997; x_wconf 85' lang='lat' dir='ltr'>statim,</span> <span class='ocrx_word' id='word_1_224' title='bbox 1250 1961 1270 1983; x_wconf 89' lang='lat'>«</span> <span class='ocrx_word' id='word_1_225' title='bbox 1295 1943 1346 1985; x_wconf 89' lang='lat' dir='ltr'>In</span> <span class='ocrx_word' id='word_1_226' title='bbox 1367 1954 1456 1999; x_wconf 86' lang='lat' dir='ltr'>quo</span> 
     </span>
     <span class='ocr_line' id='line_1_26' title="bbox 70 2018 1459 2092; baseline -0.021 -11"><span class='ocrx_word' id='word_1_227' title='bbox 70 2055 92 2078; x_wconf 91' lang='lat'>»</span> <span class='ocrx_word' id='word_1_228' title='bbox 114 2049 264 2080; x_wconf 86' lang='lat' dir='ltr'>omnes</span> <span class='ocrx_word' id='word_1_229' title='bbox 286 2035 577 2092; x_wconf 87' lang='lat' dir='ltr'>peccaverunt</span> <span class='ocrx_word' id='word_1_230' title='bbox 607 2043 615 2069; x_wconf 90' lang='lat'>:</span> <span class='ocrx_word' id='word_1_231' title='bbox 655 2041 675 2064; x_wconf 88' lang='lat'>»</span> <span class='ocrx_word' id='word_1_232' title='bbox 707 2023 808 2075; x_wconf 87' lang='lat' dir='ltr'>hoc,</span> <span class='ocrx_word' id='word_1_233' title='bbox 837 2038 857 2061; x_wconf 86' lang='lat'>«</span> <span class='ocrx_word' id='word_1_234' title='bbox 892 2018 938 2061; x_wconf 90' lang='lat' dir='ltr'>in</span> <span class='ocrx_word' id='word_1_235' title='bbox 962 2030 1050 2075; x_wconf 91' lang='lat' dir='ltr'>quo</span> <span class='ocrx_word' id='word_1_236' title='bbox 1073 2028 1222 2057; x_wconf 88' lang='lat' dir='ltr'>omnes</span> <span class='ocrx_word' id='word_1_237' title='bbox 1250 2024 1459 2070; x_wconf 86' lang='lat' dir='ltr'>peccave-</span> 
     </span>
     <span class='ocr_line' id='line_1_27' title="bbox 75 2085 1462 2160; baseline -0.022 -9"><span class='ocrx_word' id='word_1_238' title='bbox 75 2127 93 2150; x_wconf 69' lang='lat'>»</span> <span class='ocrx_word' id='word_1_239' title='bbox 115 2114 240 2160; x_wconf 86' lang='lat' dir='ltr'>runt,</span> <span class='ocrx_word' id='word_1_240' title='bbox 268 2122 288 2144; x_wconf 84' lang='lat'>»</span> <span class='ocrx_word' id='word_1_241' title='bbox 321 2099 430 2146; x_wconf 88' lang='lat' dir='ltr'>nihil</span> <span class='ocrx_word' id='word_1_242' title='bbox 452 2095 573 2143; x_wconf 88' lang='lat' dir='ltr'>aliud</span> <span class='ocrx_word' id='word_1_243' title='bbox 593 2093 776 2145; x_wconf 85' lang='lat' dir='ltr'>indicat,</span> <span class='ocrx_word' id='word_1_244' title='bbox 803 2102 935 2149; x_wconf 87' lang='lat' dir='ltr'>quam</span> <span class='ocrx_word' id='word_1_245' title='bbox 958 2085 1058 2145; x_wconf 89' lang='lat' dir='ltr'>quia</span> <span class='ocrx_word' id='word_1_246' title='bbox 1081 2097 1230 2128; x_wconf 88' lang='lat' dir='ltr'>omnes</span> <span class='ocrx_word' id='word_1_247' title='bbox 1255 2094 1462 2140; x_wconf 86' lang='lat' dir='ltr'>peccave-</span> 
     </span>
     <span class='ocr_line' id='line_1_28' title="bbox 72 2148 1462 2232; baseline -0.024 -9"><span class='ocrx_word' id='word_1_248' title='bbox 72 2186 197 2232; x_wconf 87' lang='lat' dir='ltr'>runt,</span> <span class='ocrx_word' id='word_1_249' title='bbox 217 2170 457 2219; x_wconf 87' lang='lat' dir='ltr'>secundum</span> <span class='ocrx_word' id='word_1_250' title='bbox 484 2165 595 2211; x_wconf 88' lang='lat' dir='ltr'>illud</span> <span class='ocrx_word' id='word_1_251' title='bbox 617 2161 873 2208; x_wconf 87' lang='lat' dir='ltr'>Davidicum</span> <span class='ocrx_word' id='word_1_252' title='bbox 899 2177 908 2203; x_wconf 90' lang='lat'>:</span> <span class='ocrx_word' id='word_1_253' title='bbox 934 2176 953 2198; x_wconf 93' lang='lat'>«</span> <span class='ocrx_word' id='word_1_254' title='bbox 979 2158 1031 2199; x_wconf 87' lang='lat' dir='ltr'>In</span> <span class='ocrx_word' id='word_1_255' title='bbox 1053 2168 1142 2214; x_wconf 88' lang='lat' dir='ltr'>quo</span> <span class='ocrx_word' id='word_1_256' title='bbox 1159 2151 1335 2208; x_wconf 86' lang='lat' dir='ltr'>corrigit</span> <span class='ocrx_word' id='word_1_257' title='bbox 1357 2148 1462 2193; x_wconf 88' lang='lat' dir='ltr'>ado-</span> 
     </span>
     <span class='ocr_line' id='line_1_29' title="bbox 75 2220 1462 2293; baseline -0.02 -3"><span class='ocrx_word' id='word_1_258' title='bbox 75 2268 96 2291; x_wconf 87' lang='lat'>»</span> <span class='ocrx_word' id='word_1_259' title='bbox 114 2246 342 2293; x_wconf 88' lang='lat' dir='ltr'>lescentior</span> <span class='ocrx_word' id='word_1_260' title='bbox 361 2243 475 2287; x_wconf 88' lang='lat' dir='ltr'>viam</span> <span class='ocrx_word' id='word_1_261' title='bbox 493 2252 615 2282; x_wconf 86' lang='lat' dir='ltr'>suam</span> <span class='ocrx_word' id='word_1_262' title='bbox 633 2237 650 2261; x_wconf 78' lang='lat'><strong>²</strong></span> <span class='ocrx_word' id='word_1_263' title='bbox 668 2254 677 2279; x_wconf 87' lang='lat'>:</span> <span class='ocrx_word' id='word_1_264' title='bbox 692 2253 710 2275; x_wconf 90' lang='lat'>»</span> <span class='ocrx_word' id='word_1_265' title='bbox 749 2232 779 2277; x_wconf 86' lang='lat' dir='ltr'>d</span> <span class='ocrx_word' id='word_1_266' title='bbox 800 2240 880 2285; x_wconf 85' lang='lat' dir='ltr'>est,</span> <span class='ocrx_word' id='word_1_267' title='bbox 908 2225 1132 2288; x_wconf 89' lang='lat' dir='ltr'>quomodo</span> <span class='ocrx_word' id='word_1_268' title='bbox 1152 2222 1329 2280; x_wconf 86' lang='lat' dir='ltr'>corrigit</span> <span class='ocrx_word' id='word_1_269' title='bbox 1349 2220 1462 2263; x_wconf 85' lang='lat' dir='ltr'>viam</span> 
     </span>
     <span class='ocr_line' id='line_1_30' title="bbox 75 2289 1462 2365; baseline -0.024 -1"><span class='ocrx_word' id='word_1_270' title='bbox 75 2320 220 2365; x_wconf 82' lang='lat' dir='ltr'>suam?</span> <span class='ocrx_word' id='word_1_271' title='bbox 239 2319 325 2360; x_wconf 88' lang='lat' dir='ltr'>«In</span> <span class='ocrx_word' id='word_1_272' title='bbox 341 2307 628 2358; x_wconf 81' lang='lat' dir='ltr'>eustodiendo</span> <span class='ocrx_word' id='word_1_273' title='bbox 646 2317 866 2350; x_wconf 89' lang='lat' dir='ltr'>sermones</span> <span class='ocrx_word' id='word_1_274' title='bbox 889 2310 1030 2344; x_wconf 79' lang='lat' dir='ltr'>tuos.»</span> <span class='ocrx_word' id='word_1_275' title='bbox 1048 2299 1100 2340; x_wconf 92' lang='lat' dir='ltr'>In</span> <span class='ocrx_word' id='word_1_276' title='bbox 1116 2309 1168 2338; x_wconf 90' lang='lat' dir='ltr'>eo</span> <span class='ocrx_word' id='word_1_277' title='bbox 1183 2308 1282 2350; x_wconf 85' lang='lat' dir='ltr'>ergo</span> <span class='ocrx_word' id='word_1_278' title='bbox 1309 2289 1462 2347; x_wconf 86' lang='lat' dir='ltr'>corrigi</span> 
     </span>
     <span class='ocr_line' id='line_1_31' title="bbox 76 2359 1467 2446; baseline -0.025 -11"><span class='ocrx_word' id='word_1_279' title='bbox 76 2390 252 2443; x_wconf 87' lang='lat' dir='ltr'>dicitur,</span> <span class='ocrx_word' id='word_1_280' title='bbox 277 2401 353 2446; x_wconf 86' lang='lat' dir='ltr'>per</span> <span class='ocrx_word' id='word_1_281' title='bbox 374 2381 495 2443; x_wconf 85' lang='lat' dir='ltr'>quod</span> <span class='ocrx_word' id='word_1_282' title='bbox 508 2388 552 2424; x_wconf 87' lang='lat' dir='ltr'>et</span> <span class='ocrx_word' id='word_1_283' title='bbox 566 2375 813 2434; x_wconf 81' lang='lat' dir='ltr'>corrigitur.</span> <span class='ocrx_word' id='word_1_284' title='bbox 833 2375 897 2416; x_wconf 88' lang='lat' dir='ltr'>Ita</span> <span class='ocrx_word' id='word_1_285' title='bbox 914 2378 956 2413; x_wconf 86' lang='lat' dir='ltr'>et</span> <span class='ocrx_word' id='word_1_286' title='bbox 970 2364 1204 2426; x_wconf 84' lang='lat' dir='ltr'>Apostolus</span> <span class='ocrx_word' id='word_1_287' title='bbox 1221 2362 1267 2405; x_wconf 91' lang='lat' dir='ltr'>in</span> <span class='ocrx_word' id='word_1_288' title='bbox 1289 2376 1340 2405; x_wconf 92' lang='lat' dir='ltr'>eo</span> <span class='ocrx_word' id='word_1_289' title='bbox 1361 2359 1467 2403; x_wconf 80' lang='lat' dir='ltr'>dixit</span> 
     </span>
     <span class='ocr_line' id='line_1_32' title="bbox 77 2431 1468 2522; baseline -0.026 -15"><span class='ocrx_word' id='word_1_290' title='bbox 77 2458 370 2522; x_wconf 82' lang='lat' dir='ltr'>pertransiisse</span> <span class='ocrx_word' id='word_1_291' title='bbox 401 2461 588 2499; x_wconf 89' lang='lat' dir='ltr'>mortem</span> <span class='ocrx_word' id='word_1_292' title='bbox 613 2483 624 2504; x_wconf 90' lang='lat'>,</span> <span class='ocrx_word' id='word_1_293' title='bbox 664 2447 710 2490; x_wconf 85' lang='lat' dir='ltr'>in</span> <span class='ocrx_word' id='word_1_294' title='bbox 736 2460 825 2505; x_wconf 89' lang='lat' dir='ltr'>quo</span> <span class='ocrx_word' id='word_1_295' title='bbox 865 2453 1015 2487; x_wconf 88' lang='lat' dir='ltr'>omnes</span> <span class='ocrx_word' id='word_1_296' title='bbox 1043 2434 1216 2496; x_wconf 89' lang='lat' dir='ltr'>propria</span> <span class='ocrx_word' id='word_1_297' title='bbox 1242 2431 1468 2476; x_wconf 87' lang='lat' dir='ltr'>voluntate</span> 
     </span>
     <span class='ocr_line' id='line_1_33' title="bbox 79 2500 1467 2592; baseline -0.026 -15"><span class='ocrx_word' id='word_1_298' title='bbox 79 2535 368 2592; x_wconf 88' lang='lat' dir='ltr'>peccaverunt</span> <span class='ocrx_word' id='word_1_299' title='bbox 395 2543 404 2570; x_wconf 73' lang='grc' dir='ltr'>ε</span> <span class='ocrx_word' id='word_1_300' title='bbox 437 2536 528 2569; x_wconf 90' lang='lat' dir='ltr'>non</span> <span class='ocrx_word' id='word_1_301' title='bbox 554 2528 605 2564; x_wconf 89' lang='lat' dir='ltr'>ut</span> <span class='ocrx_word' id='word_1_302' title='bbox 625 2518 712 2573; x_wconf 88' lang='lat' dir='ltr'>hoc</span> <span class='ocrx_word' id='word_1_303' title='bbox 739 2550 750 2568; x_wconf 92' lang='lat'>,</span> <span class='ocrx_word' id='word_1_304' title='bbox 790 2533 810 2556; x_wconf 83' lang='lat'>«</span> <span class='ocrx_word' id='word_1_305' title='bbox 838 2513 884 2555; x_wconf 92' lang='lat' dir='ltr'>in</span> <span class='ocrx_word' id='word_1_306' title='bbox 907 2523 1026 2569; x_wconf 90' lang='lat' dir='ltr'>quo,</span> <span class='ocrx_word' id='word_1_307' title='bbox 1059 2524 1079 2547; x_wconf 79' lang='lat'>»</span> <span class='ocrx_word' id='word_1_308' title='bbox 1106 2512 1180 2547; x_wconf 80' lang='lat' dir='ltr'>aut</span> <span class='ocrx_word' id='word_1_309' title='bbox 1197 2500 1364 2556; x_wconf 85' lang='lat' dir='ltr'>Adam,</span> <span class='ocrx_word' id='word_1_310' title='bbox 1392 2507 1467 2558; x_wconf 79' lang='lat' dir='ltr'>aut</span> 
     </span>
    </p>
   </div>
   <div class='ocr_carea' id='block_1_3' title="bbox 131 2603 818 2651">
    <p class='ocr_par' dir='ltr' id='par_1_4' title="bbox 131 2603 818 2651">
     <span class='ocr_line' id='line_1_34' title="bbox 131 2603 818 2651; baseline -0.032 -1"><span class='ocrx_word' id='word_1_311' title='bbox 131 2623 141 2639; x_wconf 87' lang='lat'>¹</span> <span class='ocrx_word' id='word_1_312' title='bbox 166 2618 257 2648; x_wconf 82' lang='lat' dir='ltr'>Rom.</span> <span class='ocrx_word' id='word_1_313' title='bbox 277 2623 326 2651; x_wconf 80' lang='lat' dir='ltr'>vx,</span> <span class='ocrx_word' id='word_1_314' title='bbox 343 2620 363 2644; x_wconf 87' lang='lat'>2</span> <span class='ocrx_word' id='word_1_315' title='bbox 381 2615 415 2643; x_wconf 87' lang='lat' dir='ltr'>et</span> <span class='ocrx_word' id='word_1_316' title='bbox 435 2609 517 2641; x_wconf 82' lang='lat'>3.-</span> <span class='ocrx_word' id='word_1_317' title='bbox 531 2610 543 2627; x_wconf 89' lang='lat'>²</span> <span class='ocrx_word' id='word_1_318' title='bbox 562 2603 642 2636; x_wconf 80' lang='lat' dir='ltr'>Psal.</span> <span class='ocrx_word' id='word_1_319' title='bbox 663 2610 769 2637; x_wconf 79' lang='lat' dir='ltr'>cxviii,</span> <span class='ocrx_word' id='word_1_320' title='bbox 786 2608 818 2639; x_wconf 85' lang='lat'>9.</span> 
     </span>
    </p>
   </div>
   <div class='ocr_carea' id='block_1_4' title="bbox 1214 2628 1278 2667">
    <p class='ocr_par' dir='ltr' id='par_1_5' title="bbox 1214 2628 1278 2667">
     <span class='ocr_line' id='line_1_35' title="bbox 1214 2628 1278 2667; baseline -0.047 1"><span class='ocrx_word' id='word_1_321' title='bbox 1214 2628 1278 2667; x_wconf 33' lang='lat'>-281</span> 
     </span>
    </p>
   </div>
  </div>
 </body>
</html>
