1884 3285
360 301 372 308 ἡ
425 258 503 296 136
838 270 869 292 s.
906 267 1136 293 AUGUSTtNI
1170 267 1349 292 EPISCOPI

419 343 585 390 centur,
602 342 650 375 ut
667 346 756 374 esse
773 331 987 374 discamus
1010 347 1097 374 non
1121 331 1205 374 alta
1217 332 1443 389 sapientes,
1462 329 1536 372 sed
1555 329 1791 373 humilibus
1836 350 1840 377 ς
1873 358 1875 365 ·

417 403 747 455 consentientes,
772 411 815 444 et
840 416 938 446 cum
953 402 1108 445 timore
1123 411 1166 445 et
1184 411 1368 445 tremore
1386 409 1574 443 nostram
1600 401 1790 458 ipsorum

414 472 596 515 salutem
620 486 849 529 operemur
865 473 879 497 ¹
907 489 916 516 ε
952 474 1064 514 Deus
1083 479 1145 514 est
1159 471 1271 513 enim
1287 471 1361 528 qui
1384 478 1586 527 operatur
1604 470 1650 512 in
1667 469 1793 512 nobis
1839 479 1842 511 1
1876 502 1878 510 Α

413 549 449 583 et
468 540 578 584 velle
595 550 638 584 et
655 542 821 599 operari
831 556 909 599 pro
922 541 1033 584 bona
1048 540 1272 584 voluntate
1287 541 1318 583 ².
1338 541 1435 583 Non
1452 552 1553 595 ergo
1572 537 1789 592 volumus,
1840 559 1844 585 ε

1828 0 1867 96 {l

1833 195 1837 236 ς

1834 254 1838 278 Ι

1837 390 1884 450 i.

1839 515 1842 533 2

412 609 486 652 sed
510 613 624 653 Deus
642 611 685 653 in
711 611 835 654 nobis
858 619 1061 668 operatur
1091 619 1133 654 et
1156 608 1267 653 velle
1293 629 1300 652 :
1327 623 1404 652 nos
1426 623 1529 666 ergo
1544 622 1790 666 operamur,

411 678 487 723 sed
501 682 615 723 Deus
634 680 678 722 in
698 680 824 724 nobis
846 689 1048 738 operatur
1066 688 1108 723 et
1124 678 1291 738 operari
1316 693 1392 737 pro
1415 678 1529 721 bona
1549 677 1789 721 voluntate.
1842 687 1847 727 ἲ
1867 701 1869 706 ⁴

416 751 508 792 Hoc
530 748 652 792 nobis
669 749 840 807 expedit
857 757 900 792 et
915 748 1090 792 credere
1111 758 1154 792 et
1169 748 1311 791 dicere
1341 767 1348 791 :
1375 747 1457 791 hoc
1474 755 1537 791 est
1551 747 1690 805 pium,
1712 747 1794 790 hoc
1846 757 1847 763 ¹

411 833 563 862 verum
579 853 589 873 ‚
616 827 663 862 ut
684 819 737 862 sit
759 818 932 863 humilis
957 829 999 863 et
1018 819 1229 863 submissa
1251 817 1463 863 confessio
1481 852 1491 871 ‚
1518 827 1561 861 et
1578 818 1706 861 detur
1725 826 1792 861 to·

412 898 505 932 tum
538 892 644 933 Deo.
682 890 932 948 Cogitantes
971 890 1186 934 credimus
1211 925 1222 944 ,
1270 890 1506 947 cogitantes
1544 887 1766 947 loquimur
1780 923 1792 943 ,
1848 934 1850 939 ,

410 958 648 1017 cogitantes
677 960 841 1017 agimus
863 959 1078 1019 quidquid
1100 960 1265 1017 agimus
1291 979 1299 1004 ι
1322 959 1443 1019 quod
1465 968 1612 1003 autem
1639 958 1794 1002 attinet
1848 953 1851 978 ³

413 1030 468 1073 ad
490 1029 661 1087 pietatis
685 1029 797 1073 viam
820 1038 862 1073 et
883 1044 1035 1074 verum
1058 1029 1135 1073 Dei
1163 1030 1348 1083 cultum,
1370 1044 1459 1073 non
1477 1043 1625 1073 sumus
1647 1027 1793 1072 idonei
1850 1023 1854 1068 ἶ
1875 1051 1878 1056 -

412 1100 601 1157 cogitare
619 1099 782 1159 aliquid
798 1108 1005 1160 tanquam
1028 1116 1078 1144 ex
1095 1101 1429 1158 nobismetipsis,
1455 1099 1530 1143 sed
1553 1099 1793 1143 sufficentia

414 1178 558 1213 nostra
575 1185 624 1212 ex
644 1173 733 1214 Deo
751 1179 814 1212 est
830 1171 861 1212 ³.
891 1189 909 1211 «
931 1173 1028 1214 Non
1052 1170 1166 1213 enim
1189 1180 1252 1213 est
1267 1171 1310 1212 in
1328 1179 1541 1227 potestate
1555 1179 1699 1213 nostra
1721 1185 1796 1214 cor
1852 1162 1854 1213 i

415 1257 434 1278 »
461 1248 656 1282 nostrum
691 1249 733 1282 et
766 1248 923 1282 nostrae
954 1240 1236 1296 cogitationes
1267 1258 1275 1283 :
1313 1239 1430 1283 unde
1458 1238 1573 1283 idem
1603 1240 1676 1299 qui
1713 1240 1795 1284 hoc
1853 1228 1856 1258 1

410 1309 496 1363 ait,
520 1310 623 1352 item
646 1309 755 1353 dicit
778 1310 1031 1353 Ambrosius
1059 1329 1067 1353 2
1097 1328 1116 1350 «
1144 1310 1249 1362 Quis
1275 1319 1420 1353 autem
1444 1319 1531 1354 tam
1552 1310 1704 1354 beatus
1719 1311 1794 1370 qui

413 1398 432 1419 »
451 1380 496 1421 in
510 1380 641 1423 corde
656 1394 734 1422 suo
749 1393 916 1438 semper
930 1378 1254 1423 ascendat?Sed
1268 1380 1350 1423 hoc
1368 1380 1459 1423 sine
1472 1380 1619 1424 divino
1637 1380 1795 1424 auxilio

414 1468 433 1489 »
453 1450 529 1508 qui
546 1450 637 1492 fieri
662 1458 803 1506 potest
827 1451 845 1489 ‘3
868 1448 990 1492 nullo
1008 1448 1202 1506 profecto
1223 1451 1370 1493 modo.
1395 1450 1608 1509 Denique,
1632 1451 1792 1510 inquit,

416 1536 436 1558 »
452 1533 578 1576 supra
604 1519 756 1562 eadem
789 1519 1008 1577 Scriptura
1026 1519 1131 1562 dicit
1153 1538 1160 1562 :
1188 1522 1342 1563 Beatus
1362 1520 1426 1562 vir
1443 1521 1565 1579 cujus
1588 1530 1651 1564 est
1673 1521 1795 1564 auxi-

413 1606 432 1628 »
453 1587 557 1630 lium
578 1589 668 1646 ejus
684 1587 760 1631 abs
776 1596 832 1641 te,
855 1588 1052 1642 Domine,
1074 1603 1273 1632 ascensus
1288 1589 1334 1632 in
1347 1589 1478 1633 corde
1495 1590 1584 1649 ejus
1603 1591 1634 1632 4.
1660 1610 1676 1630 »
1704 1592 1796 1635 Hoc

414 1657 566 1716 utique
588 1666 636 1699 ut
659 1657 824 1701 diceres
841 1692 851 1711 ‚
878 1672 967 1701 non
993 1657 1134 1701 solum
1167 1659 1211 1700 in
1242 1659 1413 1702 Litteris
1441 1660 1568 1703 sacris
1594 1659 1792 1717 legebat,

412 1725 488 1769 sed
523 1727 632 1770 sicut
662 1726 716 1769 de
746 1725 820 1770 illo
851 1726 943 1770 viro
974 1727 1064 1770 sine
1091 1727 1366 1771 dubitatione
1403 1728 1669 1772 credendum
1705 1738 1803 1784 est,-

414 1795 542 1839 etiam
575 1796 620 1838 in
647 1795 778 1839 corde
811 1811 889 1839 suo
918 1796 1130 1840 sentiebat
1164 1798 1431 1841 Ambrosius.
1464 1799 1593 1851 Quod
1624 1813 1723 1857 ergo
1751 1799 1796 1843 in

412 1865 689 1908 sacramentis
712 1864 906 1908 fidelium
935 1864 1110 1919 dicitur,
1134 1875 1182 1909 ut
1204 1881 1374 1910 sursum
1391 1882 1465 1911 cor
1486 1868 1722 1912 habeamus
1740 1869 1796 1912 ad

414 1934 663 1988 Dominum,
696 1949 854 1978 munus
881 1943 946 1978 est
969 1936 1141 1978 Domini
1166 1957 1174 1979 :
1207 1936 1261 1978 de
1290 1952 1377 1996 quo
1403 1952 1582 1981 munere
1605 1939 1684 1996 ipsi
1706 1941 1795 1983 Do-

413 2004 532 2047 mino
544 2007 634 2048 Deo
652 2013 799 2048 nostro
812 2006 966 2061 gratias
981 2018 1120 2061 agei-Q
1134 2021 1156 2048 a
1174 2007 1395 2050 sacerdote
1409 2017 1502 2065 post
1519 2008 1630 2052 hanc
1644 2022 1795 2052 vocem

411 2073 571 2131 quibus
588 2074 670 2116 hoc
686 2073 844 2117 dicitur
862 2073 1153 2117 admonentur
1166 2094 1176 2129 3
1191 2084 1234 2119 et
1248 2074 1431 2134 dignum
1455 2079 1681 2136 acjustum
1707 2092 1796 2120 esse

413 2142 691 2200 respondent.
728 2145 839 2187 Cum
875 2143 991 2186 enim
1032 2158 1121 2187 non
1149 2145 1203 2187 sit
1234 2144 1280 2187 in
1308 2156 1454 2190 nostra
1483 2156 1695 2205 potestate
1721 2162 1796 2192 cor

416 2221 613 2256 nostrum
634 2246 644 2266 ‚
670 2211 744 2255 sed
769 2211 918 2257 divino
946 2212 1200 2257 sublevetur
1225 2215 1382 2260 auxilio
1399 2251 1409 2270 ‚
1434 2225 1484 2260 ut
1506 2217 1732 2273 ascendat,
1754 2227 1796 2262 et

415 2296 515 2340 quae
541 2296 709 2324 sursum
731 2282 882 2340 sapiat,
905 2282 980 2325 ubi
1000 2284 1195 2327 Christus
1212 2293 1274 2328 est
1292 2285 1335 2328 in
1353 2284 1501 2330 dextra
1523 2288 1599 2330 Dei
1622 2287 1791 2342 sedens,

416 2366 505 2395 non
536 2367 634 2410 quae
666 2367 794 2410 super
822 2361 976 2396 terram
1004 2355 1017 2377 ⁵
1056 2373 1063 2397 :
1099 2355 1170 2397 cui
1195 2355 1249 2397 de
1285 2355 1363 2399 hac
1394 2364 1513 2400 tanta
1547 2372 1591 2400 re
1617 2357 1794 2416 agendae

411 2429 513 2464 sunt
531 2420 678 2478 gratiae
694 2454 706 2473 ‚
729 2422 809 2464 nisi
826 2422 909 2466 hoc
927 2420 1103 2466 facienti
1120 2424 1302 2468 Domino
1321 2428 1410 2470 Deo
1427 2436 1575 2472 nostro
1589 2461 1600 2482 ‚
1626 2428 1701 2486 qui
1716 2442 1794 2471 nos

465 2527 474 2542 ¹
496 2522 586 2553 Rom.
616 2532 672 2563 xii,
694 2521 745 2553 16.
764 2539 804 2546 —-
822 2529 834 2544 ²
854 2523 966 2565 Philip.
988 2534 1023 2564 n,
1048 2533 1085 2556 12
1115 2529 1148 2555 ot
1179 2524 1228 2556 13.
1246 2542 1286 2549 --
1303 2524 1317 2548 3
1337 2534 1355 2557 2
1382 2528 1455 2559 Cor.
1479 2538 1538 2567 ιιι,
1574 2527 1606 2561 5.
1621 2527 1693 2557 -4
1713 2528 1791 2560 Psal.

411 2585 544 2616 Lxxxni,
562 2576 595 2609 6.
608 2593 645 2599 -
660 2575 675 2599 5
690 2577 811 2610 Coloss.
828 2588 875 2619 ιιι,
895 2589 922 2610 1.
