1884 3285
425 251 506 290 150
857 261 889 285 s,
925 257 1156 286 AUGUSTINI
1188 260 1368 287 131>1sco¹²1

422 326 546 370 nobis
562 358 573 378 ,
594 324 694 383 quia
713 321 812 366 data
830 331 892 366 est
913 323 1038 367 nobis
1055 358 1066 379 ,
1086 339 1175 368 non
1192 326 1440 384 petentibus
1460 327 1600 372 nobis.
1620 332 1799 388 Aposto-

421 397 487 439 lus
517 395 629 437 enim
659 393 921 451 apertissime
950 393 1054 438 dicit
1086 414 1094 439 :
1130 415 1151 437 «
1183 399 1269 439 Pax
1302 395 1506 441 fratribus
1541 407 1584 442 et
1615 400 1798 446 charitas

423 485 442 507 »
469 479 568 508 cum
601 464 686 506 fide
714 479 735 507 a
775 466 861 508 Deo
894 467 1017 508 Patre
1051 474 1093 509 ct
1127 467 1310 511 Domino
1338 470 1439 511 ,lesu
1471 469 1684 515 Christo¹.
1713 489 1733 513 »
1760 475 1798 516 Α

419 549 507 593 quo
537 549 638 592 ergo
675 549 754 592 pax
782 543 823 577 et
854 534 1037 578 charitas
1057 569 1068 589 ‚
1105 536 1160 579 ab
1192 536 1266 580 illo
1301 546 1364 581 est
1396 547 1440 582 et
1466 539 1596 592 fides,
1622 551 1798 600 propter

418 603 537 663 quod
563 604 616 646 ab
644 602 718 648 illo
747 618 838 647 cam
867 619 952 647 non
978 604 1114 648 sotum
1150 607 1296 665 augeri
1327 608 1616 664 habentibus,
1648 626 1797 655 verum

419 677 547 720 etiam
571 691 658 719 non
684 676 944 719 habentibus
964 677 1179 735 poscimus
1198 677 1304 721 dari.

480 748 610 789 XLV.
646 747 796 804 Neque
819 746 885 789 isti
905 780 914 800 ,
936 755 1112 805 propter
1131 763 1239 807 quos
1258 748 1351 792 haec
1368 748 1552 793 dicimus
1568 784 1579 804 ‚
1599 751 1676 810 qui
1694 766 1800 810 prae-

418 815 634 859 dicatione
666 815 1052 874 praedestinationis
1083 826 1126 861 et
1154 818 1300 876 gratiae
1333 819 1675 864 exhortationem
1708 821 1800 866 cla-

417 885 574 928 mitant
596 884 819 943 impediri,
845 885 900 929 ad
922 886 1009 930 sola
1034 886 1104 930 illa
1126 887 1409 932 exhortantur
1430 889 1568 945 dona,
1593 906 1693 950 quae
1711 907 1800 936 non

418 969 441 998 a
467 957 554 998 Deo
576 954 696 1011 dari,
726 956 799 1000 sed
823 972 846 1000 a
870 956 994 1001 nobis
1017 972 1105 1001 esse
1127 959 1426 1014 contendunt,
1459 961 1569 1005 sicut
1590 970 1692 1006 sunt
1720 963 1801 1006 ini-

418 1025 527 1068 tium
551 1026 676 1081 fidei,
701 1037 744 1069 et
772 1027 814 1070 in
846 1042 893 1070 ea
920 1043 1057 1087 usque
1079 1029 1123 1072 in
1147 1029 1276 1072 finem
1308 1032 1620 1088 perseverantia
1646 1050 1655 1076 ι
1679 1034 1801 1092 quod

417 1096 570 1154 utique
596 1095 738 1139 facere
761 1096 999 1151 deberent,
1030 1107 1079 1141 ut
1106 1098 1410 1144 tantummodo
1441 1099 1636 1145 infideles
1656 1102 1803 1146 horta-

420 1174 570 1208 rentur
592 1175 641 1208 ut
671 1165 923 1220 crederent,
950 1175 993 1209 et
1025 1167 1172 1210 fideles
1203 1177 1251 1211 ut
1280 1168 1454 1212 eredere
1481 1181 1797 1228 permanerent.

417 1237 479 1278 Ea
502 1250 606 1278 vero
630 1251 729 1294 quae
752 1237 974 1280 nobiscum
1002 1238 1076 1280 Dei
1095 1237 1209 1282 dona
1228 1253 1316 1282 esse
1338 1255 1425 1285 non
1448 1251 1633 1300 negant,
1659 1251 1706 1286 ut
1724 1259 1802 1288 no-

419 1304 587 1348 biseum
613 1305 890 1362 Pelagianum
910 1305 1201 1352 demoliantur
1222 1324 1433 1364 errorem,
1458 1312 1567 1356 sicut
1585 1321 1649 1356 est
1670 1313 1800 1372 pudi-

417 1375 539 1430 citia,
564 1376 833 1420 continentia
850 1411 860 1431 ,
890 1378 1093 1436 patientia
1112 1413 1122 1433 ‚
1149 1388 1192 1423 et
1208 1389 1362 1425 caetera
1384 1382 1544 1441 quibus
1561 1392 1675 1427 recte
1690 1384 1801 1428 vivi-

417 1454 511 1499 tur,
535 1455 582 1488 et
610 1461 659 1489 ex
686 1446 771 1490 fide
795 1447 1084 1506 impetrantur
1107 1464 1130 1493 a
1152 1452 1357 1506 Domino,
1383 1452 1546 1496 oranda
1565 1463 1804 1498 monstrare
1834 1474 1837 1476 ·

417 1523 460 1558 et
493 1529 615 1558 orare
643 1514 783 1559 solum
814 1517 882 1560 vel
913 1517 993 1561 sibi
1017 1517 1086 1562 vel
1116 1519 1207 1565 aliis
1240 1521 1510 1580 debuerunt3
1536 1538 1626 1567 non
1658 1532 1803 1568 autem

418 1600 712 1644 quemquam,
738 1595 788 1630 ut
818 1603 866 1631 ea
891 1598 1130 1646 capesseret
1160 1599 1202 1634 et
1225 1592 1454 1646 retineret,
1479 1593 1657 1637 hortari.
1690 1595 1803 1639 Cum

416 1672 519 1701 vero
536 1667 579 1701 et
601 1658 653 1701 ad
678 1658 772 1702 haec
790 1659 1073 1705 exhortantur
1088 1696 1098 1716 ,
1124 1672 1174 1707 ut
1194 1672 1398 1721 possunt,
1419 1673 1550 1724 atque
1572 1667 1803 1711 exhortan-

416 1726 494 1770 dos
526 1742 617 1770 esse
650 1728 846 1772 homines
883 1732 1180 1789 confitentur3
1213 1733 1314 1776 satis
1347 1734 1497 1793 utique
1535 1735 1799 1791 ostendunt,

417 1811 497 1839 nec
530 1813 579 1840 ea
609 1796 915 1856 praedicatione
949 1801 1149 1859 impediri
1171 1803 1515 1859 exhortationes,
1547 1805 1635 1849 sive
1662 1806 1717 1850 ad
1748 1809 1803 1851 fi-

416 1866 514 1909 dem
534 1901 545 1921 ,
570 1868 657 1910 sive
680 1868 733 1911 ad
757 1871 1117 1927 perseverantiam
1142 1888 1280 1931 usque
1302 1874 1343 1917 in
1364 1874 1520 1930 finem,
1541 1877 1644 1935 quia
1663 1885 1705 1921 et
1722 1877 1802 1922 ista

418 1937 493 1979 Dei
525 1938 639 1980 dona
661 1953 772 1993 esse,
798 1954 877 1983 nec
906 1956 929 1983 a
949 1955 994 1985 se
1013 1941 1104 1999 ipso
1126 1944 1329 2002 cuiquam
1348 1977 1359 1998 ,
1383 1943 1458 1988 sed
1482 1945 1538 1989 ab
1560 1945 1636 1991 illo
1667 1947 1801 1992 tribui

417 2006 716 2064 praedicamus.

475 2078 634 2120 XLVI.
670 2081 728 2121 At
763 2079 898 2132 enim,
939 2098 957 2121 «
992 2080 1096 2125 vitio
1126 2097 1204 2126 suo
1231 2083 1415 2143 quisque
1447 2084 1606 2129 deserit
1641 2086 1798 2143 fidem,

418 2161 517 2189 eum
552 2147 666 2191 cedit
702 2149 929 2192 tentationi
952 2158 1082 2210 atque
1109 2153 1345 2208 consentit,
1376 2170 1463 2214 qua
1483 2170 1584 2199 cum
1605 2155 1680 2201 illo
1711 2157 1802 2217 agi·

418 2226 490 2260 tur
521 2227 566 2261 ut
598 2218 765 2263 deserat
794 2218 941 2263 fidem.
972 2239 990 2261 »
1032 2222 1136 2274 Quis
1177 2226 1334 2282 negat?
1375 2225 1460 2270 Sed
1487 2241 1578 2271 non
1605 2226 1704 2272 ideo
1732 2227 1801 2272 di-

416 2288 552 2332 cenda
575 2297 638 2332 est
660 2280 809 2332 infide
830 2293 1141 2348 perseverantia
1162 2308 1250 2337 non
1267 2308 1356 2338 esse
1377 2294 1544 2340 donum
1567 2298 1658 2341 Dei.
1681 2300 1802 2343 Hanc

419 2359 532 2402 enim
556 2358 751 2418 quotidie
774 2361 933 2420 poscit,
959 2364 1033 2421 qui
1056 2363 1162 2407 dicit
1187 2383 1194 2408 :
1224 2383 1244 2406 «
1271 2367 1333 2410 Ne
1361 2381 1437 2410 nos
1459 2367 1616 2412 inferas
1637 2369 1682 2412 in
1706 2378 1802 2413 ten-

420 2447 441 2470 »
468 2429 701 2473 tationem²
729 2449 737 2474 :
768 2449 786 2471 »
812 2440 855 2475 et
876 2432 910 2475 si
927 2433 1182 2489 exauditur,
1207 2433 1319 2478 hanc
1342 2436 1495 2495 accipit
1517 2456 1526 2482 :
1550 2453 1600 2482 ac
1622 2453 1699 2496 per
1716 2439 1799 2485 hoc

416 2499 613 2558 quotidie
638 2509 682 2543 ut
702 2511 945 2558 perseveret
962 2512 1133 2560 petens,
1152 2504 1349 2563 profecto
1368 2510 1696 2565 perseverantiae
1708 2524 1799 2554 suae

468 2596 474 2610 ¹
505 2589 618 2630 Ephes.
639 2601 684 2628 vi,
706 2591 755 2622 13.
775 2609 810 2614 -
827 2597 840 2612 ²
862 2591 976 2624 Matth.
997 2603 1038 2633 vi,
1058 2593 1112 2626 23.
