1821 3264
6 90 11 139 ,i

5 176 8 194 Ι

5 198 8 207 ι

3 292 6 315 ‚
245 282 794 312 0PER151MPERF.CONTRA
827 275 1420 314 JULIAN.1.113.11.325

1 359 4 420 j
96 353 386 394 Atat-srmts.
422 350 528 402 Quis
549 349 630 392 tibi
651 349 778 404 dixit,
805 352 925 410 quod
943 352 1050 396 alter
1073 361 1291 411 perpetret
1318 367 1423 412 pec-

0 408 4 462 i
38 429 180 465 catum
212 421 501 480 cujusquam.
488 421 506 461 ⁶?
528 419 713 472 Quando
734 422 912 480 quidem
938 423 1066 465 etiam
1097 421 1168 466 ille
1198 423 1274 482 qui
1299 422 1420 479 dicit,

0 477 132 536 {Jam
158 506 247 535 non
275 506 356 550 ego
391 506 547 551 operor
577 490 714 544 illud,
749 491 820 535 sed
853 491 898 536 id
929 492 1049 551 quod
1085 493 1131 536 in
1163 509 1233 537 me
1255 494 1424 538 habitat

0 580 14 623 st
37 571 264 622 peccatum
284 564 296 588 ¹
326 563 569 607 :continuo
595 561 858 622 subjiciens:
890 582 909 604 «
944 563 1041 607 Scio
1066 564 1180 607 enim
1209 565 1309 624 quia
1334 579 1424 609 non

40 649 60 674 »
86 632 252 676 habitat
268 633 312 676 in
329 647 413 688 me,
435 633 515 677 hoc
530 633 664 687 est,in
685 648 814 678 carne
830 649 942 688 mea,
963 635 1179 692 bonum²3
1195 653 1213 676 »
1235 635 1426 680 ostendit

36 718 162 747 suum
197 717 286 747 esse
309 702 528 763 quidquid
544 702 653 746 illud
683 712 746 747 est
781 724 790 748 ε
812 706 913 763 quia
936 714 979 749 et
1008 706 1098 764 ipsa
1116 721 1216 750 caro
1246 705 1300 749 ad
1322 721 1422 749 eum

36 774 247 832 pertinet,
283 775 359 834 qui
390 790 441 818 ex
472 789 600 818 carne
618 784 788 819 constat
815 785 858 819 et
888 776 1056 835 spiritu.
1088 779 1144 821 Et
1166 785 1312 820 tamen
1334 792 1425 822 non

35 845 96 888 vis
123 861 224 889 cum
251 846 480 890 Ambrosio
515 861 662 906 sapere
689 882 698 898 ‚
734 846 854 906 quod
875 848 958 892 hoc
978 846 1143 891 malurn
1170 883 1180 902 ‚
1213 863 1301 908 quo
1324 863 1425 892 caro

33 916 301 975 concupiscit
338 915 541 961 adversus
583 917 782 976 spiritum
814 918 828 943 3
851 953 861 972 ,
902 918 1256 977 praevaricatione
1298 919 1426 977 primi

31 987 217 1031 hominis
238 987 282 1029 in
303 996 505 1031 naturam
527 988 717 1032 verterit.
749 987 834 1032 Sed
861 997 903 1033 et
932 998 981 1033 tu
1006 1004 1107 1032 cum
1131 989 1274 1033 dicere
1291 989 1427 1033 soleas

32 1057 75 1100 in
107 1057 173 1100 his
207 1058 447 1116 apostolicis
482 1058 623 1102 verbis
657 1058 908 1103 violentiam
943 1059 1071 1103 malae
1098 1059 1428 1103 consuetudinis

32 1128 228 1188 exprimi,
250 1128 357 1187 quid
380 1138 443 1173 est
465 1165 474 1184 ‚
498 1128 615 1189 quod
641 1129 772 1174 modo
789 1129 935 1174 dicere
956 1130 1131 1175 voluisti
1155 1151 1162 1174 ;
1191 1150 1209 1172 «
1238 1133 1294 1174 Ut
1317 1145 1429 1173 nun-

32 1215 163 1260 quam
179 1200 274 1259 quis
292 1200 524 1244 emendare
543 1210 741 1255 conetur,
759 1202 879 1260 quod
902 1202 980 1246 scit
996 1202 1040 1245 in
1063 1217 1107 1245 se
1124 1200 1307 1245 alterum
1330 1216 1428 1260 per-

31 1280 201 1330 petrare
223 1291 233 1327 3
260 1290 278 1311 »
300 1286 399 1316 curn
424 1270 528 1314 velis
550 1272 702 1330 utique
724 1287 768 1316 se
787 1272 928 1331 ipsum
953 1273 1186 1316 emendare
1218 1287 1318 1316 eum
1350 1271 1428 1331 qui

32 1343 135 1386 dicit
154 1362 161 1386 :
182 1345 280 1387 Non
299 1357 380 1401 ego
401 1357 556 1400 operor
574 1342 684 1387 illud
710 1362 717 1387 :
742 1352 783 1387 et
803 1344 887 1388 hoc
908 1343 1013 1387 velis
1026 1345 1119 1388 fieri
1138 1344 1300 1388 viribus
1322 1358 1427 1403 pro-

32 1414 137 1472 priae
154 1413 390 1458 voluntatis
409 1434 419 1471 3
440 1428 540 1456 cum
556 1413 700 1457 videas
718 1429 850 1473 quam
864 1415 915 1458 sit
930 1414 1133 1459 voluntas
1152 1416 1243 1474 ejus
1256 1415 1427 1458 infirma

33 1485 109 1544 qui
132 1485 238 1528 dicit
266 1503 274 1529 :
306 1486 404 1529 Non
430 1483 550 1544 quod
574 1484 674 1528 volo
700 1499 796 1542 ago.
822 1487 959 1528 Istum
982 1484 1131 1528 saltem
1156 1499 1304 1544 quaeso
1325 1500 1427 1543 per>-

33 1556 191 1600 mittite
211 1554 408 1600 divinum
430 1571 608 1615 poscere
636 1555 862 1611 auxilium,
888 1556 932 1599 in
956 1572 1044 1616 quo
1063 1555 1269 1600 defecisse
1286 1556 1427 1600 cerni-

33 1627 85 1671 tis
101 1642 190 1671 suae
206 1626 443 1671 voluntatis
461 1627 707 1671 arbitrium.

88 1700 209 1742 XVI.
236 1700 261 1742 J
266 1716 463 1743 tumus.
491 1701 654 1742 Verum
676 1697 944 1742 imbecillum
959 1713 1086 1743 caecae
1106 1698 1321 1757 opinionis
1345 1713 1425 1756 pa-

32 1769 263 1814 trocinium
284 1769 545 1828 multiplicat
567 1778 765 1828 peccata,
791 1784 881 1813 non
902 1769 1071 1812 minuit.
1091 1769 1169 1813 Hic
1189 1769 1320 1827 igitur
1343 1769 1426 1811 mi-

31 1855 223 1884 serorum
247 1840 440 1899 pruritus
463 1849 505 1884 et
525 1849 679 1899 sponte
701 1841 1029 1899 aegrescentium
1045 1875 1055 1894 ,
1082 1838 1253 1883 nullum
1275 1848 1426 1882 contra

32 1912 167 1971 ipsam
185 1912 396 1956 rationem
420 1911 583 1956 valebit
606 1911 778 1971 pondus
798 1912 953 1955 afferre
973 1931 981 1956 z
1008 1910 1083 1955 sed
1106 1911 1208 1971 quia
1232 1910 1427 1954 nonnul-

31 1983 81 2027 lis
99 1984 418 2042 Scripturarum
439 1983 558 2037 locis,
585 1992 625 2027 et
649 1984 833 2026 maxime
858 1982 1042 2042 apostoli
1067 1982 1190 2026 Pauli
1212 1982 1426 2026 sermoni-

34 2055 115 2099 bus
149 2055 396 2099 confirmari
450 2064 645 2099 asserunt
692 2053 891 2098 naturale
936 2065 1161 2113 peccatum
1176 2088 1186 2107 ‚
1236 2067 1425 2112 quorum

33 2125 344 2184 expositionem
363 2125 406 2168 in
429 2124 669 2168 secundum
699 2124 904 2168 volumen
929 2123 1103 2177 distuli,
1130 2125 1309 2183 ejusque
1326 2122 1427 2167 red-

34 2196 190 2241 dendae
214 2206 384 2256 tempus
402 2206 486 2253 est3
507 2196 696 2240 breviter
716 2196 832 2255 prius
846 2231 855 2249 ‚
877 2201 890 2251 (
908 2204 957 2239 ut
979 2196 1054 2239 fiat
1076 2195 1213 2239 lector
1233 2195 1426 2239 instruc-

37 2267 168 2324 tior‚)
190 2277 231 2311 et
255 2283 354 2326 quae
375 2267 462 2311 sint
485 2276 577 2310 acta
593 2301 604 2319 ‚
640 2276 682 2309 et
709 2282 807 2325 quae
830 2266 914 2309 sint
944 2265 1108 2324 agenda
1141 2265 1420 2322 distinguam.

35 2339 266 2382 Ostensum
286 2346 349 2381 est
371 2352 490 2395 ergo,
517 2336 626 2380 nihil
643 2352 765 2396 posse
779 2351 856 2396 per
877 2345 1044 2380 sanctas
1063 2337 1304 2395 Scripturas
1321 2351 1425 2395 pro-

36 2409 151 2463 bari,
183 2408 483 2468 quodjustitia
506 2423 595 2452 non
623 2408 756 2467 possit
788 2407 898 2451 tueri
927 2426 934 2451 :
970 2407 1070 2466 quia
1105 2409 1137 2450 si
1161 2407 1206 2449 in
1230 2406 1325 2464 lege
1348 2406 1425 2449 Dei

33 2489 98 2524 est
120 2479 312 2539 perfecta
336 2478 687 2539 formajustitiae‚
713 2477 821 2522 nihil
844 2494 921 2537 per
943 2494 1035 2521 eam
1056 2478 1296 2521 adversaria
1314 2478 1422 2536 ejus,

0 2591 4 2597 .
35 2550 80 2595 id
103 2560 189 2605 est,
222 2551 429 2611 injustitia
450 2551 605 2595 sinitur
631 2551 801 2594 virtutis
831 2549 1053 2609 acquirere
1087 2569 1094 2592 :
1128 2565 1176 2592 ac
1205 2564 1281 2608 per
1313 2549 1394 2593 hoc
1414 2583 1424 2603 ,
1448 2562 1455 2567 ·

85 2644 91 2659 ¹
117 2639 206 2669 Rom.
227 2647 284 2677 vir,
311 2647 360 2678 ¹7·
378 2643 443 2659 ——2
469 2636 549 2668 ibid.
573 2635 699 2669 iS.—3
720 2635 864 2668 Anibi-os.
883 2636 927 2667 lib
942 2636 1033 2667 wrin
1053 2637 1293 2676 an.cap.x1v‚
1314 2645 1342 2665 v.
1366 2634 1419 2664 52.
