1821 3264
237 260 384 289 omns
416 260 593 288 IMPERF.
628 259 792 289 com-M
824 260 992 291 JULIAN.
1029 264 1113 292 Lm.
1148 266 1197 291 11.
1331 254 1410 292 321

32 326 152 382 dicis,
170 326 216 370 in
250 327 547 372 necessitatem
571 327 708 371 carnis
731 326 972 374 refundunt
992 350 1003 388 3
1029 329 1102 375 sed
1120 330 1186 374 his
1203 331 1279 391 qui
1301 339 1352 375 ut
1372 331 1418 375 in

30 396 292 442 tentationes
318 398 581 456 flagitiorum
608 413 698 442 non
725 396 972 444 inferantur
991 435 1001 453 ‚
1032 416 1180 460 preces
1202 404 1291 446 Deo
1320 399 1418 446 fun-

32 468 172 524 dunt,
210 469 359 528 figitur
393 468 568 514 aculeus
598 468 901 515 sollicitudinis
931 480 973 515 et
1004 472 1170 517 timoris
1189 508 1200 529 ,
1229 489 1283 518 ne
1311 489 1419 518 con-

34 539 223 584 sentiant
245 540 560 599 superbissimis
582 542 726 584 etDeo
742 541 1038 600 ingratissimis
1056 542 1423 603 disputationibus

34 620 199 657 vestris.

93 684 218 727 VIII.
231 685 256 727 J
261 701 458 728 cuim-s.
469 686 718 728 «Postremo
740 683 786 727 in
801 684 1003 729 Ecclesiis
1016 700 1114 745 quae
1128 700 1338 744 magnum
1350 685 1427 729 ho-

36 767 187 798 norem
204 762 248 797 et
266 768 473 812 magnum
490 752 706 813 populum
722 754 972 813 possideant
989 790 999 810 ‚
1018 756 1246 815 praedicari
1259 765 1427 800 tantam

36 825 124 870 vim
151 839 241 869 esse
263 826 455 884 peccati,
480 835 530 869 ut
561 834 661 869 ante
679 826 975 870 membrorum
995 826 1197 882 formam,
1223 837 1323 872 ante
1341 827 1428 870 ini-

37 895 148 940 tium
182 895 510 956 adventumque
525 896 696 950 animae,
717 897 844 956 jactis
869 897 1104 942 seminibus
1122 898 1427 957 supervolans,

37 966 82 1011 in
102 977 317 1012 secretum
346 967 494 1012 matris
516 967 710 1022 invadat,
737 976 779 1011 et
797 982 892 1012 reos
921 967 1051 1012 faciat
1073 970 1330 1023 nascituros,
1358 984 1432 1012 or-

39 1045 175 1097 tuque
191 1037 283 1097 ipso
307 1038 528 1098 antiquior
550 1047 748 1097 expectet
763 1037 891 1098 culpa
908 1038 1192 1083 substantiam
1212 1060 1222 1096 3
1246 1054 1345 1099 quae
1363 1039 1433 1082 lex

38 1109 206 1167 peccati
223 1109 424 1154 habitans
438 1109 643 1169 deinceps
661 1110 705 1153 in
721 1110 944 1164 membris,
969 1111 1192 1170 captivum
1210 1110 1435 1154 hominem

39 1188 165 1237 cogat
182 1179 341 1224 servire
363 1179 618 1225 criminibus
641 1215 651 1235 ,
673 1195 763 1225 non
783 1181 1064 1240 castigatione
1087 1182 1132 1225 in
1145 1180 1434 1240 turpitudini-

41 1250 140 1305 bus,
152 1251 229 1296 sed
242 1251 539 1296 misericordia
558 1251 822 1309 digniorem:
839 1251 1200 1311 quandoquidem
1217 1250 1340 1311 quod
1357 1266 1435 1295 nos

40 1322 142 1367 vitia
163 1338 308 1382 pravae
338 1322 574 1369 voluntatis
607 1338 697 1367 esse
722 1323 928 1378 dicimus,
949 1322 994 1366 id
1018 1323 1063 1366 in
1085 1322 1278 1367 Ecclesia
1293 1338 1317 1366 a
1335 1321 1437 1366 viris

42 1401 86 1437 et
103 1392 294 1438 foeminis
317 1395 574 1455 magnisque
596 1393 877 1454 pontificibus
906 1392 1124 1451 originalis
1152 1393 1295 1452 passio
1316 1407 1436 1436 nun-

43 1475 245 1528 cupatur.
269 1484 290 1508 »

99 1542 393 1585 Auersriucs.
428 1534 681 1595 Respondet
702 1534 783 1578 tibi
806 1533 1058 1578 Ambrosius
1081 1534 1281 1592 pontifex
1320 1548 1433 1591 mag-

38 1624 137 1666 nus,
161 1607 460 1654 haeresiarchae
476 1606 606 1652 vestri
624 1603 886 1649 excellenter
907 1619 981 1648 ore
995 1603 1213 1659 laudatus,
1239 1613 1282 1647 et
1299 1602 1404 1647 dicit
1424 1622 1431 1647 :

39 1679 154 1725 Male
171 1681 263 1724 Eva
277 1676 525 1738 parturivit,
542 1684 591 1719 ut
610 1683 759 1734 partus
782 1673 1050 1733 relinqueret
1063 1673 1320 1717 mulieribus
1342 1674 1436 1716 hae-

40 1749 270 1795 reditatem
286 1751 318 1804 ¹,
339 1757 471 1808 atque
496 1747 797 1806 unusquisque
821 1745 1188 1803 concupiscentiae
1210 1744 1435 1803 voluptate

39 1829 283 1873 concretus,
305 1828 349 1864 et
365 1817 626 1877 genitalibus
651 1815 885 1860 visceribus
903 1814 1090 1868 infusus,
1116 1824 1161 1859 et
1182 1814 1435 1872 coagulatus

40 1893 86 1936 in
110 1893 342 1950 sanguine,
358 1891 404 1934 in
425 1888 581 1949 pannis
600 1885 972 1945 involutus,prius
990 1885 1153 1929 subiret
1175 1884 1433 1929 delictorum

40 1962 288 2021 contagium
305 1997 316 2017 ,
348 1975 482 2021 quam
523 1958 664 2002 vitalis
700 1957 873 2016 spiritus
905 1971 1064 2000 munus
1105 1956 1316 2000 hauriret.
1357 1958 1434 2000 Sa·-

40 2034 185 2078 nanda
205 2041 268 2077 est
284 2033 433 2092 itaque
451 2065 462 2085 ,
487 2032 511 2073 J
518 2028 660 2073 uliane
681 2063 692 2081 ,
713 2028 904 2071 humana
920 2061 930 2080 ‚
957 2030 1047 2070 Deo
1068 2026 1299 2070 miserante
1320 2061 1330 2081 ,
1354 2041 1434 2069 na-

0 2123 1 2127 *
39 2111 138 2148 tura
165 2122 174 2148 z
206 2118 324 2157 non,
363 2110 407 2145 te
446 2099 634 2145 inaniter
656 2097 951 2151 declamante,
979 2106 1185 2156 tanquam
1215 2113 1317 2141 sana
1339 2097 1435 2140 lau-

0 2175 2 2214 }
40 2173 202 2220 danda.

100 2247 179 2290 IX.
207 2247 436 2290 qumcs.
468 2261 488 2284 «
511 2244 615 2285 Haec
648 2255 750 2299 ergo
783 2239 1126 2285 Manichaeorum
1154 2249 1292 2283 scorta
1326 2238 1432 2295 dog-

0 2372 1 2376 *
41 2326 209 2362 matum
230 2314 622 2376 impurissimorum
643 2310 951 2355 lenocinantur
973 2311 1162 2354 auribus.
1183 2329 1202 2351 »

0 2379 3 2390 Ι
101 2392 394 2434 Amnum-cs.
432 2383 709 2429 Ambrosium
727 2416 737 2430 ,
780 2381 814 2426 Si
850 2381 983 2425 audes
1001 2416 1012 2436 ,
1040 2381 1268 2425 criminare
1296 2379 1433 2424 Mani-

0 2449 3 2475 Ι
43 2461 231 2505 chaeum.
259 2457 449 2504 Attende
476 2456 524 2500 in
550 2469 683 2515 quem
697 2452 836 2508 dicas,
853 2452 975 2512 quod
988 2453 1051 2497 vis
1065 2452 1202 2497 videri
1222 2461 1432 2511 tanquam

92 2570 102 2587 ¹
128 2563 277 2597 Ambros.
302 2561 358 2594 lib.
385 2561 426 2593 de
450 2561 658 2593 sacramento
679 2560 859 2600 regenerat.
884 2565 938 2587 scu
966 2555 1005 2586 de
1036 2554 1237 2597 Philosophia
1260 2555 1376 2587 citatur
1402 2555 1433 2586 in
1480 2547 1487 2552 ”

0 2618 4 2653 ἶ
45 2619 101 2653 lib.
121 2632 143 2654 ιι
159 2624 272 2653 contra
289 2618 403 2651 Julian.
429 2627 502 2660 cap.
523 2616 554 2649 6.

208 2685 358 2715 exuli.
1198 2666 1240 2703 ἐξ
