<?xml version="1.0" encoding="UTF-8"?>
<!DOCTYPE html PUBLIC "-//W3C//DTD XHTML 1.0 Transitional//EN"
    "http://www.w3.org/TR/xhtml1/DTD/xhtml1-transitional.dtd">
<html xmlns="http://www.w3.org/1999/xhtml" xml:lang="en" lang="en">
 <head>
  <title>
</title>
<meta http-equiv="Content-Type" content="text/html;charset=utf-8" />
  <meta name='ocr-system' content='tesseract 3.04.00' />
  <meta name='ocr-capabilities' content='ocr_page ocr_carea ocr_par ocr_line ocrx_word'/>
</head>
<body>
  <div class='ocr_page' id='page_1' title='image "./operaomniaaccura36auguuoft/operaomniaaccura36auguuoft_0177.png"; bbox 0 0 1821 3264; ppageno 0'>
   <div class='ocr_carea' id='block_1_1' title="bbox 0 0 23 383">
    <p class='ocr_par' dir='ltr' id='par_1_1' title="bbox 0 0 23 383">
     <span class='ocr_line' id='line_1_1' title="bbox 0 0 23 383; baseline 0 2881"><span class='ocrx_word' id='word_1_1' title='bbox 0 0 23 383; x_wconf 95' lang='lat' dir='ltr'> </span> 
     </span>
    </p>
   </div>
   <div class='ocr_carea' id='block_1_2' title="bbox 0 673 38 3004">
    <p class='ocr_par' dir='ltr' id='par_1_2' title="bbox 0 673 38 3004">
     <span class='ocr_line' id='line_1_2' title="bbox 0 673 38 3004; baseline 0 0"><span class='ocrx_word' id='word_1_2' title='bbox 0 673 38 3004; x_wconf 95' lang='lat' dir='ltr'> </span> 
     </span>
    </p>
   </div>
   <div class='ocr_carea' id='block_1_3' title="bbox 430 274 1416 322">
    <p class='ocr_par' dir='ltr' id='par_1_3' title="bbox 430 274 1416 322">
     <span class='ocr_line' id='line_1_3' title="bbox 430 274 1416 322; baseline -0.009 -1"><span class='ocrx_word' id='word_1_3' title='bbox 430 295 484 322; x_wconf 69' lang='lat' dir='ltr'>nn</span> <span class='ocrx_word' id='word_1_4' title='bbox 514 291 628 320; x_wconf 71' lang='lat' dir='ltr'>nouo</span> <span class='ocrx_word' id='word_1_5' title='bbox 659 288 1025 318; x_wconf 64' lang='lat' dir='ltr'>Pnnsnvnnmerm.</span> <span class='ocrx_word' id='word_1_6' title='bbox 1336 274 1416 312; x_wconf 87' lang='lat'>119</span> 
     </span>
    </p>
   </div>
   <div class='ocr_carea' id='block_1_4' title="bbox 0 349 1432 1264">
    <p class='ocr_par' dir='ltr' id='par_1_4' title="bbox 0 349 1432 1264">
     <span class='ocr_line' id='line_1_4' title="bbox 50 349 1420 414; baseline -0.011 -4"><span class='ocrx_word' id='word_1_7' title='bbox 50 384 71 410; x_wconf 70' lang='grc' dir='ltr'>ι)</span> <span class='ocrx_word' id='word_1_8' title='bbox 88 368 236 410; x_wconf 85' lang='lat' dir='ltr'>Jesum</span> <span class='ocrx_word' id='word_1_9' title='bbox 252 360 472 406; x_wconf 87' lang='lat' dir='ltr'><strong>Christum</strong></span> <span class='ocrx_word' id='word_1_10' title='bbox 486 357 532 400; x_wconf 92' lang='lat' dir='ltr'>in</span> <span class='ocrx_word' id='word_1_11' title='bbox 545 357 686 414; x_wconf 90' lang='lat' dir='ltr'>ipsum</span> <span class='ocrx_word' id='word_1_12' title='bbox 703 352 941 398; x_wconf 89' lang='lat' dir='ltr'>secundum</span> <span class='ocrx_word' id='word_1_13' title='bbox 957 352 1166 412; x_wconf 91' lang='lat' dir='ltr'>placitum</span> <span class='ocrx_word' id='word_1_14' title='bbox 1184 349 1420 395; x_wconf 87' lang='lat' dir='ltr'>voluntatis</span> 
     </span>
     <span class='ocr_line' id='line_1_5' title="bbox 50 420 1422 485; baseline -0.012 -4"><span class='ocrx_word' id='word_1_15' title='bbox 50 454 71 480; x_wconf 73' lang='grc' dir='ltr'>»ι</span> <span class='ocrx_word' id='word_1_16' title='bbox 89 449 176 480; x_wconf 86' lang='lat' dir='ltr'>suae</span> <span class='ocrx_word' id='word_1_17' title='bbox 193 432 238 476; x_wconf 92' lang='lat' dir='ltr'>in</span> <span class='ocrx_word' id='word_1_18' title='bbox 259 430 434 474; x_wconf 86' lang='lat' dir='ltr'>laudem</span> <span class='ocrx_word' id='word_1_19' title='bbox 452 426 598 485; x_wconf 81' lang='lat' dir='ltr'>gloriae</span> <span class='ocrx_word' id='word_1_20' title='bbox 614 424 763 483; x_wconf 82' lang='lat' dir='ltr'>gratiae</span> <span class='ocrx_word' id='word_1_21' title='bbox 780 438 870 468; x_wconf 83' lang='lat' dir='ltr'>suae</span> <span class='ocrx_word' id='word_1_22' title='bbox 882 458 893 477; x_wconf 91' lang='lat'>‚</span> <span class='ocrx_word' id='word_1_23' title='bbox 914 423 958 466; x_wconf 89' lang='lat' dir='ltr'>in</span> <span class='ocrx_word' id='word_1_24' title='bbox 975 438 1060 481; x_wconf 89' lang='lat' dir='ltr'>qua</span> <span class='ocrx_word' id='word_1_25' title='bbox 1079 420 1336 479; x_wconf 86' lang='lat' dir='ltr'>gratificavit</span> <span class='ocrx_word' id='word_1_26' title='bbox 1350 435 1422 465; x_wconf 92' lang='lat' dir='ltr'>eos</span> 
     </span>
     <span class='ocr_line' id='line_1_6' title="bbox 49 492 1424 554; baseline -0.012 -4"><span class='ocrx_word' id='word_1_27' title='bbox 49 523 71 550; x_wconf 60' lang='grc' dir='ltr'>ι)</span> <span class='ocrx_word' id='word_1_28' title='bbox 89 505 135 549; x_wconf 91' lang='lat' dir='ltr'>in</span> <span class='ocrx_word' id='word_1_29' title='bbox 158 502 317 547; x_wconf 89' lang='lat' dir='ltr'>dilecto</span> <span class='ocrx_word' id='word_1_30' title='bbox 346 499 458 544; x_wconf 90' lang='lat' dir='ltr'>Filio</span> <span class='ocrx_word' id='word_1_31' title='bbox 481 512 585 550; x_wconf 86' lang='lat' dir='ltr'>suo,</span> <span class='ocrx_word' id='word_1_32' title='bbox 609 496 654 539; x_wconf 90' lang='lat' dir='ltr'>in</span> <span class='ocrx_word' id='word_1_33' title='bbox 679 509 767 554; x_wconf 91' lang='lat' dir='ltr'>quo</span> <span class='ocrx_word' id='word_1_34' title='bbox 791 493 955 536; x_wconf 86' lang='lat' dir='ltr'>habent</span> <span class='ocrx_word' id='word_1_35' title='bbox 982 492 1323 549; x_wconf 79' lang='lat' dir='ltr'>redemptionem</span> <span class='ocrx_word' id='word_1_36' title='bbox 1346 506 1424 550; x_wconf 89' lang='lat' dir='ltr'>per</span> 
     </span>
     <span class='ocr_line' id='line_1_7' title="bbox 49 561 1425 632; baseline -0.012 -12"><span class='ocrx_word' id='word_1_37' title='bbox 49 588 71 619; x_wconf 63' lang='lat' dir='ltr'>t)</span> <span class='ocrx_word' id='word_1_38' title='bbox 88 573 340 632; x_wconf 86' lang='lat' dir='ltr'>sanguinem</span> <span class='ocrx_word' id='word_1_39' title='bbox 353 570 500 629; x_wconf 85' lang='lat' dir='ltr'>ipsius,</span> <span class='ocrx_word' id='word_1_40' title='bbox 517 566 806 611; x_wconf 84' lang='lat' dir='ltr'>remissionem</span> <span class='ocrx_word' id='word_1_41' title='bbox 821 571 1094 620; x_wconf 86' lang='lat' dir='ltr'>peccatorum</span> <span class='ocrx_word' id='word_1_42' title='bbox 1110 561 1351 604; x_wconf 89' lang='lat' dir='ltr'>secundum</span> <span class='ocrx_word' id='word_1_43' title='bbox 1364 562 1425 605; x_wconf 90' lang='lat' dir='ltr'>di-</span> 
     </span>
     <span class='ocr_line' id='line_1_8' title="bbox 50 631 1428 701; baseline -0.011 -12"><span class='ocrx_word' id='word_1_44' title='bbox 50 663 70 689; x_wconf 76' lang='grc'>»</span> <span class='ocrx_word' id='word_1_45' title='bbox 88 644 212 689; x_wconf 88' lang='lat' dir='ltr'>vitias</span> <span class='ocrx_word' id='word_1_46' title='bbox 228 642 377 701; x_wconf 85' lang='lat' dir='ltr'>gratiae</span> <span class='ocrx_word' id='word_1_47' title='bbox 392 641 498 699; x_wconf 85' lang='lat' dir='ltr'>ejus,</span> <span class='ocrx_word' id='word_1_48' title='bbox 519 652 617 696; x_wconf 82' lang='lat' dir='ltr'>quae</span> <span class='ocrx_word' id='word_1_49' title='bbox 634 633 870 680; x_wconf 87' lang='lat' dir='ltr'>abundavit</span> <span class='ocrx_word' id='word_1_50' title='bbox 884 634 929 676; x_wconf 92' lang='lat' dir='ltr'>in</span> <span class='ocrx_word' id='word_1_51' title='bbox 945 647 1016 676; x_wconf 90' lang='lat' dir='ltr'>eos</span> <span class='ocrx_word' id='word_1_52' title='bbox 1029 632 1073 676; x_wconf 93' lang='lat' dir='ltr'>in</span> <span class='ocrx_word' id='word_1_53' title='bbox 1089 631 1206 674; x_wconf 92' lang='lat' dir='ltr'>omni</span> <span class='ocrx_word' id='word_1_54' title='bbox 1219 631 1428 689; x_wconf 81' lang='lat' dir='ltr'>sapientia</span> 
     </span>
     <span class='ocr_line' id='line_1_9' title="bbox 0 699 1429 773; baseline -0.012 -13"><span class='ocrx_word' id='word_1_55' title='bbox 0 744 1 747; x_wconf 62' lang='lat'><em>=</em></span> <span class='ocrx_word' id='word_1_56' title='bbox 49 734 70 759; x_wconf 73' lang='grc' dir='ltr'><strong>υ</strong></span> <span class='ocrx_word' id='word_1_57' title='bbox 87 724 131 759; x_wconf 87' lang='lat' dir='ltr'>et</span> <span class='ocrx_word' id='word_1_58' title='bbox 145 711 394 773; x_wconf 87' lang='lat' dir='ltr'>prudentia,</span> <span class='ocrx_word' id='word_1_59' title='bbox 419 719 469 753; x_wconf 89' lang='lat' dir='ltr'>ut</span> <span class='ocrx_word' id='word_1_60' title='bbox 485 706 730 753; x_wconf 82' lang='lat' dir='ltr'>ostenderet</span> <span class='ocrx_word' id='word_1_61' title='bbox 744 705 804 748; x_wconf 88' lang='lat' dir='ltr'>eis</span> <span class='ocrx_word' id='word_1_62' title='bbox 820 702 1075 762; x_wconf 83' lang='lat' dir='ltr'>mysterium</span> <span class='ocrx_word' id='word_1_63' title='bbox 1087 699 1323 746; x_wconf 88' lang='lat' dir='ltr'>voluntatis</span> <span class='ocrx_word' id='word_1_64' title='bbox 1339 715 1429 744; x_wconf 83' lang='lat' dir='ltr'>suae</span> 
     </span>
     <span class='ocr_line' id='line_1_10' title="bbox 0 770 1428 845; baseline -0.013 -15"><span class='ocrx_word' id='word_1_65' title='bbox 0 778 2 845; x_wconf 46' lang='lat' dir='ltr'>J</span> <span class='ocrx_word' id='word_1_66' title='bbox 48 804 69 830; x_wconf 83' lang='lat'>»</span> <span class='ocrx_word' id='word_1_67' title='bbox 89 782 328 829; x_wconf 85' lang='lat' dir='ltr'>secundum</span> <span class='ocrx_word' id='word_1_68' title='bbox 352 781 514 825; x_wconf 91' lang='lat' dir='ltr'>bonam</span> <span class='ocrx_word' id='word_1_69' title='bbox 534 777 803 821; x_wconf 81' lang='lat' dir='ltr'>voluntatem</span> <span class='ocrx_word' id='word_1_70' title='bbox 821 789 940 817; x_wconf 90' lang='lat' dir='ltr'>suam</span> <span class='ocrx_word' id='word_1_71' title='bbox 956 808 966 828; x_wconf 88' lang='lat'><strong>‚</strong></span> <span class='ocrx_word' id='word_1_72' title='bbox 989 787 1120 832; x_wconf 88' lang='lat' dir='ltr'>quam</span> <span class='ocrx_word' id='word_1_73' title='bbox 1143 771 1367 830; x_wconf 85' lang='lat' dir='ltr'>proposuit</span> <span class='ocrx_word' id='word_1_74' title='bbox 1384 770 1428 813; x_wconf 87' lang='lat' dir='ltr'>in</span> 
     </span>
     <span class='ocr_line' id='line_1_11' title="bbox 49 841 1430 909; baseline -0.012 -11"><span class='ocrx_word' id='word_1_75' title='bbox 49 873 70 898; x_wconf 71' lang='lat'>1&gt;</span> <span class='ocrx_word' id='word_1_76' title='bbox 86 853 177 908; x_wconf 82' lang='lat' dir='ltr'>illo,</span> <span class='ocrx_word' id='word_1_77' title='bbox 202 853 247 895; x_wconf 91' lang='lat' dir='ltr'>in</span> <span class='ocrx_word' id='word_1_78' title='bbox 273 849 593 909; x_wconf 86' lang='lat' dir='ltr'>dispensatione</span> <span class='ocrx_word' id='word_1_79' title='bbox 610 843 892 905; x_wconf 86' lang='lat' dir='ltr'>plenitudinis</span> <span class='ocrx_word' id='word_1_80' title='bbox 908 852 1171 900; x_wconf 86' lang='lat' dir='ltr'>temporum,</span> <span class='ocrx_word' id='word_1_81' title='bbox 1192 841 1430 884; x_wconf 88' lang='lat' dir='ltr'>instaurare</span> 
     </span>
     <span class='ocr_line' id='line_1_12' title="bbox 50 909 1426 978; baseline -0.012 -9"><span class='ocrx_word' id='word_1_82' title='bbox 50 943 70 968; x_wconf 80' lang='lat'>»</span> <span class='ocrx_word' id='word_1_83' title='bbox 87 923 232 969; x_wconf 89' lang='lat' dir='ltr'>omnia</span> <span class='ocrx_word' id='word_1_84' title='bbox 245 921 291 965; x_wconf 88' lang='lat' dir='ltr'>in</span> <span class='ocrx_word' id='word_1_85' title='bbox 303 919 475 966; x_wconf 91' lang='lat' dir='ltr'>Christo</span> <span class='ocrx_word' id='word_1_86' title='bbox 486 932 586 978; x_wconf 86' lang='lat' dir='ltr'>quae</span> <span class='ocrx_word' id='word_1_87' title='bbox 597 916 642 960; x_wconf 92' lang='lat' dir='ltr'>in</span> <span class='ocrx_word' id='word_1_88' title='bbox 654 914 773 960; x_wconf 86' lang='lat' dir='ltr'>coelis</span> <span class='ocrx_word' id='word_1_89' title='bbox 787 922 887 958; x_wconf 91' lang='lat' dir='ltr'>sunt</span> <span class='ocrx_word' id='word_1_90' title='bbox 902 921 946 957; x_wconf 83' lang='lat' dir='ltr'>et</span> <span class='ocrx_word' id='word_1_91' title='bbox 960 912 1113 971; x_wconf 85' lang='lat' dir='ltr'>quaein</span> <span class='ocrx_word' id='word_1_92' title='bbox 1127 911 1249 954; x_wconf 85' lang='lat' dir='ltr'>terris</span> <span class='ocrx_word' id='word_1_93' title='bbox 1260 911 1306 953; x_wconf 94' lang='lat' dir='ltr'>in</span> <span class='ocrx_word' id='word_1_94' title='bbox 1317 909 1426 969; x_wconf 89' lang='lat' dir='ltr'>ipso,</span> 
     </span>
     <span class='ocr_line' id='line_1_13' title="bbox 0 980 1432 1053; baseline -0.013 -13"><span class='ocrx_word' id='word_1_95' title='bbox 0 1023 1 1041; x_wconf 77' lang='grc'>;</span> <span class='ocrx_word' id='word_1_96' title='bbox 49 1012 70 1037; x_wconf 75' lang='grc' dir='ltr'>ι)</span> <span class='ocrx_word' id='word_1_97' title='bbox 86 995 131 1038; x_wconf 90' lang='lat' dir='ltr'>in</span> <span class='ocrx_word' id='word_1_98' title='bbox 148 1008 238 1053; x_wconf 92' lang='lat' dir='ltr'>quo</span> <span class='ocrx_word' id='word_1_99' title='bbox 259 992 389 1036; x_wconf 88' lang='lat' dir='ltr'>etiam</span> <span class='ocrx_word' id='word_1_100' title='bbox 407 999 450 1033; x_wconf 89' lang='lat' dir='ltr'>et</span> <span class='ocrx_word' id='word_1_101' title='bbox 464 997 623 1033; x_wconf 85' lang='lat' dir='ltr'>sortem</span> <span class='ocrx_word' id='word_1_102' title='bbox 639 984 860 1031; x_wconf 80' lang='lat' dir='ltr'>consecuti</span> <span class='ocrx_word' id='word_1_103' title='bbox 875 997 1038 1036; x_wconf 76' lang='lat' dir='ltr'>sumus,</span> <span class='ocrx_word' id='word_1_104' title='bbox 1056 980 1352 1041; x_wconf 84' lang='lat' dir='ltr'>praedestinati</span> <span class='ocrx_word' id='word_1_105' title='bbox 1367 995 1432 1024; x_wconf 87' lang='lat' dir='ltr'>se-</span> 
     </span>
     <span class='ocr_line' id='line_1_14' title="bbox 50 1051 1432 1121; baseline -0.009 -14"><span class='ocrx_word' id='word_1_106' title='bbox 50 1083 70 1107; x_wconf 83' lang='lat'>»</span> <span class='ocrx_word' id='word_1_107' title='bbox 90 1063 287 1109; x_wconf 91' lang='lat' dir='ltr'>cundum</span> <span class='ocrx_word' id='word_1_108' title='bbox 313 1059 582 1121; x_wconf 87' lang='lat' dir='ltr'>propositum</span> <span class='ocrx_word' id='word_1_109' title='bbox 611 1056 688 1117; x_wconf 89' lang='lat' dir='ltr'>qui</span> <span class='ocrx_word' id='word_1_110' title='bbox 719 1056 918 1100; x_wconf 87' lang='lat' dir='ltr'>universa</span> <span class='ocrx_word' id='word_1_111' title='bbox 944 1052 1189 1112; x_wconf 81' lang='lat' dir='ltr'>operatur1.</span> <span class='ocrx_word' id='word_1_112' title='bbox 1223 1067 1244 1092; x_wconf 87' lang='lat'>»</span> <span class='ocrx_word' id='word_1_113' title='bbox 1269 1051 1432 1094; x_wconf 86' lang='lat' dir='ltr'>Contra</span> 
     </span>
     <span class='ocr_line' id='line_1_15' title="bbox 0 1120 1430 1185; baseline -0.013 -4"><span class='ocrx_word' id='word_1_114' title='bbox 0 1164 2 1167; x_wconf 38' lang='lat' dir='ltr'>v</span> <span class='ocrx_word' id='word_1_115' title='bbox 44 1136 171 1180; x_wconf 90' lang='lat' dir='ltr'>istam</span> <span class='ocrx_word' id='word_1_116' title='bbox 192 1133 383 1178; x_wconf 88' lang='lat' dir='ltr'>veritatis</span> <span class='ocrx_word' id='word_1_117' title='bbox 399 1141 488 1175; x_wconf 86' lang='lat' dir='ltr'>tam</span> <span class='ocrx_word' id='word_1_118' title='bbox 504 1129 663 1174; x_wconf 86' lang='lat' dir='ltr'>claram</span> <span class='ocrx_word' id='word_1_119' title='bbox 686 1128 856 1181; x_wconf 73' lang='lat' dir='ltr'>tubam,</span> <span class='ocrx_word' id='word_1_120' title='bbox 880 1125 975 1185; x_wconf 89' lang='lat' dir='ltr'>quis</span> <span class='ocrx_word' id='word_1_121' title='bbox 996 1124 1129 1168; x_wconf 91' lang='lat' dir='ltr'>homo</span> <span class='ocrx_word' id='word_1_122' title='bbox 1151 1121 1305 1166; x_wconf 84' lang='lat' dir='ltr'>sobriae</span> <span class='ocrx_word' id='word_1_123' title='bbox 1319 1120 1430 1179; x_wconf 83' lang='lat' dir='ltr'>vigi-</span> 
     </span>
     <span class='ocr_line' id='line_1_16' title="bbox 0 1194 1139 1264; baseline -0.012 -14"><span class='ocrx_word' id='word_1_124' title='bbox 0 1227 3 1250; x_wconf 59' lang='grc' dir='ltr'>ι</span> <span class='ocrx_word' id='word_1_125' title='bbox 45 1205 263 1264; x_wconf 84' lang='lat' dir='ltr'>lantisque</span> <span class='ocrx_word' id='word_1_126' title='bbox 279 1202 383 1247; x_wconf 89' lang='lat' dir='ltr'>fidei</span> <span class='ocrx_word' id='word_1_127' title='bbox 405 1215 530 1245; x_wconf 90' lang='lat' dir='ltr'>voces</span> <span class='ocrx_word' id='word_1_128' title='bbox 548 1197 658 1243; x_wconf 86' lang='lat' dir='ltr'>ullas</span> <span class='ocrx_word' id='word_1_129' title='bbox 680 1197 881 1242; x_wconf 87' lang='lat' dir='ltr'>admittat</span> <span class='ocrx_word' id='word_1_130' title='bbox 896 1194 1139 1239; x_wconf 75' lang='lat' dir='ltr'>humanas?</span> 
     </span>
    </p>
   </div>
   <div class='ocr_carea' id='block_1_5' title="bbox 103 1257 1821 1329">
    <p class='ocr_par' dir='ltr' id='par_1_5' title="bbox 103 1257 1821 1329">
     <span class='ocr_line' id='line_1_17' title="bbox 103 1257 1821 1329; baseline -0.012 -10"><span class='ocrx_word' id='word_1_131' title='bbox 103 1277 224 1319; x_wconf 87' lang='lat' dir='ltr'><strong>XVI.</strong></span> <span class='ocrx_word' id='word_1_132' title='bbox 255 1293 275 1316; x_wconf 89' lang='lat'>«</span> <span class='ocrx_word' id='word_1_133' title='bbox 297 1271 380 1318; x_wconf 91' lang='lat' dir='ltr'>Sed</span> <span class='ocrx_word' id='word_1_134' title='bbox 395 1286 488 1324; x_wconf 88' lang='lat' dir='ltr'>cur,</span> <span class='ocrx_word' id='word_1_135' title='bbox 507 1271 666 1329; x_wconf 82' lang='lat' dir='ltr'>inquit,</span> <span class='ocrx_word' id='word_1_136' title='bbox 686 1268 819 1327; x_wconf 82' lang='lat' dir='ltr'>gratia</span> <span class='ocrx_word' id='word_1_137' title='bbox 834 1266 910 1310; x_wconf 91' lang='lat' dir='ltr'>Dei</span> <span class='ocrx_word' id='word_1_138' title='bbox 926 1281 1014 1310; x_wconf 92' lang='lat' dir='ltr'>non</span> <span class='ocrx_word' id='word_1_139' title='bbox 1027 1262 1268 1308; x_wconf 90' lang='lat' dir='ltr'>secundum</span> <span class='ocrx_word' id='word_1_140' title='bbox 1282 1260 1433 1304; x_wconf 88' lang='lat' dir='ltr'>merita</span> <span class='ocrx_word' id='word_1_141' title='bbox 1467 1281 1491 1306; x_wconf 65' lang='lat'>71</span> <span class='ocrx_word' id='word_1_142' title='bbox 1508 1296 1526 1306; x_wconf 36' lang='grc' dir='ltr'><strong>μ</strong></span> <span class='ocrx_word' id='word_1_143' title='bbox 1629 1294 1640 1305; x_wconf 72' lang='grc'>,.</span> <span class='ocrx_word' id='word_1_144' title='bbox 1654 1290 1659 1300; x_wconf 59' lang='lat'>2</span> <span class='ocrx_word' id='word_1_145' title='bbox 1674 1288 1701 1299; x_wconf 38' lang='grc' dir='ltr'>ς.</span> <span class='ocrx_word' id='word_1_146' title='bbox 1722 1281 1747 1296; x_wconf 38' lang='lat'>*2</span> <span class='ocrx_word' id='word_1_147' title='bbox 1810 1257 1821 1293; x_wconf 66' lang='grc' dir='ltr'>-ῗ</span> 
     </span>
    </p>
   </div>
   <div class='ocr_carea' id='block_1_6' title="bbox 46 1331 1504 2599">
    <p class='ocr_par' dir='ltr' id='par_1_6' title="bbox 46 1331 1504 2305">
     <span class='ocr_line' id='line_1_18' title="bbox 46 1331 1434 1398; baseline -0.012 -7"><span class='ocrx_word' id='word_1_148' title='bbox 46 1346 274 1391; x_wconf 90' lang='lat' dir='ltr'>hominum</span> <span class='ocrx_word' id='word_1_149' title='bbox 289 1343 418 1387; x_wconf 85' lang='lat' dir='ltr'>datur</span> <span class='ocrx_word' id='word_1_150' title='bbox 434 1343 452 1383; x_wconf 75' lang='lat'>⁶?</span> <span class='ocrx_word' id='word_1_151' title='bbox 468 1359 489 1382; x_wconf 87' lang='lat'>»</span> <span class='ocrx_word' id='word_1_152' title='bbox 510 1337 770 1398; x_wconf 83' lang='lat' dir='ltr'>Respondeo</span> <span class='ocrx_word' id='word_1_153' title='bbox 784 1373 794 1392; x_wconf 87' lang='lat'>,</span> <span class='ocrx_word' id='word_1_154' title='bbox 818 1337 1035 1390; x_wconf 82' lang='lat' dir='ltr'>Quoniam</span> <span class='ocrx_word' id='word_1_155' title='bbox 1056 1337 1170 1378; x_wconf 88' lang='lat' dir='ltr'>Deus</span> <span class='ocrx_word' id='word_1_156' title='bbox 1192 1331 1434 1376; x_wconf 86' lang='lat' dir='ltr'>misericors</span> 
     </span>
     <span class='ocr_line' id='line_1_19' title="bbox 46 1403 1490 1472; baseline -0.013 -10"><span class='ocrx_word' id='word_1_157' title='bbox 46 1425 123 1462; x_wconf 84' lang='lat' dir='ltr'>est.</span> <span class='ocrx_word' id='word_1_158' title='bbox 152 1433 172 1458; x_wconf 92' lang='lat'>«</span> <span class='ocrx_word' id='word_1_159' title='bbox 195 1416 286 1460; x_wconf 90' lang='lat' dir='ltr'>Cur</span> <span class='ocrx_word' id='word_1_160' title='bbox 306 1427 410 1472; x_wconf 85' lang='lat' dir='ltr'>ergo</span> <span class='ocrx_word' id='word_1_161' title='bbox 428 1446 439 1466; x_wconf 90' lang='lat'>‚</span> <span class='ocrx_word' id='word_1_162' title='bbox 458 1410 606 1470; x_wconf 77' lang='lat' dir='ltr'>inquit</span> <span class='ocrx_word' id='word_1_163' title='bbox 625 1443 636 1464; x_wconf 86' lang='lat'>‚</span> <span class='ocrx_word' id='word_1_164' title='bbox 662 1424 750 1452; x_wconf 92' lang='lat' dir='ltr'>non</span> <span class='ocrx_word' id='word_1_165' title='bbox 768 1406 971 1450; x_wconf 88' lang='lat' dir='ltr'>omnibus</span> <span class='ocrx_word' id='word_1_166' title='bbox 993 1407 1010 1449; x_wconf 77' lang='grc' dir='ltr'><strong><em>Ρ</em></strong></span> <span class='ocrx_word' id='word_1_167' title='bbox 1036 1422 1056 1446; x_wconf 82' lang='lat'>»</span> <span class='ocrx_word' id='word_1_168' title='bbox 1090 1406 1146 1447; x_wconf 86' lang='lat' dir='ltr'>Et</span> <span class='ocrx_word' id='word_1_169' title='bbox 1167 1403 1239 1446; x_wconf 84' lang='lat' dir='ltr'>hic</span> <span class='ocrx_word' id='word_1_170' title='bbox 1260 1416 1435 1460; x_wconf 84' lang='lat' dir='ltr'>respon·</span> <span class='ocrx_word' id='word_1_171' title='bbox 1486 1458 1490 1459; x_wconf 19' lang='lat'><em>⁷</em></span> 
     </span>
     <span class='ocr_line' id='line_1_20' title="bbox 48 1467 1504 1540; baseline -0.012 -9"><span class='ocrx_word' id='word_1_172' title='bbox 48 1485 130 1531; x_wconf 86' lang='lat' dir='ltr'>deo</span> <span class='ocrx_word' id='word_1_173' title='bbox 146 1521 157 1540; x_wconf 80' lang='lat'>‚</span> <span class='ocrx_word' id='word_1_174' title='bbox 182 1485 396 1538; x_wconf 86' lang='lat' dir='ltr'>Quoniam</span> <span class='ocrx_word' id='word_1_175' title='bbox 420 1485 535 1526; x_wconf 85' lang='lat' dir='ltr'>Deus</span> <span class='ocrx_word' id='word_1_176' title='bbox 554 1478 689 1539; x_wconf 83' lang='lat' dir='ltr'>judex</span> <span class='ocrx_word' id='word_1_177' title='bbox 708 1489 787 1521; x_wconf 89' lang='lat' dir='ltr'>est.</span> <span class='ocrx_word' id='word_1_178' title='bbox 815 1480 878 1521; x_wconf 87' lang='lat' dir='ltr'>Ac</span> <span class='ocrx_word' id='word_1_179' title='bbox 900 1489 976 1534; x_wconf 86' lang='lat' dir='ltr'>per</span> <span class='ocrx_word' id='word_1_180' title='bbox 995 1476 1079 1518; x_wconf 89' lang='lat' dir='ltr'>hoc</span> <span class='ocrx_word' id='word_1_181' title='bbox 1101 1482 1144 1516; x_wconf 91' lang='lat' dir='ltr'>et</span> <span class='ocrx_word' id='word_1_182' title='bbox 1162 1471 1291 1530; x_wconf 84' lang='lat' dir='ltr'>gratis</span> <span class='ocrx_word' id='word_1_183' title='bbox 1313 1470 1368 1514; x_wconf 86' lang='lat' dir='ltr'>ab</span> <span class='ocrx_word' id='word_1_184' title='bbox 1386 1485 1438 1515; x_wconf 90' lang='lat' dir='ltr'>eo</span> <span class='ocrx_word' id='word_1_185' title='bbox 1465 1467 1504 1483; x_wconf 63' lang='lat'><em>⁵</em></span> 
     </span>
     <span class='ocr_line' id='line_1_21' title="bbox 49 1542 1433 1613; baseline -0.013 -12"><span class='ocrx_word' id='word_1_186' title='bbox 49 1555 178 1601; x_wconf 84' lang='lat' dir='ltr'>datur</span> <span class='ocrx_word' id='word_1_187' title='bbox 199 1555 332 1613; x_wconf 85' lang='lat' dir='ltr'>gratia</span> <span class='ocrx_word' id='word_1_188' title='bbox 361 1574 372 1610; x_wconf 75' lang='lat'>3</span> <span class='ocrx_word' id='word_1_189' title='bbox 397 1561 439 1596; x_wconf 90' lang='lat' dir='ltr'>et</span> <span class='ocrx_word' id='word_1_190' title='bbox 452 1553 571 1611; x_wconf 85' lang='lat' dir='ltr'>justo</span> <span class='ocrx_word' id='word_1_191' title='bbox 594 1551 684 1609; x_wconf 84' lang='lat' dir='ltr'>ejus</span> <span class='ocrx_word' id='word_1_192' title='bbox 717 1548 762 1591; x_wconf 91' lang='lat' dir='ltr'>in</span> <span class='ocrx_word' id='word_1_193' title='bbox 791 1546 882 1590; x_wconf 86' lang='lat' dir='ltr'>aliis</span> <span class='ocrx_word' id='word_1_194' title='bbox 899 1543 1066 1605; x_wconf 85' lang='lat' dir='ltr'>judicio</span> <span class='ocrx_word' id='word_1_195' title='bbox 1092 1542 1433 1595; x_wconf 85' lang='lat' dir='ltr'>demonstratur,</span> 
     </span>
     <span class='ocr_line' id='line_1_22' title="bbox 48 1612 1436 1689; baseline -0.012 -18"><span class='ocrx_word' id='word_1_196' title='bbox 48 1627 155 1689; x_wconf 91' lang='lat' dir='ltr'>quid</span> <span class='ocrx_word' id='word_1_197' title='bbox 172 1627 217 1670; x_wconf 93' lang='lat' dir='ltr'>in</span> <span class='ocrx_word' id='word_1_198' title='bbox 242 1627 301 1669; x_wconf 89' lang='lat' dir='ltr'>eis</span> <span class='ocrx_word' id='word_1_199' title='bbox 318 1624 478 1684; x_wconf 89' lang='lat' dir='ltr'>quibus</span> <span class='ocrx_word' id='word_1_200' title='bbox 495 1621 624 1665; x_wconf 86' lang='lat' dir='ltr'>datur</span> <span class='ocrx_word' id='word_1_201' title='bbox 641 1618 837 1664; x_wconf 86' lang='lat' dir='ltr'>conferat</span> <span class='ocrx_word' id='word_1_202' title='bbox 855 1616 1006 1675; x_wconf 84' lang='lat' dir='ltr'>gratia.</span> <span class='ocrx_word' id='word_1_203' title='bbox 1022 1617 1121 1659; x_wconf 93' lang='lat' dir='ltr'>Non</span> <span class='ocrx_word' id='word_1_204' title='bbox 1141 1614 1289 1672; x_wconf 87' lang='lat' dir='ltr'>itaque</span> <span class='ocrx_word' id='word_1_205' title='bbox 1301 1612 1436 1656; x_wconf 89' lang='lat' dir='ltr'>simus</span> 
     </span>
     <span class='ocr_line' id='line_1_23' title="bbox 49 1681 1432 1756; baseline -0.012 -14"><span class='ocrx_word' id='word_1_206' title='bbox 49 1696 206 1756; x_wconf 83' lang='lat' dir='ltr'>ingrati</span> <span class='ocrx_word' id='word_1_207' title='bbox 225 1731 235 1751; x_wconf 83' lang='lat'>,</span> <span class='ocrx_word' id='word_1_208' title='bbox 257 1694 378 1755; x_wconf 90' lang='lat' dir='ltr'>quod</span> <span class='ocrx_word' id='word_1_209' title='bbox 395 1692 635 1738; x_wconf 87' lang='lat' dir='ltr'>secundum</span> <span class='ocrx_word' id='word_1_210' title='bbox 656 1689 866 1750; x_wconf 90' lang='lat' dir='ltr'>placitum</span> <span class='ocrx_word' id='word_1_211' title='bbox 890 1685 1126 1732; x_wconf 89' lang='lat' dir='ltr'>voluntatis</span> <span class='ocrx_word' id='word_1_212' title='bbox 1147 1699 1251 1737; x_wconf 83' lang='lat' dir='ltr'>suae,</span> <span class='ocrx_word' id='word_1_213' title='bbox 1276 1684 1320 1726; x_wconf 93' lang='lat' dir='ltr'>in</span> <span class='ocrx_word' id='word_1_214' title='bbox 1334 1681 1432 1727; x_wconf 85' lang='lat' dir='ltr'>lau-</span> 
     </span>
     <span class='ocr_line' id='line_1_24' title="bbox 50 1755 1434 1824; baseline -0.012 -13"><span class='ocrx_word' id='word_1_215' title='bbox 50 1768 149 1812; x_wconf 90' lang='lat' dir='ltr'>dem</span> <span class='ocrx_word' id='word_1_216' title='bbox 163 1765 309 1824; x_wconf 81' lang='lat' dir='ltr'>gloriae</span> <span class='ocrx_word' id='word_1_217' title='bbox 321 1763 469 1823; x_wconf 84' lang='lat' dir='ltr'>gratiae</span> <span class='ocrx_word' id='word_1_218' title='bbox 485 1778 574 1806; x_wconf 84' lang='lat' dir='ltr'>suae</span> <span class='ocrx_word' id='word_1_219' title='bbox 597 1770 684 1805; x_wconf 88' lang='lat' dir='ltr'>tam</span> <span class='ocrx_word' id='word_1_220' title='bbox 708 1759 868 1803; x_wconf 88' lang='lat' dir='ltr'>multos</span> <span class='ocrx_word' id='word_1_221' title='bbox 890 1758 1048 1802; x_wconf 84' lang='lat' dir='ltr'>liberat</span> <span class='ocrx_word' id='word_1_222' title='bbox 1060 1755 1299 1799; x_wconf 88' lang='lat' dir='ltr'>misericors</span> <span class='ocrx_word' id='word_1_223' title='bbox 1321 1755 1434 1796; x_wconf 88' lang='lat' dir='ltr'>Deus</span> 
     </span>
     <span class='ocr_line' id='line_1_25' title="bbox 51 1823 1431 1892; baseline -0.011 -11"><span class='ocrx_word' id='word_1_224' title='bbox 51 1835 105 1881; x_wconf 90' lang='lat' dir='ltr'>de</span> <span class='ocrx_word' id='word_1_225' title='bbox 125 1845 213 1879; x_wconf 86' lang='lat' dir='ltr'>tam</span> <span class='ocrx_word' id='word_1_226' title='bbox 238 1835 383 1878; x_wconf 86' lang='lat' dir='ltr'>debita</span> <span class='ocrx_word' id='word_1_227' title='bbox 406 1832 649 1892; x_wconf 87' lang='lat' dir='ltr'>perditione</span> <span class='ocrx_word' id='word_1_228' title='bbox 669 1865 680 1883; x_wconf 78' lang='grc'>,</span> <span class='ocrx_word' id='word_1_229' title='bbox 706 1838 756 1873; x_wconf 88' lang='lat' dir='ltr'>ut</span> <span class='ocrx_word' id='word_1_230' title='bbox 774 1829 809 1872; x_wconf 90' lang='lat' dir='ltr'>si</span> <span class='ocrx_word' id='word_1_231' title='bbox 839 1827 941 1871; x_wconf 88' lang='lat' dir='ltr'>inde</span> <span class='ocrx_word' id='word_1_232' title='bbox 968 1825 1188 1870; x_wconf 89' lang='lat' dir='ltr'>neminem</span> <span class='ocrx_word' id='word_1_233' title='bbox 1210 1823 1431 1875; x_wconf 84' lang='lat' dir='ltr'>liberaret,</span> 
     </span>
     <span class='ocr_line' id='line_1_26' title="bbox 51 1893 1437 1965; baseline -0.012 -13"><span class='ocrx_word' id='word_1_234' title='bbox 51 1922 140 1951; x_wconf 91' lang='lat' dir='ltr'>non</span> <span class='ocrx_word' id='word_1_235' title='bbox 170 1915 279 1951; x_wconf 87' lang='lat' dir='ltr'>esset</span> <span class='ocrx_word' id='word_1_236' title='bbox 302 1905 500 1965; x_wconf 88' lang='lat' dir='ltr'>injustus.</span> <span class='ocrx_word' id='word_1_237' title='bbox 530 1904 594 1946; x_wconf 84' lang='lat' dir='ltr'>Ex</span> <span class='ocrx_word' id='word_1_238' title='bbox 615 1915 705 1945; x_wconf 88' lang='lat' dir='ltr'>uno</span> <span class='ocrx_word' id='word_1_239' title='bbox 736 1900 900 1960; x_wconf 88' lang='lat' dir='ltr'>quippe</span> <span class='ocrx_word' id='word_1_240' title='bbox 927 1912 1077 1942; x_wconf 90' lang='lat' dir='ltr'>omnes</span> <span class='ocrx_word' id='word_1_241' title='bbox 1105 1896 1150 1939; x_wconf 91' lang='lat' dir='ltr'>in</span> <span class='ocrx_word' id='word_1_242' title='bbox 1173 1893 1437 1939; x_wconf 85' lang='lat' dir='ltr'>condemna-</span> 
     </span>
     <span class='ocr_line' id='line_1_27' title="bbox 51 1964 1435 2034; baseline -0.012 -12"><span class='ocrx_word' id='word_1_243' title='bbox 51 1978 211 2022; x_wconf 86' lang='lat' dir='ltr'>tionem</span> <span class='ocrx_word' id='word_1_244' title='bbox 235 1991 323 2021; x_wconf 92' lang='lat' dir='ltr'>non</span> <span class='ocrx_word' id='word_1_245' title='bbox 355 1975 558 2034; x_wconf 85' lang='lat' dir='ltr'>injustam</span> <span class='ocrx_word' id='word_1_246' title='bbox 587 1970 768 2031; x_wconf 86' lang='lat' dir='ltr'>judicati</span> <span class='ocrx_word' id='word_1_247' title='bbox 793 1979 894 2013; x_wconf 87' lang='lat' dir='ltr'>sunt</span> <span class='ocrx_word' id='word_1_248' title='bbox 926 1969 1013 2021; x_wconf 88' lang='lat' dir='ltr'>ire,</span> <span class='ocrx_word' id='word_1_249' title='bbox 1045 1965 1120 2010; x_wconf 91' lang='lat' dir='ltr'>sed</span> <span class='ocrx_word' id='word_1_250' title='bbox 1142 1966 1316 2024; x_wconf 85' lang='lat' dir='ltr'>justam.</span> <span class='ocrx_word' id='word_1_251' title='bbox 1350 1964 1435 2015; x_wconf 86' lang='lat' dir='ltr'>Qui</span> 
     </span>
     <span class='ocr_line' id='line_1_28' title="bbox 53 2033 1437 2107; baseline -0.012 -15"><span class='ocrx_word' id='word_1_252' title='bbox 53 2063 155 2107; x_wconf 84' lang='lat' dir='ltr'>ergo</span> <span class='ocrx_word' id='word_1_253' title='bbox 167 2044 580 2103; x_wconf 79' lang='lat' dir='ltr'>liberatur,gratiam</span> <span class='ocrx_word' id='word_1_254' title='bbox 596 2041 746 2099; x_wconf 82' lang='lat' dir='ltr'>diligat</span> <span class='ocrx_word' id='word_1_255' title='bbox 764 2039 865 2100; x_wconf 87' lang='lat' dir='ltr'>:qui</span> <span class='ocrx_word' id='word_1_256' title='bbox 886 2053 975 2082; x_wconf 93' lang='lat' dir='ltr'>non</span> <span class='ocrx_word' id='word_1_257' title='bbox 991 2037 1217 2088; x_wconf 84' lang='lat' dir='ltr'>liberatur,</span> <span class='ocrx_word' id='word_1_258' title='bbox 1235 2033 1437 2078; x_wconf 90' lang='lat' dir='ltr'>debitum</span> 
     </span>
     <span class='ocr_line' id='line_1_29' title="bbox 55 2103 1439 2178; baseline -0.012 -15"><span class='ocrx_word' id='word_1_259' title='bbox 55 2126 274 2178; x_wconf 83' lang='lat' dir='ltr'>agnoscat.</span> <span class='ocrx_word' id='word_1_260' title='bbox 311 2117 353 2161; x_wconf 90' lang='lat' dir='ltr'>Si</span> <span class='ocrx_word' id='word_1_261' title='bbox 384 2117 428 2159; x_wconf 88' lang='lat' dir='ltr'>in</span> <span class='ocrx_word' id='word_1_262' title='bbox 455 2111 718 2158; x_wconf 87' lang='lat' dir='ltr'>remittendo</span> <span class='ocrx_word' id='word_1_263' title='bbox 743 2110 893 2155; x_wconf 91' lang='lat' dir='ltr'>debito</span> <span class='ocrx_word' id='word_1_264' title='bbox 927 2108 1099 2152; x_wconf 85' lang='lat' dir='ltr'>bonitas</span> <span class='ocrx_word' id='word_1_265' title='bbox 1117 2141 1127 2161; x_wconf 85' lang='lat'><strong>‚</strong></span> <span class='ocrx_word' id='word_1_266' title='bbox 1151 2106 1197 2149; x_wconf 91' lang='lat' dir='ltr'>in</span> <span class='ocrx_word' id='word_1_267' title='bbox 1229 2103 1439 2163; x_wconf 84' lang='lat' dir='ltr'>exigendo</span> 
     </span>
     <span class='ocr_line' id='line_1_30' title="bbox 55 2174 1441 2249; baseline -0.012 -16"><span class='ocrx_word' id='word_1_268' title='bbox 55 2189 236 2249; x_wconf 84' lang='lat' dir='ltr'>aequitas</span> <span class='ocrx_word' id='word_1_269' title='bbox 256 2186 542 2245; x_wconf 79' lang='lat' dir='ltr'>intelligitur,</span> <span class='ocrx_word' id='word_1_270' title='bbox 567 2197 785 2242; x_wconf 90' lang='lat' dir='ltr'>nusquam</span> <span class='ocrx_word' id='word_1_271' title='bbox 814 2195 902 2224; x_wconf 88' lang='lat' dir='ltr'>esse</span> <span class='ocrx_word' id='word_1_272' title='bbox 930 2179 1048 2237; x_wconf 86' lang='lat' dir='ltr'>apud</span> <span class='ocrx_word' id='word_1_273' title='bbox 1078 2180 1213 2221; x_wconf 89' lang='lat' dir='ltr'>Deum</span> <span class='ocrx_word' id='word_1_274' title='bbox 1236 2174 1441 2234; x_wconf 89' lang='lat' dir='ltr'>iniquitas</span> 
     </span>
     <span class='ocr_line' id='line_1_31' title="bbox 56 2260 289 2305; baseline -0.009 -1"><span class='ocrx_word' id='word_1_275' title='bbox 56 2260 289 2305; x_wconf 85' lang='lat' dir='ltr'>invenitur.</span> 
     </span>
    </p>

    <p class='ocr_par' dir='ltr' id='par_1_7' title="bbox 59 2316 1486 2599">
     <span class='ocr_line' id='line_1_32' title="bbox 114 2316 1439 2385; baseline -0.011 -10"><span class='ocrx_word' id='word_1_276' title='bbox 114 2333 258 2375; x_wconf 86' lang='lat' dir='ltr'>XVII.</span> <span class='ocrx_word' id='word_1_277' title='bbox 299 2347 320 2371; x_wconf 91' lang='lat'>«</span> <span class='ocrx_word' id='word_1_278' title='bbox 356 2328 439 2374; x_wconf 90' lang='lat' dir='ltr'>Sed</span> <span class='ocrx_word' id='word_1_279' title='bbox 462 2342 540 2371; x_wconf 91' lang='lat' dir='ltr'>cur</span> <span class='ocrx_word' id='word_1_280' title='bbox 556 2361 566 2381; x_wconf 91' lang='lat'><strong>‚</strong></span> <span class='ocrx_word' id='word_1_281' title='bbox 595 2325 764 2385; x_wconf 79' lang='lat' dir='ltr'>inquit,</span> <span class='ocrx_word' id='word_1_282' title='bbox 789 2324 879 2368; x_wconf 85' lang='lat' dir='ltr'>non</span> <span class='ocrx_word' id='word_1_283' title='bbox 907 2321 1047 2366; x_wconf 90' lang='lat' dir='ltr'>solum</span> <span class='ocrx_word' id='word_1_284' title='bbox 1069 2321 1114 2363; x_wconf 91' lang='lat' dir='ltr'>in</span> <span class='ocrx_word' id='word_1_285' title='bbox 1141 2316 1439 2377; x_wconf 86' lang='lat' dir='ltr'>parvulorum,</span> 
     </span>
     <span class='ocr_line' id='line_1_33' title="bbox 59 2390 1442 2458; baseline -0.012 -12"><span class='ocrx_word' id='word_1_286' title='bbox 59 2401 343 2445; x_wconf 86' lang='lat' dir='ltr'>verumetiam</span> <span class='ocrx_word' id='word_1_287' title='bbox 365 2400 409 2442; x_wconf 87' lang='lat' dir='ltr'>in</span> <span class='ocrx_word' id='word_1_288' title='bbox 433 2398 701 2458; x_wconf 86' lang='lat' dir='ltr'>geminorum</span> <span class='ocrx_word' id='word_1_289' title='bbox 726 2410 814 2438; x_wconf 90' lang='lat' dir='ltr'>una</span> <span class='ocrx_word' id='word_1_290' title='bbox 843 2403 975 2453; x_wconf 89' lang='lat' dir='ltr'>atque</span> <span class='ocrx_word' id='word_1_291' title='bbox 998 2390 1147 2434; x_wconf 88' lang='lat' dir='ltr'>eadem</span> <span class='ocrx_word' id='word_1_292' title='bbox 1180 2404 1304 2433; x_wconf 88' lang='lat' dir='ltr'>causa</span> <span class='ocrx_word' id='word_1_293' title='bbox 1319 2423 1328 2441; x_wconf 91' lang='lat'>,</span> <span class='ocrx_word' id='word_1_294' title='bbox 1355 2396 1442 2431; x_wconf 88' lang='lat' dir='ltr'>tam</span> 
     </span>
     <span class='ocr_line' id='line_1_34' title="bbox 61 2458 1443 2530; baseline -0.012 -14"><span class='ocrx_word' id='word_1_295' title='bbox 61 2471 274 2517; x_wconf 84' lang='lat' dir='ltr'>diversum</span> <span class='ocrx_word' id='word_1_296' title='bbox 293 2469 506 2530; x_wconf 84' lang='lat' dir='ltr'>judicium</span> <span class='ocrx_word' id='word_1_297' title='bbox 529 2468 546 2508; x_wconf 70' lang='lat'>‘2</span> <span class='ocrx_word' id='word_1_298' title='bbox 571 2486 590 2509; x_wconf 66' lang='grc' dir='ltr'><strong>ν</strong></span> <span class='ocrx_word' id='word_1_299' title='bbox 617 2469 771 2511; x_wconf 89' lang='lat' dir='ltr'>Nonne</span> <span class='ocrx_word' id='word_1_300' title='bbox 794 2464 941 2509; x_wconf 89' lang='lat' dir='ltr'>similis</span> <span class='ocrx_word' id='word_1_301' title='bbox 965 2460 1148 2521; x_wconf 82' lang='lat' dir='ltr'>quaestio</span> <span class='ocrx_word' id='word_1_302' title='bbox 1176 2468 1239 2503; x_wconf 91' lang='lat' dir='ltr'>est</span> <span class='ocrx_word' id='word_1_303' title='bbox 1256 2493 1268 2512; x_wconf 81' lang='lat'>,</span> <span class='ocrx_word' id='word_1_304' title='bbox 1292 2472 1370 2502; x_wconf 90' lang='lat' dir='ltr'>cur</span> <span class='ocrx_word' id='word_1_305' title='bbox 1397 2458 1443 2500; x_wconf 94' lang='lat' dir='ltr'>in</span> 
     </span>
     <span class='ocr_line' id='line_1_35' title="bbox 61 2529 1486 2599; baseline -0.013 -12"><span class='ocrx_word' id='word_1_306' title='bbox 61 2541 228 2587; x_wconf 86' lang='lat' dir='ltr'>diversa</span> <span class='ocrx_word' id='word_1_307' title='bbox 244 2556 372 2586; x_wconf 84' lang='lat' dir='ltr'>causa</span> <span class='ocrx_word' id='word_1_308' title='bbox 392 2539 508 2584; x_wconf 92' lang='lat' dir='ltr'>idem</span> <span class='ocrx_word' id='word_1_309' title='bbox 521 2537 764 2599; x_wconf 79' lang='lat' dir='ltr'>judicium?</span> <span class='ocrx_word' id='word_1_310' title='bbox 780 2533 1036 2580; x_wconf 84' lang='lat' dir='ltr'>Recolamus</span> <span class='ocrx_word' id='word_1_311' title='bbox 1061 2532 1190 2588; x_wconf 81' lang='lat' dir='ltr'>igitur</span> <span class='ocrx_word' id='word_1_312' title='bbox 1212 2529 1306 2574; x_wconf 84' lang='lat' dir='ltr'>illos</span> <span class='ocrx_word' id='word_1_313' title='bbox 1338 2543 1442 2586; x_wconf 66' lang='lat' dir='ltr'>ope«</span> <span class='ocrx_word' id='word_1_314' title='bbox 1478 2553 1486 2560; x_wconf 83' lang='lat'><em>-</em></span> 
     </span>
    </p>
   </div>
   <div class='ocr_carea' id='block_1_7' title="bbox 115 2622 985 2669">
    <p class='ocr_par' dir='ltr' id='par_1_8' title="bbox 115 2622 985 2669">
     <span class='ocr_line' id='line_1_36' title="bbox 115 2622 985 2669; baseline -0.011 -11"><span class='ocrx_word' id='word_1_315' title='bbox 115 2636 119 2650; x_wconf 87' lang='lat'><em>¹</em></span> <span class='ocrx_word' id='word_1_316' title='bbox 142 2627 256 2669; x_wconf 81' lang='lat' dir='ltr'>Ephes.</span> <span class='ocrx_word' id='word_1_317' title='bbox 280 2638 302 2666; x_wconf 87' lang='lat'>1,</span> <span class='ocrx_word' id='word_1_318' title='bbox 324 2626 339 2663; x_wconf 73' lang='grc' dir='ltr'>ά</span> <span class='ocrx_word' id='word_1_319' title='bbox 360 2630 394 2657; x_wconf 86' lang='lat' dir='ltr'>et</span> <span class='ocrx_word' id='word_1_320' title='bbox 407 2635 495 2666; x_wconf 83' lang='lat' dir='ltr'>seqq.</span> <span class='ocrx_word' id='word_1_321' title='bbox 513 2640 553 2646; x_wconf 84' lang='lat'>—-</span> <span class='ocrx_word' id='word_1_322' title='bbox 572 2631 582 2644; x_wconf 85' lang='lat'>⁷</span> <span class='ocrx_word' id='word_1_323' title='bbox 602 2622 713 2653; x_wconf 77' lang='lat' dir='ltr'>Matth.</span> <span class='ocrx_word' id='word_1_324' title='bbox 735 2632 790 2658; x_wconf 82' lang='lat' dir='ltr'>xx,</span> <span class='ocrx_word' id='word_1_325' title='bbox 812 2631 822 2650; x_wconf 72' lang='grc' dir='ltr'>ι</span> <span class='ocrx_word' id='word_1_326' title='bbox 844 2624 877 2650; x_wconf 82' lang='lat' dir='ltr'>et</span> <span class='ocrx_word' id='word_1_327' title='bbox 897 2628 985 2659; x_wconf 75' lang='lat' dir='ltr'>seqq.</span> 
     </span>
    </p>
   </div>
  </div>
 </body>
</html>
