1821 3264
428 241 480 266 DE
513 240 624 266 nono
656 240 1025 268 lensssvnnm'riae.
1336 229 1417 267 127

36 304 280 348 desererent
300 337 312 358 ,
349 303 450 347 satis
480 303 643 347 indicat
677 318 766 347 non
800 303 987 362 judicari
1020 303 1241 348 hominem
1275 318 1328 346 ex
1369 318 1420 348 eo

37 372 155 432 quod
186 373 467 431 praenoscitur
488 370 599 415 male
627 371 758 416 fuisse
785 372 995 427 facturus,
1026 375 1058 418 si
1080 375 1118 417 ci
1140 388 1420 433 quocumque

36 441 244 486 beneficio
266 451 315 486 ut
335 442 381 486 id
402 457 492 486 non
514 440 658 485 faciat.
684 441 951 485 consulatur.
977 443 1238 487 Consultum
1262 452 1325 486 est
1347 443 1422 500 igi-

36 521 103 556 tur
124 521 167 556 et
189 512 269 567 illi,
295 512 371 572 qui
392 521 539 571 raptus
561 520 624 556 est
640 545 651 566 ,
674 526 728 554 ne
754 510 916 555 malitia
938 521 1128 555 mutaret
1148 512 1420 556 intellectum
1438 508 1444 512 “

35 584 140 643 ejus·
166 583 252 628 Sed
273 597 351 627 cur
373 599 463 628 non
481 584 540 627 ita
563 582 812 627 consultum
836 582 969 627 fuerit
990 583 1127 640 Tyriis
1147 599 1195 626 ae
1218 584 1417 638 Sidoniis,

36 661 85 696 ut
99 651 326 696 crederent
339 662 382 697 et
399 662 669 712 raperentur,
692 668 746 696 ne
764 651 927 697 malitia
944 661 1133 696 mutaret
1150 652 1420 696 intellectum

35 737 211 781 eorum,
245 723 425 768 forsitan
463 723 742 783 responderet
770 723 858 778 ille,
889 724 960 768 cui
989 723 1152 783 placuit
1177 724 1259 767 isto
1287 723 1420 768 modo

34 793 145 837 hanc
177 792 340 837 solvere
378 794 662 853 quaestionem
689 813 697 837 ;
728 809 809 852 ego
845 809 947 838 vero
985 803 1199 853 quantum
1238 793 1292 837 ad
1335 793 1419 838 hoc

35 862 151 922 quod
184 879 265 922 ago
301 865 454 909 attinet
474 900 484 919 ,
519 865 718 908 sufficere
749 864 905 918 video,
942 872 990 907 ut
1023 863 1263 908 secundum
1295 863 1421 906 istam

34 948 210 993 quoque
231 935 506 989 sententiam,
533 934 886 979 demonstrentur
908 933 1103 978 homines
1126 949 1214 976 non
1234 933 1422 992 judicari

33 1002 88 1047 de
117 1004 182 1048 his
208 1020 307 1064 quae
342 1021 431 1049 non
453 1004 651 1049 fecerunt
671 1040 681 1059 ,
706 1007 839 1050 etiam
861 1005 894 1048 si
918 1004 1072 1049 facturi
1094 1004 1225 1048 luisse
1250 1003 1419 1063 praevisi

30 1084 146 1118 sunt.
171 1077 450 1135 Quanquam,
468 1085 524 1119 ut
546 1076 648 1131 dixi,
675 1077 788 1119 hanc
810 1075 1077 1134 opinionem,
1105 1090 1190 1135 qua
1210 1083 1422 1133 putantur

31 1143 75 1186 in
99 1145 382 1189 morientibus
404 1146 472 1189 vel
495 1145 675 1189 mortuis
699 1144 907 1189 vindicari
932 1155 1109 1204 peccata
1124 1180 1138 1199 ,
1162 1160 1262 1203 quae
1284 1160 1421 1203 praes-

31 1213 104 1258 citi
132 1225 234 1259 sunt
259 1216 418 1260 facturi
445 1231 532 1259 esse
560 1217 595 1259 si
620 1217 831 1270 viverent,
861 1217 989 1259 etiam
1020 1215 1216 1259 refellere
1241 1215 1418 1274 pudeat,

32 1299 86 1327 ne
119 1284 346 1329 videamur
374 1295 417 1330 et
450 1301 528 1330 nos
558 1286 819 1330 existimasse
852 1285 1032 1346 alicujus
1067 1302 1156 1331 esse
1188 1286 1418 1339 momenti,

33 1369 163 1413 quam
202 1355 432 1399 maluimus
469 1355 763 1413 disputatione
799 1357 1005 1400 cohibere
1027 1391 1037 1411 ,
1078 1372 1209 1415 quam
1247 1356 1421 1399 silentio

34 1425 267 1482 praeterire.

87 1496 227 1538 XXV.
247 1495 434 1539 Proinde
450 1495 559 1540 sicut
576 1494 809 1553 Apostolus
825 1496 883 1539 ait
903 1514 911 1539 :
933 1497 1065 1540 «Non
1078 1494 1258 1539 volentis
1277 1509 1421 1553 neque

35 1582 53 1605 η
74 1564 300 1618 currentis,
326 1563 402 1608 sed.
423 1564 660 1608 miserentis
685 1574 748 1608 est
771 1566 871 1608 Dei¹
888 1583 897 1609 ;
914 1584 932 1606 »
953 1566 1029 1625 qui
1053 1574 1096 1609 et
1113 1564 1302 1624 parvulis
1324 1564 1422 1623 qui-

31 1633 111 1677 bus
134 1633 244 1689 vult,
268 1635 396 1677 etiam
422 1650 512 1678 non
533 1634 781 1678 volentibus
805 1650 947 1694 neque
969 1634 1246 1679 currentibus
1269 1634 1422 1678 subve-

31 1703 111 1758 nit,
136 1719 244 1763 quos
270 1713 369 1748 ante
404 1705 761 1748 constitutionem
793 1704 946 1748 mundi
977 1704 1107 1763 elegit
1139 1706 1185 1748 in
1216 1705 1418 1759 Christo,

31 1770 209 1817 daturus
231 1774 290 1818 eis
314 1774 494 1832 gratiam
519 1774 664 1833 gratis,
693 1775 775 1818 hoc
796 1784 875 1829 est,
902 1774 1036 1818 nullis
1058 1790 1207 1818 eorum
1231 1773 1301 1818 vel
1319 1773 1420 1817 fidei

33 1842 101 1886 vel
132 1858 315 1902 operum
347 1843 509 1887 meritis
542 1844 889 1902 praecedentibus
913 1863 921 1888 :
943 1853 986 1887 et
1019 1844 1257 1904 majoribus
1289 1844 1418 1887 etiam

29 1911 95 1956 his
117 1913 237 1973 quod
259 1914 483 1973 praevidit,
505 1914 539 1957 si
560 1913 679 1973 apud
699 1929 771 1958 eos
788 1914 900 1958 facta
919 1924 1075 1968 essent,
1096 1915 1181 1959 suis
1200 1913 1420 1958 miraculis

32 1984 272 2029 credituros
288 2019 299 2040 ,
325 1985 485 2044 quibus
507 1985 713 2029 non'vult
734 1986 982 2040 subvenire,
1008 2001 1098 2029 non
1116 1985 1342 2041 subvenit,
1365 1983 1420 2027 de

33 2054 189 2114 quibus
211 2055 257 2099 in
280 2071 356 2100 sua
381 2054 759 2115 praedestinatione
789 2054 959 2100 occulte
989 2054 1185 2115 quidem,
1214 2055 1290 2098 sed
1306 2055 1421 2113 juste

33 2123 150 2169 aliud
168 2125 379 2185 judicavit
403 2145 413 2171 ε
434 2145 454 2167 «
474 2128 572 2171 Non
590 2126 706 2169 enim
731 2134 795 2169 est
812 2126 1017 2185 iniquitas
1040 2125 1157 2184 apud
1180 2129 1317 2169 Deum
1334 2127 1377 2182 ²3
1398 2142 1418 2165 »

32 2195 107 2239 sed
130 2195 460 2240 «inscrutabilia
474 2204 574 2240 sunt
601 2194 767 2255 judicia
790 2197 881 2255 ejus
899 2231 909 2251 ,
935 2205 978 2240 et
1000 2194 1319 2254 investigabiles
1342 2194 1422 2239 viae

36 2282 56 2306 »
84 2267 199 2325 ejus3
223 2285 232 2311 ι
257 2268 466 2311 universae
482 2276 629 2330 autern
642 2265 722 2310 viae
741 2267 912 2310 Domini
929 2266 1218 2311 misericordia
1242 2275 1285 2310 et
1307 2265 1422 2310 veri-

37 2354 56 2377 »
83 2345 147 2381 tas
160 2337 221 2380 4.»
241 2336 556 2396 Investigabilis
569 2351 670 2394 ergo
686 2346 750 2381 est
767 2337 1076 2391 misericordia,
1093 2352 1179 2397 qua
1194 2338 1260 2397 cuj
1269 2352 1316 2380 us
1331 2338 1423 2380 vult

34 2407 276 2464 miseretur,
301 2407 432 2452 nullis
456 2409 546 2467 ejus
570 2407 920 2467 praecedentibus
941 2408 1103 2452 meritis
1121 2410 1134 2433 ⁵
1156 2427 1164 2452 2
1187 2416 1230 2451 et
1251 2406 1424 2451 investi-

82 2515 90 2531 ¹
112 2511 204 2542 Rom.
217 2521 263 2551 ix,
285 2508 412 2542 ι6.-2
432 2508 513 2542 lbid.
534 2509 585 2550 14.
599 2507 729 2542 -31d.
750 2521 797 2550 xi,
816 2510 870 2541 23.
887 2526 928 2533 -
942 2509 958 2539 4
972 2509 1052 2542 Psal.
1073 2519 1161 2549 xxiv,
1182 2506 1307 2541 10.—⁵
1325 2510 1417 2540 Rom.

34 2572 78 2604 ix,
100 2562 155 2596 18.
