1884 3285
477 268 527 303 88
901 284 932 308 s.
968 285 1196 316 Anat-snm
1228 291 1403 320 nascor}

475 354 543 385 tur
575 362 584 387 :
612 346 730 403 quod
761 346 906 392 nullus
937 349 1077 396 dicere
1107 355 1372 403 Christianus
1401 362 1591 407 audebit.
1630 368 1838 420 Quocirca

471 428 558 458 non
589 414 748 460 debent
782 417 932 464 fratres
961 425 1122 480 nostri,
1158 430 1234 487 qui
1263 430 1489 477 nobiscum
1520 450 1599 494 pro
1628 441 1838 489 catholica

468 484 554 527 fide
585 487 816 543 perniciem
848 491 1061 552 Pelagiani
1088 501 1239 544 erroris
1267 502 1552 563 impugnant,
1586 508 1688 555 huic
1716 513 1839 560 Pela-

467 554 605 610 gianae
625 555 671 599 in
693 566 862 605 tantum
886 561 1028 608 favere
1051 568 1270 626 opinioni,
1295 589 1380 633 qua
1402 576 1635 633 opinantur
1656 584 1836 640 gratiam

467 625 540 667 Dei
562 629 800 674 secundum
824 634 973 678 merita
989 646 1133 683 nostra
1150 640 1265 700 dari,
1290 653 1338 689 ut
1354 647 1473 705 quod
1489 647 1551 693 illi
1569 650 1728 698 audere
1748 671 1836 701 non

463 707 664 753 possunt,
692 704 945 748 sententiam
976 722 1120 753 veram
1148 710 1275 769 plane
1302 725 1344 759 et
1370 718 1607 778 antiquitus
1628 723 1836 771 Christia-

1870 0 1884 234 ἒ

1874 241 1881 334 ἰ

1874 341 1884 500 ἱ

1876 501 1881 539 ἰ

1876 541 1884 782 ἒ

462 781 561 810 nam
581 783 589 808 τ
615 787 635 810 «
655 772 819 829 Raptus
838 784 920 831 est,
938 792 992 820 ne
1008 778 1172 827 malitia
1192 794 1380 831 mutaret
1395 788 1665 837 intellectum
1680 796 1787 855 ejus,
1809 816 1830 841 υ

460 836 681 883 destruere
714 842 975 905 moliantur,
1017 859 1059 895 et
1093 852 1137 896 id
1175 865 1390 913 astruere,
1432 862 1575 920 quod,
1612 880 1702 909 non
1734 868 1833 914 dico

457 908 746 969 crediturum,
777 915 852 959 sed
873 920 1185 969 somniaturum
1220 929 1437 974 neminem
1464 941 1737 992 putaremus,
1766 939 1834 983 se'-
1880 962 1884 990 2

456 977 647 1025 cundum
680 998 728 1028 ea
759 985 919 1032 scilicet
936 989 1120 1049 judicari
1143 1012 1364 1058 quemque
1395 1012 1696 1062 mortuorum,
1733 1025 1833 1069 quae
1881 1050 1884 1055 .

455 1058 649 1105 gesturus
670 1053 811 1100 fuerat
830 1093 840 1111 ,
865 1059 898 1102 si
915 1067 1108 1121 tempore
1130 1066 1358 1124 prolixiore
1375 1071 1560 1119 vixisset.
1582 1079 1646 1121 Ita
1669 1080 1832 1140 quippe

453 1119 585 1165 claret
611 1124 819 1170 invictum
853 1145 941 1174 esse
967 1135 1085 1192 quod
1111 1136 1314 1195 dicimus,
1341 1145 1519 1201 gratiam
1543 1149 1619 1191 Dei
1648 1164 1738 1193 non
1760 1166 1829 1195 se-

452 1191 643 1237 cundum
674 1198 823 1242 merita
860 1211 1003 1247 nostra
1030 1206 1150 1261 dari,
1192 1219 1241 1253 ut
1274 1211 1374 1256 huic
1409 1216 1577 1260 veritati
1609 1221 1828 1266 contradi-

449 1271 592 1306 centes
614 1265 822 1322 ingeniosi
844 1270 1038 1318 homines
1060 1275 1151 1320 haec
1174 1278 1229 1322 ab
1247 1283 1475 1328 omninum
1498 1287 1673 1333 auribus
1694 1300 1738 1336 et
1758 1308 1829 1338 co-

448 1331 726 1387 gitationibus
746 1337 961 1398 abigenda
983 1344 1124 1390 dicere
1146 1361 1420 1408 cogerentur.

505 1404 643 1448 XXX.
680 1409 755 1451 Est
785 1411 912 1455 etiam
950 1417 1320 1472 praeclarissimum
1357 1425 1508 1471 lumen
1544 1431 1826 1488 praedestina—

447 1471 573 1516 tionis
590 1477 600 1497 ¹
632 1485 674 1518 et
701 1480 870 1535 gratiae,
902 1483 992 1542 ipse
1017 1486 1209 1534 Salvator
1233 1493 1322 1551 ipse
1345 1497 1557 1542 Mediator
1579 1501 1656 1545 Dei
1679 1515 1721 1547 et
1741 1505 1824 1550 ho-

446 1541 612 1587 minum
641 1546 771 1592 homo
799 1551 994 1599 Christus
1024 1559 1143 1603 Jesus
1170 1580 1178 1605 :
1211 1565 1286 1621 qui
1316 1574 1363 1607 ut
1391 1566 1472 1611 hoc
1496 1579 1630 1626 esset,
1662 1574 1823 1633 quibus

448 1611 620 1658 tandem
655 1618 741 1662 suis
769 1621 837 1664 vel
864 1638 1044 1682 operum
1069 1630 1137 1673 vel
1163 1631 1263 1676 fidei
1284 1637 1628 1693 praecedentibus
1661 1646 1822 1691 meritis

1879 860 1884 953 i

445 1692 598 1728 natura
620 1687 810 1734 humana
827 1708 926 1751 quae
943 1696 987 1740 in
1004 1697 1080 1743 illo
1099 1709 1161 1745 est
1180 1707 1474 1763 comparavit?
1491 1713 1822 1771 Respondeatur
1883 1715 1884 1770 ξ

445 1769 592 1813 quaeso
612 1775 621 1801 :
642 1758 713 1802 ille
732 1761 884 1818 homo,
906 1776 953 1810 ut
972 1783 995 1811 a
1014 1771 1155 1817 Verbo
1178 1776 1289 1819 Patri
1309 1788 1525 1826 coaeterno
1546 1783 1591 1827 in
1609 1787 1821 1832 unitatem
1883 1815 1884 1838 ᾗ

442 1838 633 1881 personae
667 1843 937 1891 assumptus,
971 1838 1105 1884 Filius
1143 1845 1219 1887 Dei
1252 1847 1498 1905 unigenitus
1528 1863 1664 1910 esset,
1703 1857 1820 1903 unde
1883 1873 1884 1876 ’

442 1895 524 1939 hoc
557 1901 739 1945 meruit?
763 1906 892 1956 Quod
923 1909 1011 1967 ejus
1038 1911 1201 1957 bonum
1237 1918 1555 1982 qualecumque
1579 1930 1819 1984 praecessit?

441 1967 557 2017 Quid
585 1972 670 2027 egit
698 1983 824 2029 ante,
850 1980 955 2036 quid
984 1982 1189 2039 eredidit,
1215 1989 1322 2046 quid
1353 1993 1526 2049 petivit,
1559 2006 1608 2040 ut
1630 1998 1685 2042 ad
1706 2001 1817 2046 hanc

441 2035 705 2084 ineffabilem
735 2045 1031 2094 excellentiam
1061 2057 1338 2111 perveniret?
1364 2063 1517 2108 Nonne
1551 2065 1738 2113 faciente
1767 2087 1816 2116 ac

440 2108 699 2166 suscipiente
722 2114 885 2172 Verbo,
910 2119 1000 2178 ipse
1023 2123 1153 2169 homo
1171 2161 1181 2180 ,
1207 2143 1256 2171 ex
1274 2146 1361 2188 quo
1388 2148 1477 2177 esse
1498 2138 1653 2196 coepit,
1680 2140 1814 2187 Filius

442 2178 516 2220 Dei
534 2179 687 2225 unicus
708 2198 796 2228 esse
813 2189 970 2246 coepit?
992 2194 1145 2239 Nonne
1169 2196 1328 2243 Filium
1346 2203 1421 2245 Dei
1441 2205 1616 2251 unicum
1635 2208 1813 2257 foemina

438 2244 511 2290 illa
523 2250 654 2305 gratia
665 2253 790 2311 plena
805 2261 1028 2319 concepit?
1038 2266 1189 2310 Nonne
1201 2268 1255 2312 de
1265 2272 1426 2329 Spiritu
1438 2286 1585 2322 sancto
1594 2288 1636 2323 et
1647 2280 1811 2340 virgine

436 2317 573 2362 Maria
588 2322 662 2365 Dei
681 2324 814 2370 Filius
830 2330 980 2375 unicus
997 2344 1123 2378 natus
1138 2347 1216 2393 est,
1236 2355 1322 2385 non
1339 2345 1476 2388 carnis
1495 2347 1715 2406 cupidine,
1735 2352 1809 2397 sed

436 2391 639 2450 singulari
654 2396 728 2440 Dei
743 2404 946 2446 munere?
961 2406 1182 2466 Numquid
1201 2415 1481 2460 metuendum
1498 2416 1596 2474 fuit,
1617 2436 1672 2465 ne
1686 2439 1808 2468 acce-

437 2460 566 2507 dente
581 2473 705 2510 aetate
717 2467 848 2514 homo
865 2470 936 2516 ille
950 2473 1088 2521 libero
1100 2492 1298 2537 peccaret
1317 2484 1519 2532 arbitrio?
1535 2492 1623 2535 Aut
1645 2492 1742 2538 ideo
1762 2495 1806 2538 in

483 2573 488 2587 ¹
512 2567 587 2599 Vide
604 2569 660 2602 lib.
676 2582 696 2602 ιι
710 2572 750 2604 de
767 2580 930 2616 peccator.
950 2579 1054 2614 Merit.
1079 2587 1112 2614 et
1129 2585 1256 2620 Remiss.
1277 2599 1349 2631 cap.
1373 2601 1424 2633 17,
1442 2598 1475 2625 et
1492 2593 1544 2625 lib.
1563 2596 1604 2628 de
1621 2600 1707 2630 Dono
1727 2610 1801 2641 per-

434 2623 628 2664 severantiae,
646 2636 719 2668 cap.
738 2629 790 2670 24.
