1884 3285
415 297 499 335 456
857 313 889 338 s.
927 311 1154 341 uvcns‘rrm
1190 316 1364 343 Episcorl

413 372 553 430 ginale
577 382 818 431 peccatum,
850 376 970 434 quod
1001 393 1175 423 omnem
1211 382 1390 426 omnino
1420 393 1619 429 naturam
1652 381 1811 432 homi-'

413 457 516 487 num
553 444 607 486 ad
637 445 708 502 jus
737 445 900 490 diaboli
931 446 1091 492 faceret
1116 451 1356 508 pertinere,
1388 454 1575 514 quierat
1600 456 1721 502 locus
1742 460 1796 504 ad

409 513 769 572 aequiparandum
798 518 987 575 partium
1016 535 1246 566 numerum
1266 558 1276 577 ,
1303 538 1453 568 eorum
1487 523 1690 572 videlicet
1720 531 1795 590 qui

409 583 652 641 salvantur,
681 595 724 630 et
744 585 918 632 illorum
947 590 1023 648 qui
1051 591 1300 637 intereunt?
1319 597 1370 638 In
1392 596 1627 654 Evangelio
1643 601 1794 644 Domi-

408 670 490 700 nus
507 670 606 700 cum
623 656 850 702 beatorum
873 660 1119 706 ostenderet
1136 664 1356 709 raritatem
1378 684 1387 710 1
1413 684 1433 708 «
1453 669 1595 720 Quam
1617 679 1732 714 arcta
1753 680 1796 716 et

410 744 429 767 »
457 736 640 786 angusta
656 763 666 783 ,
688 729 852 789 inquit,
875 732 940 775 via
964 748 1063 791 quae
1084 733 1206 779 ducit
1227 736 1283 780 ad
1303 736 1435 780 vitam
1449 771 1459 791 ‚
1481 747 1524 782 et
1544 741 1671 797 pauci
1693 751 1794 786 sunt

407 799 530 857 »qui
563 800 793 845 inveniunt
824 817 918 846 eam
951 823 959 848 2
998 820 1130 864 quam
1167 807 1252 851 lata
1290 817 1332 852 et
1368 809 1553 867 spatiosa
1591 812 1657 856 via
1693 829 1793 873 quae

405 867 567 915 »ducit
609 869 662 913 ad
698 870 1012 931 perditionem,
1046 884 1088 919 et
1116 876 1244 921 multi
1277 887 1380 923 sunt
1412 879 1488 940 qui
1519 880 1680 927 intrant
1715 899 1793 943 per

403 957 423 980 »
450 954 545 983 eam
560 942 588 983 ¹.
612 958 632 982 ))

457 1011 750 1057 Arens‘rmns.
780 1016 874 1059 Hoc
901 1025 963 1059 est
986 1032 1074 1076 quo
1102 1032 1250 1061 sensus
1276 1019 1355 1062 iste
1384 1029 1523 1064 vester
1556 1024 1787 1079 evertitur,

398 1082 603 1140 quoniam
622 1085 745 1140 pauci
760 1095 862 1129 sunt
880 1087 956 1145 qui
977 1088 1214 1143 salvantur,
1235 1089 1280 1133 in
1295 1105 1444 1135 eorum
1466 1096 1790 1153 comparatione

396 1152 472 1209 qui
490 1162 675 1209 pereunt
697 1172 706 1197 2
731 1169 830 1198 nam
853 1155 945 1200 sine
967 1156 1140 1201 illorum
1166 1161 1490 1219 comparatione
1512 1178 1590 1222 per
1611 1179 1655 1208 se
1675 1165 1788 1225 ipsos

396 1221 525 1264 etiam
553 1222 634 1280 ipsi
667 1223 794 1268 multi
826 1235 950 1284 sunt,
982 1242 1132 1273 eorum
1153 1229 1319 1290 quippe
1334 1231 1662 1279 multitudinem
1682 1235 1787 1282 dicit

397 1291 680 1352 Apocalypsis
701 1310 932 1341 numerare
951 1300 1171 1344 neminem
1191 1306 1355 1360 posse2.
1383 1303 1488 1349 Ideo
1501 1305 1660 1351 Paulus
1669 1308 1702 1351 si
1716 1323 1788 1352 eos

395 1376 484 1405 non
501 1363 682 1419 multos,
708 1366 783 1410 sed
802 1366 950 1427 plures
972 1368 1172 1426 dixisset,
1195 1387 1285 1417 non
1302 1388 1525 1432 possemus
1546 1391 1618 1421 eos
1641 1376 1785 1423 dicere

394 1434 642 1494 pauciores3
667 1438 850 1482 verbum
868 1441 982 1484 enim
1004 1445 1338 1503 comparationis
1363 1456 1441 1502 est,
1467 1447 1640 1507 plures:
1665 1450 1785 1510 quod

394 1504 576 1549 verbum
599 1522 674 1552 vos
696 1511 960 1568 supponitis,
987 1528 1075 1557 non
1099 1515 1333 1573 Apostolus
1355 1518 1494 1576 ponit.
1520 1518 1601 1564 Sed
1627 1535 1707 1565 nec
1724 1522 1784 1565 sic

390 1574 514 1618 vobis
539 1576 648 1620 ratio
670 1581 888 1624 constabit
923 1600 930 1625 :
958 1592 1097 1627 vestra
1121 1585 1283 1644 quippe
1310 1585 1382 1630 illa
1411 1588 1595 1634 imitatio
1613 1624 1624 1645 ,
1649 1606 1782 1649 quam

390 1643 513 1688 vobis
544 1646 750 1692 videmini
783 1649 903 1695 velut
935 1662 1061 1697 acute
1097 1654 1326 1710 invenisse,
1365 1666 1516 1702 contra
1549 1660 1781 1706 verborum

388 1715 726 1772 apostolicorum
749 1718 1027 1765 clarissimam
1051 1725 1273 1769 veritatem
1287 1761 1298 1781 ,
1325 1737 1374 1772 ut
1395 1743 1485 1773 non
1506 1745 1584 1789 per
1607 1747 1781 1791 genera-

388 1785 569 1841 tionem,
590 1788 665 1831 sed
691 1804 768 1847 per
788 1790 1092 1849 imitationem,
1119 1806 1365 1854 peccatores
1388 1814 1538 1845 omnes
1551 1802 1607 1846 ad
1625 1818 1780 1861 pecca-

389 1864 483 1899 tum
515 1857 644 1915 primi
682 1859 871 1906 hominis
906 1864 1123 1921 pertinere
1158 1868 1415 1925 credantur,
1456 1871 1598 1917 multo
1635 1873 1780 1933 plures

388 1925 518 1971 unius
549 1927 734 1985 delicto,
770 1931 840 1976 vel
878 1934 935 1978 ob
966 1936 1094 1980 unius
1123 1937 1358 1995 delictum,
1398 1942 1536 2000 perire
1572 1944 1775 2001 affirmat,

390 2011 524 2055 quam
563 2000 698 2057 gratia
732 2002 861 2047 unius
893 2005 1081 2050 hominis
1113 2010 1214 2052 Jcsu
1251 2010 1411 2056 Christi
1446 2012 1636 2059 liberari.
1673 2017 1778 2069 Quis

388 2067 504 2110 enim
526 2082 616 2113 non
631 2070 798 2127 videat,
824 2084 1071 2132 peccatores
1090 2077 1188 2137 plus
1200 2094 1289 2124 esse
1303 2116 1314 2136 ‚
1340 2097 1472 2142 quam
1484 2084 1654 2143 justos?
1669 2103 1778 2148 quos

387 2146 651 2196 peccatores,
677 2157 767 2186 non
790 2143 958 2204 aliquos
974 2182 984 2201 ‚
1011 2148 1085 2192 sed
1106 2165 1277 2206 omnes,
1298 2167 1387 2197 non
1403 2154 1580 2214 quidem
1603 2172 1679 2216 per
1701 2173 1776 2216 ge-

386 2208 680 2266 nerationem,
704 2213 781 2256 sed
802 2223 949 2260 tamen
971 2233 1047 2277 per
1068 2220 1379 2279 imitationem,
1409 2225 1464 2269 ad
1482 2226 1611 2271 unius
1637 2228 1774 2274 delic-

385 2285 480 2320 tum
502 2278 642 2323 dicitis
665 2283 895 2340 pertinere.
920 2289 1004 2331 Sed
1023 2290 1100 2333 etsi
1126 2306 1214 2335 non
1232 2308 1381 2338 omnes
1403 2306 1672 2355 peccatores,
1698 2301 1774 2345 sed

384 2356 558 2393 tantum
590 2354 937 2410 praevaricatores
967 2359 1088 2418 legis,
1114 2373 1293 2421 peccato
1319 2366 1448 2425 primi
1478 2369 1664 2414 hominis
1697 2387 1773 2430 per

383 2420 636 2466 imitationis
664 2424 888 2471 vinculum
918 2427 1071 2475 dicatis
1104 2434 1322 2490 astrictos,
1356 2439 1485 2481 etiam
1523 2439 1583 2484 sic
1609 2456 1661 2485 ex
1683 2459 1772 2502 quo

384 2488 452 2532 lex
486 2492 562 2535 Dei
594 2508 670 2551 per
699 2496 858 2541 multas
887 2509 1036 2557 gentes
1064 2504 1350 2563 praedicatu1·3
1393 2525 1412 2549 «
1444 2524 1576 2569 quam
1613 2511 1700 2557 lata
1727 2523 1770 2558 et

383 2578 404 2602 »
430 2563 614 2620 spatiosa
637 2567 703 2611 via
725 2578 804 2623 est,
825 2586 924 2629 quae
945 2571 1067 2617 ducit
1091 2575 1145 2619 ad
1167 2576 1413 2633 interitum,
1439 2589 1483 2627 ct
1503 2583 1630 2629 multi
1652 2599 1765 2644 prae-

434 2652 443 2668 ¹
468 2647 580 2679 Matth.
601 2660 652 2691 vn,
673 2651 710 2682 13
729 2657 763 2684 et
783 2653 832 2693 ¹4·
847 2671 888 2677 -—
906 2662 917 2677 ²
937 2657 1037 2698 Apoc.
1060 2669 1116 2700 vn,
1136 2671 1168 2700 9.
