1821 3264
304 256 356 283 nn
389 253 780 283 PRAEDEsTmATmNE
811 252 1074 282 smeronun.
1322 241 1375 280 83

34 322 189 375 ientes‚
215 320 316 380 quia
342 319 525 380 praesciti
557 327 658 363 sunt
678 319 978 379 poenitentiam
1005 320 1040 364 si
1072 319 1266 364 viverent
1288 331 1379 363 non

37 392 170 451 cturi3
191 407 264 438 eos
277 401 421 438 autem
439 391 516 453 qui
546 391 835 451 baptizantur,
859 401 903 436 et
922 390 1091 451 parvuli
1109 390 1164 435 de
1184 391 1378 451 corpori-

43 479 95 508 us
113 473 286 519 exeunt,
308 467 446 509 Deum
469 462 681 523 praescisse
707 471 876 507 acturos
902 463 1206 521 poenitentiam
1226 461 1373 518 fuisse,

32 535 285 593 iviverent3
320 535 545 580 attendant
580 544 624 579 et
657 534 859 590 videant,
897 533 930 578 si
957 534 1017 578 ita
1049 541 1127 589 est,
1169 549 1259 578 non
1292 536 1380 594 J'am

28 621 57 650 n
85 605 274 665 parvulis
310 606 401 651 sine
431 606 686 666 baptismate
717 605 1002 650 morientibus
1038 613 1212 664 peccata
1246 605 1378 663 origi-

43 676 124 722 alia
149 677 380 734 vindicari,
403 677 479 723 sed
498 692 574 722 sua
586 678 798 738 cujusque
813 676 962 721 futura
983 677 1017 721 si
1036 675 1199 722 viveret
1218 696 1227 721 ι
1251 678 1381 720 item-

43 764 98 793 ue
133 749 355 809 baptizatis
397 765 486 794 non
526 747 749 808 originalia
782 748 912 802 dilui,
948 747 1024 792 sed
1063 763 1139 792 sua
1167 747 1315 792 futura
1347 747 1382 791 si

42 818 226 879 'verent3
261 820 467 880 quoniam
507 835 596 864 non
630 829 809 879 possunt
850 819 928 863 nisi
965 819 1011 862 in
1053 820 1216 879 majore
1252 827 1380 863 aetate

43 905 189 935 eccare
213 910 223 936 ε
247 891 323 936 sed
343 890 447 936 alios
467 900 637 936 acturos
658 890 960 949 poenitentiam
975 926 986 946 ‚
1013 889 1117 935 alios
1146 905 1236 934 non
1256 898 1379 934 actu-

34 975 80 1005 οε
106 959 234 1022 fuisse
254 961 478 1020 praevisos3
502 962 601 1006 ideo
622 960 725 1006 alios
749 962 986 1021 baptizatos
1001 996 1012 1016 ,
1038 960 1141 1005 alios
1169 962 1259 1005 sine
1273 961 1384 1019 bap-

29 1033 137 1077 ismo
157 1032 286 1077 exisse
310 1034 365 1078 de
385 1034 466 1078 hac
481 1034 584 1078 vita.
606 1035 700 1078 Hoc
729 1034 765 1077 si
787 1032 998 1078 auderent
1025 1032 1257 1091 Pelagiani‚
1292 1047 1382 1076 non

16 1104 98 1148 'am
114 1103 359 1150 laborarent
374 1105 572 1164 negando
590 1105 800 1165 originale
812 1115 1055 1165 peceatum,
1074 1120 1267 1165 quaerere
1282 1120 1385 1164 par-

43 1173 122 1218 ulis
136 1184 252 1219 extra
269 1190 451 1235 regnum
472 1177 547 1220 Dei
564 1176 709 1221 nescio
727 1178 847 1236 cujus
869 1192 956 1220 suae
980 1175 1194 1220 felicitatis
1206 1175 1353 1220 locum
1375 1193 1386 1219 :

58 1245 197 1290 axime
217 1246 394 1306 quando
408 1248 729 1292 convincuntur
747 1262 836 1292 non
851 1262 922 1292 eos
941 1248 1101 1292 ¹nabere
1114 1262 1235 1307 posse
1252 1247 1388 1291 vitam

50 1324 240 1372 ternam,
265 1318 366 1376 quia
388 1333 477 1362 non
494 1318 869 1363 manducaverunt
887 1334 1060 1363 carnem
1083 1334 1162 1363 nec
1182 1319 1390 1362 biberunt

33 1387 264 1447 anguinem
285 1388 493 1446 Christi13
518 1398 560 1433 et
589 1390 690 1449 quia
718 1390 761 1433 in
798 1390 872 1444 eis,
904 1390 980 1449 qui
1013 1389 1185 1434 nullum
1225 1390 1391 1434 habent

43 1460 190 1504 mnino
213 1469 461 1520 peccatum,
490 1459 622 1505 falsus
645 1470 709 1505 est
735 1461 974 1520 baptismus
1002 1461 1078 1521 qui
1099 1461 1145 1505 in
1177 1461 1392 1506 remissio-

43 1547 111 1576 em
129 1531 312 1576 traditur
331 1541 623 1592 peccatorum.
650 1533 853 1577 Dicerent
880 1532 997 1576 enim
1026 1547 1199 1592 prorsus
1216 1531 1389 1576 nullum

36 1617 101 1647 sse
120 1603 327 1662 originale
346 1613 590 1664 peccatum,
615 1604 690 1648 sed
706 1620 786 1665 pro
807 1605 893 1649 suis
913 1604 1089 1660 futuris,
1113 1605 1146 1648 si
1170 1604 1388 1659 viverent,

57 1674 171 1718 eritis
194 1674 265 1718 vel
283 1675 491 1734 baptizari
511 1675 580 1720 vel
602 1691 692 1720 non
716 1676 922 1736 baptizari
945 1691 1015 1720 eos
1035 1676 1112 1736 qui
1132 1675 1187 1720 de
1209 1691 1390 1736 corpore

31 1745 237 1790 olvuntur
258 1745 445 1792 infantes
462 1768 473 1805 3
493 1756 535 1791 et
552 1762 630 1806 pro
645 1748 730 1791 suis
743 1747 903 1792 futuris
920 1747 1082 1792 meritis
1100 1763 1171 1792 eos
1193 1747 1262 1792 vel
1284 1748 1390 1793 acci-

44 1833 114 1861 ere
139 1817 208 1862 vel
228 1831 318 1861 non
339 1818 532 1876 accipere
558 1832 715 1877 corpus
743 1827 786 1861 et
810 1819 1062 1876 sanguinem
1091 1819 1273 1874 Christi,
1298 1820 1391 1864 sine

45 1904 102 1933 uo
123 1888 255 1932 vitam
283 1903 457 1948 prorsus
479 1888 639 1933 habere
665 1904 755 1934 non
781 1898 989 1949 possunt:
1019 1900 1062 1934 et
1083 1890 1128 1934 in
1151 1905 1296 1935 veram
1325 1905 1393 1934 re-

59 1959 259 2005 issionem
304 1970 583 2019 peccatorum
630 1960 862 2019 baptizari,
908 1962 1104 2021 quamvis
1139 1961 1311 2006 nullum
1341 1977 1392 2006 ex

52 2031 153 2076 dam
186 2032 427 2090 traherent3
459 2031 666 2092 quoniam
699 2033 979 2077 remittuntur
1012 2033 1070 2077 eis
1096 2041 1301 2093 peccata,
1335 2032 1391 2077 de

43 2102 170 2147 uibus
182 2102 280 2148 illos
296 2106 409 2148 Deus
421 2102 720 2161 poenitentiam
736 2103 952 2162 praescivit
968 2112 1153 2149 acturos.
1173 2107 1240 2148 Ita
1262 2102 1389 2148 facil-

31 2174 114 2218 ime
132 2183 306 2232 agerent
328 2183 458 2234 atque
480 2174 728 2218 obtinerent
748 2189 922 2219 causam
950 2189 1070 2220 suam
1087 2211 1097 2230 ‚
1121 2191 1208 2236 qua
1232 2183 1390 2234 negant

38 2259 103 2289 sse
123 2245 330 2304 originale
350 2253 593 2304 peccatum,
619 2254 662 2289 et
688 2245 868 2304 gratiam
888 2247 967 2290 Dei
993 2262 1082 2291 non
1102 2246 1196 2291 dari
1216 2246 1297 2291 nisi
1321 2261 1390 2290 se-

16 2315 208 2360 cundum
229 2315 381 2359 merita
412 2324 557 2360 nostra
587 2315 875 2361 contendunt.
918 2318 1001 2362 Sed
1038 2318 1141 2378 quia
1162 2318 1392 2362 hominum

15 2385 178 2443 futura,
203 2402 302 2447 quae
328 2401 417 2431 non
452 2396 554 2431 sunt
587 2385 762 2443 futura,
787 2386 939 2448 procul
972 2388 1107 2433 dubio
1141 2388 1262 2433 nulla
1290 2395 1391 2432 sunt

16 2458 186 2514 merita,
211 2467 254 2503 et
270 2458 354 2504 hoc
375 2456 522 2503 videre
542 2456 801 2504 facillimum
823 2470 886 2505 est
917 2479 926 2505 :
952 2459 1051 2505 ideo
1074 2475 1153 2505 nec
1174 2458 1393 2518 Pelagiani

17 2529 98 2575 hoo
114 2529 256 2575 dicere
275 2539 535 2590 potuerunt3
559 2539 603 2576 et
624 2530 765 2576 multo
786 2533 920 2591 magis
947 2546 1027 2577 nec
1061 2531 1131 2577 isti
1152 2530 1296 2577 dicere
1316 2530 1393 2576 de-

66 2619 77 2638 ¹
94 2615 182 2648 Joan.
203 2625 249 2656 vi,
269 2613 325 2657 54.

1170 2670 1208 2709 6.
