1821 3264
273 242 419 268 oratus
452 240 629 268 lMPEnr.
665 240 831 268 CONTRA
863 242 1035 269 JULIAN.
1072 244 1154 270 Lm.
1189 245 1217 269 1.
1357 233 1436 272 311

54 305 200 359 deant,
216 303 332 348 unde
351 319 374 348 a
391 319 434 348 se
452 304 583 348 vestri
599 303 682 348 oris
697 304 813 348 virus
828 304 1074 350 excludant.
1089 308 1285 366 Denique
1298 308 1342 353 in
1355 323 1444 352 ver-

54 375 117 419 bis
135 374 382 433 Prophetae‚
398 373 528 418 etiam
542 372 782 417 secundum
805 384 1023 419 recentem
1044 377 1444 435 interpretationem

55 459 186 505 quam
203 444 548 489 commemorasti
562 443 637 487 ubi
653 444 897 488 evidentius
917 446 1201 505 prophetatus
1217 457 1281 491 est
1295 449 1445 493 Chris-

55 525 140 569 tus,
161 530 249 560 non
263 514 366 559 inde
378 514 639 574 assumpsisti
652 513 771 561 unde
789 514 1049 574 disputares,
1062 517 1142 560 nisi
1160 518 1282 577 quod
1294 536 1346 563 ex
1360 520 1447 564 vir-

55 588 153 646 gine
161 596 287 631 natus
297 595 376 642 est,
389 587 490 646 quia
500 585 663 631 dictum
675 595 753 642 est,
770 605 786 627 «
800 588 1032 647 Aperiatur
1043 596 1171 642 terra,
1185 591 1450 647 etgerminet

58 658 350 704 »Salvatorem
364 658 464 703 :»de
472 658 635 719 justitia
649 674 752 704 vero
765 660 872 718 ejus,
883 674 982 719 quae
992 660 1062 704 hic
1075 660 1233 719 pariter
1246 677 1450 719 praenun-

56 730 160 774 tiata
174 739 253 784 est,
272 730 382 774 nihil
396 730 540 775 dicere
554 729 746 785 voluisti,
764 746 863 774 cum
880 740 928 775 tu
941 731 1073 776 verba
1086 732 1176 790 ipsa
1191 733 1448 791 prophetica

56 801 346 860 proposueris,
363 800 440 844 ubi
455 801 528 855 ait,
539 819 559 843 «
576 803 736 844 Rorate
750 801 851 844 coeli
866 801 1068 860 desuper,
1085 810 1130 845 et
1142 804 1281 846 nubes
1296 803 1452 862 pluant

59 889 78 912 »
99 872 295 931 justum3
331 872 549 930 aperiatur
576 880 690 915 terra
704 906 715 926 ,
752 880 795 915 et
832 872 1045 930 germinet
1081 872 1348 917 Salvatorem
1367 909 1378 928 ,
1409 883 1453 918 et

60 960 80 984 »
101 942 267 1001 justitia
301 943 465 986 oriatur
497 942 642 986 simul.
669 960 688 983 »
721 942 798 985 Dic
825 942 932 985 mihi
955 957 1088 1001 quem
1112 943 1282 1002 justum
1311 945 1451 988 nubes

56 1011 292 1072 pluerunt,
311 1013 392 1057 nisi
407 1013 511 1072 quia
532 1013 763 1072 Prophetae
785 1021 831 1057 et
843 1011 1039 1072 Apostoli
1056 1013 1276 1057 Christum
1295 1015 1452 1073 praedi-

57 1092 291 1137 caverunt,
312 1084 389 1143 qui
409 1100 460 1127 ex
476 1084 568 1143 ipso
589 1084 767 1142 virginis
783 1092 909 1128 utero
925 1099 1025 1128 cum
1036 1084 1205 1143 justitia
1222 1094 1350 1129 natus
1364 1087 1454 1129 est?

0 1146 2 1150 ’
60 1153 186 1198 Unde
201 1170 301 1198 cum
320 1153 487 1200 dictum
507 1164 634 1209 esset,
657 1173 677 1197 «
698 1154 928 1214 Aperiatur
940 1163 1069 1210 terra,
1083 1164 1126 1198 et
1138 1156 1352 1214 germinet
1365 1155 1453 1201 Sal-

62 1245 81 1265 »
103 1234 318 1270 vatorem:
340 1244 360 1267 »
382 1241 482 1271 mox
498 1226 698 1270 additum
710 1236 790 1281 est,
812 1245 832 1268 «
849 1229 906 1270 Et
914 1226 1255 1286 justitiaoriatur
1267 1227 1411 1270 simul.
1431 1245 1450 1268 »

60 1301 121 1341 Ac
136 1313 212 1356 per
227 1298 326 1350 hoc,
345 1313 394 1341 ea
411 1299 546 1355 gratia
561 1299 676 1342 fiunt
687 1298 793 1359 justi
807 1298 1004 1342 homines
1019 1298 1095 1357 qui
1110 1309 1396 1343 renascuntur
1408 1300 1453 1342 in

60 1368 254 1422 Christo,
279 1384 366 1428 qua
388 1370 525 1427 gratia
542 1370 685 1428 justus
707 1369 840 1414 homo
863 1377 991 1413 natus
1013 1377 1078 1413 est
1093 1369 1307 1414 Christus.
1332 1370 1455 1414 Sicut

62 1455 165 1498 ergo
188 1440 433 1500 exemplum
457 1449 520 1484 est
538 1441 662 1496 vitae,
683 1449 734 1485 ut
756 1455 856 1484 eum
876 1438 1088 1484 imitando
1105 1440 1221 1499 juste
1244 1455 1420 1498 agamus
1443 1460 1451 1486 :

63 1512 120 1555 ita
137 1520 202 1555 est
225 1511 356 1555 etiam
377 1510 625 1570 exemplum
642 1512 792 1571 gratiae
809 1546 820 1566 ,
846 1520 895 1554 ut
920 1511 967 1554 in
986 1526 1088 1554 eum
1109 1511 1329 1555 credendo
1354 1511 1456 1555 inde

63 1597 140 1626 nos
162 1581 255 1625 fieri
272 1597 494 1641 speremus
510 1583 648 1641 justos
665 1597 742 1642 per
759 1583 901 1641 ipsum
917 1615 929 1637 ,
948 1580 1068 1625 unde
1090 1581 1232 1626 tactus
1254 1592 1317 1626 est
1335 1583 1425 1641 ipse
1441 1616 1452 1637 ,

62 1653 139 1712 qui
156 1652 294 1697 factus
312 1663 375 1697 est
390 1654 516 1698 nobis
538 1654 745 1713 sapientia
764 1670 788 1698 a
810 1657 901 1698 Deo
916 1688 927 1708 ,
947 1663 992 1697 et
1006 1654 1174 1713 justitia
1192 1688 1203 1708 ,
1229 1663 1271 1697 et
1293 1653 1455 1697 sancti-

63 1724 231 1779 ficatio,
266 1733 310 1768 et
342 1723 608 1784 redemptio,
642 1734 693 1769 ut
721 1723 1096 1785 quemadmodum
1124 1724 1333 1782 scriptum
1362 1733 1453 1777 est„

67 1814 87 1836 «
113 1795 198 1847 Qui
238 1794 470 1852 gloriatur,
508 1795 553 1838 in
585 1796 771 1839 Domino
804 1793 1054 1854 glorietur¹.
1090 1813 1110 1835 »
1145 1797 1456 1853 Quoscumque

67 1866 213 1925 itaque
247 1864 379 1910 dente
406 1865 632 1911 mortifero
667 1866 960 1912 momordistis
985 1900 997 1920 ,
1034 1866 1154 1910 hunc
1185 1866 1352 1925 justum
1388 1866 1457 1909 in-

67 1945 271 1981 tueantur
292 1971 303 1991 ,
327 1945 371 1980 et
392 1937 665 1981 sanabuntur
693 1956 702 1982 ε
727 1938 811 1982 hoc
833 1946 917 1991 est,
944 1936 1048 1980 inde
1071 1952 1115 1980 se
1136 1936 1317 1980 credant
1340 1936 1456 1980 acci-

64 2023 166 2067 pere
190 2007 404 2068 justitiam
424 2042 436 2063 ,
466 2008 583 2052 unde
607 2008 781 2053 Christo
805 2016 869 2051 est
897 2008 1046 2051 innata
1066 2007 1261 2066 justitia,
1295 2016 1337 2050 et
1358 2007 1457 2050 ideo

66 2094 155 2123 non
186 2079 231 2121 in
261 2094 340 2123 suo
367 2078 548 2123 arbitrio
566 2113 577 2134 ,
606 2093 686 2123 nee
710 2079 756 2122 in
781 2093 859 2123 suo
883 2079 1065 2132 merito,
1092 2076 1167 2121 sed
1196 2078 1241 2121 in
1270 2076 1457 2121 Domino

66 2149 322 2208 glorientur.

124 2221 276 2264 CXLI.
313 2220 540 2264 «IULIANUS.
587 2238 607 2261 «
643 2222 757 2263 Ante
791 2229 902 2263 terra
939 2218 1130 2278 aperitur
1165 2218 1210 2261 in
1250 2232 1427 2276 germen
1443 2252 1455 2272 ,

67 2306 197 2350 quam
226 2306 356 2349 opera
381 2290 563 2335 colentis
593 2306 740 2334 semen
764 2290 944 2350 accipiat
977 2309 987 2334 ι
1012 2290 1131 2349 quod
1154 2289 1199 2332 in
1229 2289 1458 2348 puerperio

68 2361 242 2420 virginis
266 2362 561 2421 approbatur,
597 2378 696 2422 quae
724 2376 907 2405 munere
939 2361 1086 2405 matris
1116 2360 1311 2404 officium
1342 2375 1457 2418 prae·

67 2432 187 2477 venit
215 2442 259 2476 et
290 2432 472 2476 exclusit
501 2432 662 2476 uxoris.
696 2432 826 2485 Quod
848 2447 951 2491 ergo
973 2432 1018 2474 in
1039 2446 1122 2474 usu
1146 2445 1233 2474 non
1270 2438 1384 2484 erat,
1413 2427 1458 2472 id

69 2502 286 2548 facturum
309 2518 353 2547 se
381 2506 494 2548 Deus
515 2505 790 2562 omnipotens
819 2502 1074 2562 pollicetur,
1105 2510 1147 2544 et
1170 2499 1319 2555 addit,
1345 2515 1457 2570 ρτεθῗ

120 2590 263 2621 ·1Cor,
283 2599 307 2628 ι,
327 2587 367 2620 3ο
386 2592 415 2618 et
435 2588 484 2618 31.
