1884 3285
438 290 519 329 458
867 302 899 327 s.
936 298 1165 327 AUGUSTINI
1198 300 1381 329 Emscom

435 366 636 411 cunditas
658 365 848 408 humana
870 363 1068 424 protulit,
1099 379 1234 423 regno
1257 363 1419 408 diaboli
1440 374 1665 424 peccatum
1689 376 1819 412 natu-

436 438 525 482 rale
549 437 831 496 transcripsit,
856 445 899 480 et
925 436 1027 480 inde
1048 436 1093 479 in
1122 445 1314 481 extrema
1339 445 1466 480 aetate
1501 437 1655 481 mundi
1685 439 1820 500 aliqui

436 508 608 552 liberati
630 523 706 566 per
727 507 951 553 Christum
966 515 1204 566 putantur3
1224 522 1323 567 quae
1343 507 1499 551 veritas
1515 517 1577 552 est
1594 542 1606 563 ,
1630 517 1705 552 aut
1720 525 1821 569 quae

438 579 673 624 auctoritas
690 581 780 639 ejus
810 579 1025 637 magistri,
1049 578 1125 637 qui
1145 587 1296 623 contra
1317 586 1406 621 tam
1434 576 1601 622 clarum
1630 579 1825 624 testimo-

438 651 559 694 nium
597 650 729 694 totius
761 650 942 704 mundi,
978 648 1083 693 dicit
1114 649 1158 694 in
1185 649 1330 709 plures
1349 649 1558 709 justitiam
1580 650 1823 695 abundasse
1869 671 1876 692 2

436 736 571 782 quam
591 720 765 780 culpam
781 723 797 763 ⁶?
815 720 931 774 Quid
949 735 1052 780 ergo
1076 721 1115 764 ei
1135 719 1327 765 creditur
1341 720 1396 764 de
1415 719 1620 765 involutis
1638 720 1825 781 dogma·
1871 755 1876 764 .

441 793 554 837 tibus
587 790 838 847 disserenti,
863 792 897 835 si
933 791 988 836 de
1019 791 1148 836 rebus
1178 801 1266 837 tam
1292 792 1528 852 perspicuis
1560 794 1826 838 mentiatur?
1873 791 1875 796 '

423 863 567 918 ‘Quod
589 864 690 923 quia
712 864 871 908 sentire
904 863 1161 924 sacrilegum
1192 873 1276 919 est,
1301 864 1344 908 id
1373 872 1518 908 autem
1547 863 1635 908 dici
1669 863 1826 922 dogma
1877 861 1881 867 ’

439 945 566 979 tuum
602 934 842 995 compulit,
884 935 1051 980 honore
1083 934 1279 995 Apostoli
1310 934 1653 981 Manichaeorum
1687 934 1828 980 vilitas

437 1015 704 1051 conteratur.

500 1081 792 1123 Acctswmts.
827 1079 914 1121 Vos
930 1077 1075 1136 potius
1098 1077 1323 1136 perspicua
1346 1075 1546 1120 nubilare
1569 1076 1830 1122 contenditis

439 1164 528 1193 non
551 1149 691 1192 solum
711 1163 796 1191 non
817 1145 1100 1204 intelligendo
1123 1145 1240 1206 quod
1267 1146 1500 1206 Apostolus
1523 1145 1629 1192 dixit
1643 1182 1654 1202 ,
1676 1162 1830 1192 verum

439 1222 568 1265 etiam
592 1219 804 1263 mutando
824 1228 867 1263 et
886 1218 1178 1278 supponendo
1194 1219 1316 1280 quod
1338 1219 1410 1263 ille
1431 1234 1521 1264 non
1537 1219 1660 1265 dixit.
1682 1218 1832 1265 Plures
1882 1235 1884 1239 ·

440 1293 556 1336 enim
575 1307 664 1336 non
691 1291 798 1335 dixit
820 1291 918 1346 ille,
955 1290 1028 1335 sed
1054 1290 1214 1335 multos
1242 1309 1251 1335 ε
1272 1291 1347 1350 qui
1370 1299 1514 1335 tamen
1534 1290 1685 1346 multi,
1705 1292 1833 1351 pauci
1883 1311 1884 1323 ¹

441 1364 742 1417 inveniuntur,
771 1363 951 1423 quando
975 1362 1260 1422 pereuntibus
1293 1371 1617 1421 comparantur.
1654 1361 1834 1408 Calum-

440 1436 575 1491 niose,
602 1435 812 1489 frontose,
834 1435 1016 1479 verbose
1030 1469 1040 1489 ,
1064 1435 1150 1479 hoc
1172 1433 1280 1478 dixit
1293 1433 1540 1494 Apostolus,
1566 1433 1686 1494 quod
1701 1434 1834 1479 intel-

441 1507 544 1551 lexit
565 1507 838 1562 Ambrosius,
859 1507 1042 1567 quinon
1063 1515 1155 1550 erat
1176 1506 1461 1551 Manichaeus¹
1480 1524 1489 1551 ι
1509 1507 1671 1550 Omnes
1688 1506 1834 1550 homi-

442 1593 517 1621 nes
538 1578 620 1622 sub
645 1586 825 1637 peccato
844 1577 1077 1633 nascimur,
1105 1592 1294 1637 quorum
1317 1577 1407 1636 ipse
1425 1586 1546 1622 ortus
1566 1577 1612 1621 in
1631 1570 1832 1622 vitio'est.

444 1649 561 1693 Audi
578 1648 717 1706 (sicut
738 1664 838 1693 eum
860 1648 1054 1693 laudavit
1081 1650 1286 1707 magister
1300 1649 1316 1672 ²
1335 1651 1464 1706 tuus)
1486 1648 1640 1693 florem
1669 1649 1835 1707 specio-

443 1735 563 1777 sum,
586 1730 630 1764 et
650 1721 705 1764 de
724 1728 800 1764 tuo
825 1720 958 1764 corde
981 1720 1107 1764 istam
1134 1719 1355 1778 spinarum
1383 1718 1728 1774 deformitatem,
1753 1720 1837 1765 hoc

444 1801 525 1847 est,
550 1790 671 1836 foeda
693 1791 892 1836 acumina
914 1791 1128 1851 improbae
1145 1791 1437 1836 contentionis
1459 1790 1612 1836 evelle.

503 1864 659 1908 CCIX.
687 1864 920 1908 JULIANUS.
946 1865 1085 1908 «Non
1117 1863 1328 1907 mentitur
1348 1861 1585 1922 Apostolus
1615 1880 1625 1907 ε
1654 1876 1759 1920 ergo
1792 1862 1840 1906 in

444 1932 591 1993 plures
609 1933 849 1978 abundavit
876 1933 1037 1980 Christi
1066 1933 1201 1991 gratia
1216 1969 1227 1991 ,
1248 1948 1382 1994 quam
1404 1933 1512 1978 Adae
1538 1932 1689 1992 culpa,
1716 1934 1838 1992 cujus

444 2006 688 2050 imitatione
723 2003 933 2049 dicuntur
953 2020 1155 2064 peccasse
1189 2004 1266 2064 qui
1286 2004 1368 2049 sub
1389 2005 1485 2063 lege
1514 2012 1805 2063 peccaverunt
1826 2021 1861 2049 z«

446 2077 646 2134 sublege
681 2084 826 2120 autem
863 2091 1004 2135 usque
1027 2076 1082 2120 ad
1102 2076 1324 2122 Christum
1355 2075 1498 2120 Judaei
1533 2074 1840 2120 tantummodo

446 2147 742 2206 deliquerunt.
764 2145 926 2191 Confer
943 2161 1046 2205 ergo
1068 2148 1093 2190 J
1097 2145 1299 2190 udai'cam
1317 2147 1539 2190 nationem
1557 2145 1709 2201 solam,
1739 2160 1840 2205 per-

447 2218 572 2262 fectae
602 2218 814 2262 duntaxat
835 2217 973 2261 aetatis
1001 2218 1083 2262 sub
1104 2217 1201 2277 lege
1229 2217 1429 2277 positam,
1454 2226 1497 2261 et
1519 2232 1595 2277 per
1609 2217 1694 2262 hoc
1714 2217 1760 2260 in
1779 2218 1838 2262 si·
1868 2234 1869 2237 ¹

447 2289 739 2333 militudinem
763 2289 1126 2348 praevaricationis
1143 2288 1250 2334 Adae
1269 2298 1540 2348 peccantem,
1564 2289 1642 2349 qui
1664 2297 1840 2348 accepta

448 2361 543 2419 lege
564 2361 785 2421 peccavit,
810 2376 860 2406 ac
880 2361 935 2404 de
957 2360 1240 2405 multitudine
1262 2370 1513 2406 vocatarum
1537 2360 1732 2420 gentium
1766 2375 1841 2420 per

449 2431 804 2492 praedicationem
820 2431 1060 2490 Evangelii,
1081 2447 1233 2477 eorum
1249 2430 1382 2475 millia
1406 2433 1482 2492 qui
1500 2431 1649 2490 gratiae
1672 2440 1773 2476 sunt
1789 2431 1843 2476 li—

450 2502 676 2547 beralitate
702 2501 854 2547 salvati
882 2520 891 2547 :
916 2510 1112 2562 >tuncque
1137 2501 1349 2560 intelliges
1377 2501 1625 2560 apostolum
1656 2501 1840 2546 Paulum

452 2590 553 2620 vere
574 2574 900 2634 pronuntiasse,
926 2574 980 2618 ad
1003 2573 1147 2633 plures
1170 2574 1351 2632 gratiam
1373 2573 1450 2617 Dei
1474 2582 1518 2617 et
1544 2573 1711 2619 donum
1739 2575 1841 2618 Jesu

503 2668 510 2684 ¹
532 2661 678 2694 Anibi-os.
694 2661 751 2693 lib.
775 2672 784 2693 1
807 2662 847 2694 de
866 2661 1066 2700 Paenitentia,
1083 2671 1157 2703 cap.
1176 2669 1196 2694 2
1214 2660 1264 2694 vel
1283 2661 1315 2693 3.
1329 2677 1370 2684 -
1387 2665 1399 2684 ²
1418 2658 1572 2701 Pelagius.
