1821 3264
6 284 8 307 ἱ
264 264 407 291 OPERis
441 264 616 289 IMPERF.
653 262 815 289 CONTRA
849 262 1017 290 JULIAN.
1056 265 1137 290 LlB.
1175 265 1203 290 Ι.
1348 251 1432 289 229

48 348 66 372 n
87 329 333 374 ostenderet
357 329 554 374 Christus
573 330 696 371 Jesus
713 343 887 371 omnem
905 328 1158 387 patientiam
1175 363 1186 382 ,
1212 326 1266 372 ad
1288 342 1432 372 exem«-

47 419 67 442 »
90 400 212 460 plum
229 415 378 444 eorum
399 401 474 459 qui
493 398 699 444 credituii
721 409 822 443 sunt
844 400 935 443 illi
926 416 971 443 in
992 401 1122 444 vitam
1146 402 1380 445 aeternam¹
1389 417 1428 443 .»

2 471 170 526 Quod
193 481 241 515 ut
262 471 521 528 intelligeies
555 469 608 514 ad
637 470 767 514 vitam
798 469 954 513 malam
974 505 984 525 ‚
1024 487 1111 515 non
1141 472 1194 515 ad
1229 480 1430 516 naturam

1 536 268 585 hominum
299 541 515 599 pertinere
543 561 554 598 3
588 555 640 583 ne
669 555 747 599 pei
785 539 997 584 adventus
1034 541 1194 585 Christi
1226 556 1426 597 causam,

0 620 213 683 zputares
247 612 301 654 ab
331 627 382 656 eo
415 612 540 655 etiam
581 610 782 669 parvulos
815 619 1061 669 peccatores
1088 611 1426 669 pronuntiatos·
1417 646 1428 667 ,

0 710 3 726 »
43 682 134 725 ait:
161 685 211 725 In
240 696 309 724 me
332 680 521 725 ostendit
546 695 718 724 omnem
743 681 1012 739 patientiam.
1042 681 1253 724 Patientia
1284 689 1429 724 autem

43 752 116 794 Dei
147 750 218 795 illa
240 761 316 804 est
344 751 398 795 de
430 767 513 811 qua
539 750 591 795 ad
626 753 845 794 Romanos
862 749 1060 810 loquitur
1085 771 1092 795 ;
1117 771 1136 793 «
1165 754 1231 794 An
1255 751 1429 809 ignoras

47 841 63 862 »
89 822 295 881 quoniam
321 822 488 865 bonitas
509 821 584 865 Dei
607 820 661 865 ad
676 822 977 879 poenitentiam
995 831 1035 866 te
1053 822 1232 866 adducit
1249 823 1267 866 Ξ)
1284 837 1434 866 secun-

43 910 63 933 »
87 892 193 935 dum
209 901 353 936 autem
366 892 569 936 duritiam
589 902 707 936 tuam
724 901 766 935 et
779 908 854 936 cor
870 892 1151 951 impoenitens
1171 893 1432 937 thesaurizas

42 980 60 1003 »
85 963 160 1007 tibi
189 964 295 1006 iram
317 964 362 1006 in
387 962 455 1006 die
482 964 557 1006 irae
588 966 619 1005 ².
650 982 668 1003 »
694 965 929 1007 Exercetur
963 979 1066 1022 ergo
1095 963 1303 1022 patientia
1332 963 1428 1016 Dei,

36 1049 133 1078 eum
160 1050 247 1078 non
271 1034 427 1093 exiguo
455 1044 651 1093 tempore
681 1043 936 1094 expectat-„ir
969 1035 1160 1078 humana
1187 1033 1429 1078 conversio.

39 1107 89 1148 In
113 1105 301 1164 parvulis
324 1115 466 1149 autem
493 1120 580 1149 non
607 1114 747 1164 potest
762 1120 968 1164 apparere
993 1105 1220 1164 patientia.
1250 1105 1293 1149 Si
1319 1105 1435 1148 enim

39 1185 178 1219 essent
200 1185 376 1235 peccata
407 1185 598 1230 naturae,
624 1192 723 1236 quae
752 1177 811 1220 eis
832 1176 1027 1221 Salvator
1056 1176 1289 1220 ascriberet
1322 1197 1333 1234 3
1356 1191 1437 1234 pa-

37 1248 145 1291 tiens
167 1247 344 1307 quidem
367 1247 475 1292 falso
492 1283 502 1301 ,
527 1264 666 1291 saevus
694 1263 798 1292 vero
820 1248 1057 1292 certissime
1083 1247 1319 1291 diceretur.
1338 1249 1436 1292 Non

40 1326 183 1377 potest
206 1327 351 1361 autem
376 1321 489 1361 Deus
513 1319 594 1361 nisi
616 1318 712 1377 pius
736 1327 778 1362 et
795 1319 938 1377 justus
967 1334 1074 1373 esse,
1097 1317 1217 1378 quod
1240 1326 1304 1361 est
1324 1320 1439 1361 Deus

43 1403 162 1432 meus
199 1390 322 1432 Jesus
351 1389 581 1432 Christus:
612 1390 732 1448 cujus
766 1389 1040 1447 patientiam,
1075 1389 1145 1433 vel
1178 1388 1336 1432 Paulus
1363 1387 1439 1431 diu

39 1467 302 1517 perseeutor,
323 1457 390 1502 vel
414 1457 483 1501 alii
510 1458 588 1501 sub
612 1473 799 1517 quorum
830 1474 1009 1517 persona
1032 1459 1245 1518 loquitur,
1272 1458 1437 1517 experti

39 1538 138 1572 sunt
172 1550 181 1584 3
210 1530 310 1589 quia
335 1528 409 1572 din
433 1529 644 1587 expectati
670 1537 793 1583 sunt,
819 1529 918 1572 licet
949 1544 1042 1572 sero
1067 1528 1254 1572 liberati.
1283 1532 1343 1573 Ac
1365 1543 1443 1588 per

38 1600 121 1643 hoc
141 1599 194 1642 ab
217 1599 426 1658 Apostolo
444 1601 528 1642 vita
545 1599 793 1653 hominnm⁷
823 1615 908 1643 non
925 1609 1079 1643 natura
1097 1600 1380 1643 damnatur.»

100 1691 118 1711 «
147 1671 471 1715 Commendans
502 1685 604 1728 ergo
643 1672 756 1714 hane
794 1673 975 1730 gratiam
1020 1671 1202 1724 Judaeis,
1229 1672 1331 1730 quia
1371 1670 1441 1714 lex

35 1741 161 1798 punit
184 1740 402 1795 scelestos,
423 1757 503 1785 nec
528 1742 662 1784 habet
682 1740 802 1784 illam
828 1742 1088 1785 efficentiam
1112 1741 1438 1794 misericordiae,

39 1826 167 1870 quam
201 1813 437 1870 baptisma,
465 1812 506 1854 in
530 1828 619 1870 quo
642 1812 915 1855 confessione
942 1812 1060 1855 brevi
1085 1820 1264 1855 actuum
1284 1810 1444 1855 delicta

38 1890 310 1940 purgantur,
350 1882 544 1926 ostendit
579 1882 741 1925 debere
778 1882 874 1926 illos
904 1897 1077 1926 currere
1113 1881 1168 1925 ad
1198 1882 1438 1936 Christum,

38 1952 268 2010 implorare
299 1968 430 2012 opem
468 1953 598 2011 hujus
622 1952 910 2010 indulgentiae
944 1973 954 2009 3
987 1962 1029 1996 et
1059 1951 1283 1996 advertere
1320 1952 1440 2011 quod

39 2022 103 2064 lex
120 2038 290 2066 morum
312 2023 567 2066 vulneribus
594 2023 902 2072 comminetur,
921 2023 1053 2081 gratia
1075 2037 1178 2066 vcro
1202 2022 1439 2066 efficaciter

0 2123 2 2127 -
39 2092 322 2151 celeriterque
361 2094 602 2136 medeatur.
645 2095 814 2152 Corpus
852 2094 1000 2152 itaque
1041 2092 1192 2136 mortis
1215 2128 1224 2144 ,
1260 2101 1437 2150 peccata

40 2163 147 2206 dixit
174 2179 263 2206 esse
283 2199 293 2215 7
331 2179 421 2206 non
448 2178 622 2206 earnem
647 2181 654 2206 :
680 2178 779 2205 nam
806 2164 838 2206 si
858 2163 912 2206 de
941 2163 1237 2207 membrorum
1267 2164 1438 2206 miseria

41 2234 364 2291 pronuntiasset
386 2268 396 2286 ‚
424 2248 555 2291 quam
584 2241 765 2291 peccato
787 2232 971 2277 aestimas
999 2233 1254 2290 contigisse,
1281 2232 1439 2276 rectius

40 2312 221 2347 mortem
246 2303 437 2361 corporis
458 2338 469 2357 ‚
502 2318 632 2362 quam
666 2318 823 2361 corpus
853 2304 1004 2347 mortis
1032 2314 1240 2348 vocasset.
1274 2305 1439 2346 Verum

42 2383 88 2418 ut
107 2374 228 2426 scias,
253 2373 496 2417 secundum
519 2374 887 2418 consuetudinem
916 2376 1236 2433 Scripturarum
1261 2383 1439 2432 peccata

42 2445 237 2487 membra
260 2443 347 2487 diei
368 2464 378 2499 3
400 2443 497 2502 lege
517 2443 569 2487 ad
590 2443 880 2499 Colossenses,
899 2445 976 2488 ubi
995 2445 1084 2503 ipse
1099 2444 1332 2503 Apostolus
1351 2443 1435 2487 ait:

47 2513 353 2558 «Mortificate
388 2515 584 2557 membra
619 2522 784 2568 vestra,
829 2530 927 2573 quae
964 2524 1062 2557 sunt
1096 2529 1225 2572 super
1259 2523 1464 2567 terram„

91 2605 100 2619 ¹
127 2609 137 2630 1
160 2598 242 2630 Tim.
267 2610 291 2639 1,
315 2599 353 2630 15
373 2603 403 2630 ct
432 2598 483 2630 16-
501 2615 539 2621 -
558 2604 570 2618 ²
596 2599 686 2630 Rom.
707 2609 728 2632 i,
754 2598 773 2639 4
797 2599 876 2629 015.
