1821 3264
254 280 397 309 omnus
430 280 606 308 mazar.
641 280 803 307 CONTRA
836 279 1005 310 smmi.
1042 284 1124 311 Lm.
1161 285 1191 310 1.
1335 266 1414 307 281

38 346 156 410 quod
177 356 226 392 ut
253 356 302 391 tu
323 361 423 391 cum
446 344 696 390 lVIanichaeis
724 361 875 404 negas,
896 348 954 392 ita
983 364 1061 393 nos
1081 363 1181 393 cum
1203 345 1421 407 Apostolis

38 429 81 466 et
96 419 297 464 omnibus
314 417 535 462 catholicis
556 417 830 462 confitemur.

95 493 386 535 Atat-serimus.
423 491 602 535 Necesse
631 497 694 532 est
727 499 776 533 ut
809 499 984 549 peccet,
1021 506 1043 534 a
1075 506 1164 550 quo
1197 490 1422 548 ignoratur

33 562 196 624 justitia
216 559 457 621 :numquid
474 559 571 603 ideo
586 573 685 603 cum
699 560 908 618 justitiam
926 562 1195 619 cognoverit,
1216 576 1305 604 non
1322 568 1423 605 sunt

38 635 77 680 ei
97 632 357 678 remittenda
382 640 582 692 peccata,
613 646 713 691 quae
741 632 995 691 ignorantiae
1022 632 1277 677 necessitate
1307 646 1424 676 com-

38 705 179 750 misit?
200 707 288 749 Aut
320 704 422 763 quia
444 704 532 763 jam
554 703 758 760 cognovit
785 702 1159 763 quemadmodum
1181 703 1325 747 vivere
1347 701 1424 745 de-

37 776 162 829 beat,
183 774 237 819 de
262 789 306 819 se
325 774 418 833 ipso
442 773 480 817 ei
507 773 862 832 praesumendum
885 783 950 819 est
977 784 1027 819 ut
1040 775 1156 835 juste
1176 774 1308 828 vivat,
1334 788 1424 817 non

37 846 91 893 de
114 845 191 892 illo
219 847 289 891 cui
318 845 492 900 dicitur,
517 863 537 887 «
563 846 626 891 Ne
653 860 731 889 nos
759 845 918 890 inferas
952 846 998 890 in
1032 846 1375 891 tentationem¹‘?
1399 863 1420 885 »

35 919 131 964 Non
164 925 227 962 est
255 917 386 975 igitur
413 916 683 976 impunitatis
715 917 920 961 securitas
952 917 998 960 in
1040 917 1291 962 necessitate
1324 931 1425 976 pec-

35 987 162 1034 candi
189 1007 198 1033 z
219 988 294 1032 sed
316 997 367 1032 ut
395 1003 486 1032 non
509 987 623 1032 obsit
644 987 722 1032 ista
740 988 969 1033 necessitas
987 1023 998 1043 ‚
1023 986 1159 1032 donat
1177 986 1250 1031 ille
1270 987 1340 1030 cui
1358 985 1423 1030 di-

34 1060 170 1114 citur,
200 1078 220 1101 «
245 1062 307 1103 De
328 1057 655 1103 necessitatibus
676 1059 782 1103 meis
805 1074 908 1103 erue
927 1074 996 1103 me
1010 1062 1042 1102 ².
1073 1076 1093 1101 »
1115 1061 1258 1103 Donat
1280 1065 1425 1101 autem

35 1130 206 1176 duobus
228 1128 390 1184 modis,
412 1138 456 1173 ct
476 1130 739 1188 praeteritam
771 1128 1036 1174 dimittendo
1065 1129 1338 1188 iniquitatem
1353 1163 1363 1182 ,
1385 1136 1427 1171 et

35 1201 294 1262 opitulando
323 1216 378 1244 ne
400 1202 612 1245 intremus
644 1202 689 1245 in
718 1202 1021 1246 tentationem.
1062 1219 1082 1243 «
1119 1201 1428 1260 Unusquisque

38 1292 59 1316 n
82 1288 186 1319 vero
220 1282 414 1317 tentatur
444 1289 467 1317 a
488 1274 841 1333 concupiscentia
871 1289 947 1318 sua
973 1274 1215 1318 abstractus
1238 1281 1281 1316 et
1308 1270 1428 1316 illec-

38 1363 60 1386 »
79 1344 189 1389 tus3.
215 1362 234 1384 »
260 1345 368 1396 Quae
391 1353 589 1403 suscepta
612 1354 687 1388 tua
715 1354 802 1388 tam
835 1345 916 1388 tibi
938 1354 1059 1403 grata
1079 1353 1159 1398 est,
1184 1352 1230 1387 ut
1253 1357 1353 1386 cum
1373 1343 1428 1386 ab

36 1413 109 1459 illa
136 1415 183 1458 in
204 1414 532 1459 consensionem
565 1415 751 1474 quisque
785 1430 875 1460 non
900 1415 1113 1469 trahitur,
1144 1415 1282 1473 ipsam
1303 1423 1428 1473 putes

35 1500 124 1530 esse
145 1483 438 1543 laudandam3
462 1485 585 1544 quasi
612 1484 775 1529 malum
805 1501 894 1529 non
918 1486 971 1529 sit
1000 1501 1087 1540 res,
1114 1501 1214 1544 quae
1245 1483 1430 1543 impellit

35 1556 82 1600 in
94 1555 280 1611 malum,
306 1556 340 1600 si
356 1571 447 1600 non
459 1556 498 1599 ei
521 1557 672 1610 cedat,
700 1554 773 1599 sed
796 1557 963 1600 resistat
985 1555 1057 1600 ille
1074 1556 1150 1616 qui
1171 1554 1426 1614 impellitur.

36 1627 242 1681 Quamvis
260 1636 309 1671 tu
329 1626 498 1671 etiamsi
515 1627 554 1670 ei
568 1627 882 1680 consentiatur,
908 1626 1033 1670 illum
1052 1627 1129 1686 qui
1149 1627 1322 1679 cecidit,
1340 1641 1430 1669 non

37 1699 172 1758 ipsam
186 1714 286 1758 quae
298 1697 474 1757 impulit
490 1719 500 1755 3
520 1697 645 1741 illum
659 1699 736 1758 qui
753 1707 960 1742 attractus
975 1708 1055 1753 est,
1076 1714 1166 1742 non
1180 1699 1316 1756 ipsam
1331 1712 1431 1757 quae

41 1769 238 1826 attraxit3
270 1768 396 1812 illum
427 1768 505 1829 qui
535 1768 703 1813 illectus
738 1778 827 1823 est,
859 1784 949 1812 non
973 1769 1109 1828 ipsam
1139 1783 1238 1827 quae
1271 1767 1429 1823 illexit3

39 1855 198 1899 magno
220 1839 472 1900 vaniloquio
491 1841 728 1884 contendas
748 1855 837 1884 esse
855 1839 1125 1899 culpandum
1154 1859 1161 1884 :
1188 1839 1290 1899 quia
1313 1837 1430 1882 scili-

41 1920 135 1966 cet,
166 1921 217 1955 ut·
243 1911 422 1966 definis,
447 1910 559 1955 male
586 1927 688 1954 usus
720 1919 783 1955 est
804 1911 921 1956 bono
957 1931 965 1956 :
992 1910 1126 1955 habes
1154 1911 1317 1971 quippe
1342 1919 1430 1953 tam

39 1982 203 2026 malum
225 1982 448 2041 spiritum,
481 1991 530 2026 ut
564 1982 918 2041 concupiscentia
950 1982 1064 2026 bona
1094 1981 1172 2024 tibi
1207 1980 1428 2033 videatur,

40 2069 126 2113 qua
147 2069 247 2098 caro
275 2053 544 2112 concupiscit
570 2052 775 2097 adversus
799 2054 1013 2112 spiritum.

102 2123 187 2168 Sed
218 2124 439 2182 eleganter
477 2133 519 2167 te
552 2124 766 2168 existimas
801 2125 976 2168 irrisisse
1009 2123 1063 2167 de
1091 2123 1306 2182 baptismo
1335 2137 1433 2165 sen-

43 2196 223 2241 tentiam
247 2205 455 2250 nostram‚
482 2195 809 2239 mendacissime
832 2196 1079 2249 affirmans,
1111 2193 1232 2255 quod
1257 2202 1433 2253 propter

43 2266 177 2311 solam
201 2266 453 2324 genitalium
476 2266 814 2310 commotionem
838 2266 1102 2324 baptismum
1127 2265 1321 2309 dicamus
1344 2279 1433 2308 esse

41 2337 278 2397 provisum.
299 2340 397 2382 Non
420 2339 502 2381 hoc
521 2337 704 2381 dicimus
732 2356 740 2381 ;
766 2335 842 2380 sed
862 2335 973 2380 illud
1004 2336 1125 2394 quod
1159 2351 1233 2379 vos
1262 2350 1371 2378 nova
1391 2344 1433 2377 et

42 2408 244 2452 haeretica
264 2409 543 2466 perversitate
561 2408 813 2452 subvertere
835 2408 1076 2457 conamini,
1100 2406 1307 2459 dicimus,
1334 2405 1432 2449 ideo

46 2479 250 2522 divinitus
265 2494 353 2523 esse
374 2481 593 2538 provisum
612 2478 816 2523 seeundae
833 2478 1033 2538 spiritalis
1056 2477 1289 2521 nativitatis
1311 2477 1431 2520 auxi-

45 2548 174 2605 lium,
206 2565 338 2609 quam
367 2551 460 2594 fieri
492 2550 538 2594 in
560 2565 604 2594 se
627 2551 719 2610 ipso
751 2551 948 2595 Christus
980 2549 1189 2603 instituit,
1225 2548 1428 2608 quoniam
1469 2553 1476 2558 ”

94 2643 102 2659 ¹
124 2636 235 2669 Matth.
260 2647 305 2676 vi,
326 2637 375 2670 13.
393 2655 434 2661 —
451 2643 464 2659 2
488 2637 674 2678 Psal.xx1v‚
697 2647 748 2679 ¹7·
767 2654 805 2660 —-
826 2634 967 2668 3Jac0b.
988 2645 1011 2676 1,
1036 2635 1086 2676 ¹4·
