1821 3264
249 221 392 249 onnus
424 220 600 248 mun.
635 219 799 247 CONTRA
830 218 998 249 sutum.
1035 221 1117 247 Lis.
1154 220 1183 245 ι.
1325 207 1408 246 255

33 298 96 334 tas
121 288 252 346 igitur
275 285 468 341 arbitrii,
495 284 748 345 possibilitas
776 294 840 329 est
868 285 934 330 vel
964 282 1224 329 admittendi
1251 282 1321 328 vel
1342 283 1409 327 vi-

32 358 153 404 tandi
178 357 373 417 peccati,
402 371 552 416 expers
581 355 773 413 cogentis
802 355 1093 410 necessitatis,
1125 370 1224 414 quae
1254 354 1299 397 in
1331 367 1411 398 suo

33 439 82 474 ut
102 438 203 488 pote
219 429 318 488 jure
343 428 500 482 habet,
526 435 672 470 utrum
691 426 958 484 surgentium
983 435 1148 485 partem
1170 434 1376 485 sequatur
1396 457 1409 479 ,

33 499 80 544 id
99 508 163 543 est
177 533 188 553 ,
213 499 283 543 vel
304 499 440 542 ardua
462 512 696 557 asperaque
712 497 924 542 virtutum
939 531 950 552 ,
970 497 1037 540 vel
1062 496 1257 540 demersa
1279 504 1322 539 et
1340 510 1411 554 pa-

32 569 181 614 lustria
202 568 494 627 voluptatum.
519 586 538 609 »

89 643 380 685 Amnsmcs.
417 642 560 684 Homo
589 636 786 697 quandiu
817 638 936 681 stetit
965 638 1011 680 in
1041 637 1158 681 bona
1191 634 1412 679 voluntate

30 711 156 756 liberi
177 711 343 756 arbitrii
358 745 368 764 ,
389 726 478 754 non
495 725 604 768 opus
620 709 810 752 habebat
827 725 876 752 ea
895 708 1052 767 gratia,
1074 723 1160 768 qua
1176 707 1410 760 levaretur,

30 795 129 826 cum
150 796 324 839 surgere
353 782 443 839 ipse
465 796 554 824 non
587 788 732 838 posset
766 799 774 823 ι
807 795 925 823 nunc
947 778 1116 823 veroin
1149 778 1273 821 ruina
1305 791 1411 830 sua,

29 850 140 896 liber
157 861 219 895 est
228 851 423 911 justitiae,
443 865 678 908 servusque
696 850 859 908 peccati
876 870 886 906 3
908 864 987 892 nec
1006 856 1146 908 potest
1161 862 1307 890 servus
1325 860 1414 889 esse

25 923 230 983 justitiae,
262 932 305 966 et
327 922 439 966 liber
471 938 494 966 a
524 920 778 966 dominante
802 928 1006 980 peccato,
1037 918 1118 962 nisi
1149 933 1248 961 eum
1277 915 1415 960 Filius

29 991 292 1037 liberaverit.

88 1064 337 1106 LXXXIII.
368 1064 597 1106 humus.
637 1060 809 1114 «Quod
843 1068 893 1103 ut
921 1059 1110 1103 breviter
1138 1055 1412 1109 absolvatur,

30 1134 287 1193 possibilitas
314 1143 378 1178 est
401 1133 456 1177 ad
481 1134 566 1176 hoc
593 1131 732 1176 solum
765 1130 1004 1184 excubans,
1036 1144 1090 1172 ne
1116 1129 1248 1172 homo
1276 1126 1343 1170 vel
1372 1125 1417 1171 in

31 1213 256 1264 peccatum
280 1220 303 1247 a
336 1218 560 1264 quoquam
586 1201 863 1261 impellatur,
894 1200 964 1245 vel
997 1215 1020 1243 a
1049 1208 1225 1258 peccato
1248 1197 1416 1241 abstra-

32 1275 162 1319 hatur
178 1309 189 1329 ,
213 1273 439 1318 voluntate
468 1274 637 1333 captiva
662 1292 670 1318 :
696 1287 827 1332 quam
851 1286 939 1315 non
964 1284 1087 1329 posse
1118 1269 1234 1328 capi,
1261 1267 1292 1310 si
1316 1265 1417 1311 dedi

32 1346 123 1405 ipsa
155 1345 376 1401 noluerit,
413 1354 596 1389 testatur
626 1342 865 1397 fortitudo,
902 1343 1025 1401 cujus
1055 1339 1204 1384 lacerti
1234 1338 1279 1382 in
1313 1353 1420 1381 con-

31 1425 203 1476 temptu
225 1415 427 1461 dolorum
446 1425 489 1460 et
513 1431 588 1475 per
606 1414 786 1474 gentiles
808 1423 851 1457 et
868 1429 944 1472 per
967 1412 1233 1458 Christianos
1250 1407 1419 1453 assidue

31 1485 297 1531 claruerunt.
327 1506 346 1529 »

91 1561 383 1602 Amcsnmffs.
421 1558 513 1601 Hoc
531 1565 594 1600 est
616 1556 792 1615 utique,
814 1553 934 1614 quod
955 1553 1043 1611 agit
1060 1550 1232 1595 haeresis
1246 1558 1385 1594 vestra
1408 1567 1417 1593 ε

34 1627 89 1673 ad
111 1629 194 1673 hoc
217 1630 333 1672 enim
356 1626 512 1671 additis
535 1638 578 1671 et
599 1626 779 1684 gentiles
795 1660 806 1680 ,
836 1640 890 1668 ne
912 1625 995 1683 piae
1016 1621 1287 1667 fortitudinis
1310 1634 1421 1679 opus

34 1699 112 1743 Dei
134 1699 269 1758 gratia
291 1698 525 1743 Christiani
545 1698 688 1741 facere
713 1695 904 1755 potuisse
920 1729 930 1749 ,
963 1702 1038 1737 aut
1073 1692 1219 1736 fecisse
1242 1690 1422 1734 credan-

34 1777 133 1827 tur,
156 1784 255 1828 quae
278 1768 533 1813 Christianis
551 1776 612 1810 est
634 1765 809 1825 propria
825 1799 836 1819 ,
858 1780 947 1808 non
968 1762 1221 1808 Christianis
1244 1758 1421 1818 gentili-

33 1839 205 1900 busque
223 1838 484 1883 communis.
511 1837 672 1882 Audite
701 1851 823 1893 ergo,
849 1844 892 1879 et
914 1833 1141 1891 intelligite
1163 1851 1171 1875 ε
1197 1829 1421 1874 fortitudi-

33 1925 135 1954 nem
162 1910 387 1968 gentilium
415 1907 635 1952 mundana
657 1906 870 1966 cupiditas
888 1908 919 1961 1,
951 1903 1250 1948 fortitudinem
1276 1909 1421 1944 autem

33 1982 382 2026 Christianorum
404 1980 480 2023 Dei
502 1979 687 2023 charitas
710 1977 835 2035 facit,
859 1992 958 2037 quae
981 1975 1139 2019 diffusa
1161 1982 1224 2016 est
1256 1972 1300 2014 in
1324 1986 1423 2014 cor-

35 2051 164 2096 dibus
187 2052 372 2107 nostris,
403 2065 492 2094 non
517 2064 592 2109 per
620 2048 857 2093 voluntatis
886 2046 1137 2098 arbitrium,
1169 2042 1289 2102 quod
1312 2050 1374 2085 est
1401 2056 1425 2084 a

35 2123 162 2167 nobis
176 2158 188 2176 ,
212 2123 288 2166 sed
310 2137 386 2181 per
408 2121 614 2180 Spiritum
634 2129 833 2164 sanctum
856 2118 932 2178 qui
955 2117 1082 2161 datus
1104 2124 1168 2158 est
1189 2113 1314 2157 nobis
1329 2116 1361 2154 ⁴².

94 2195 336 2238 LXXXIV.
372 2195 395 2236 J
405 2208 599 2235 [munus.
636 2209 656 2232 «
684 2190 727 2235 Si
760 2205 863 2248 ergo
885 2197 976 2242 est,
1000 2196 1048 2230 ut
1070 2185 1180 2229 ratio
1203 2181 1421 2243 prodidit,

35 2263 224 2308 arbitrrii
252 2263 426 2307 libertas
451 2261 740 2321 propulsatrix
767 2259 1094 2311 necessitatum,
1128 2264 1178 2299 ut
1206 2268 1335 2296 nemo
1371 2251 1425 2295 sit

36 2333 103 2380 vel
126 2334 268 2379 bonus
282 2333 349 2378 vel
371 2332 528 2387 malus,
547 2332 618 2375 cui
633 2346 722 2375 non
745 2332 798 2374 sit
815 2329 1001 2373 liberum
1020 2342 1110 2370 esse
1130 2322 1423 2377 contrarium,

35 2404 409 2466 quemadmodum
434 2413 484 2448 tu
516 2413 592 2447 aut
620 2402 840 2446 confessus
871 2416 915 2444 es
948 2399 1135 2443 liberum
1171 2394 1422 2447 arbitrium,

87 2512 94 2529 ¹
119 2508 264 2549 Prosper.
282 2507 426 2538 Sentent.
451 2505 529 2546 ¹295,
551 2509 583 2536 et
603 2504 744 2537 Arausic.
766 2513 858 2535 conc.
880 2511 939 2533 can
964 2510 1013 2539 ''5-
1031 2498 1109 2530 Vide
1123 2496 1177 2529 lib.
1198 2496 1239 2528 de
1257 2493 1425 2533 Patientia,

38 2570 109 2605 cap.
136 2572 185 2602 ¹7·
202 2578 242 2583 —
259 2567 271 2584 ²
293 2562 383 2594 Rom.
403 2571 438 2600 v,
459 2560 490 2592 5.
