1821 3264
231 299 375 327 opums
407 298 584 326 ῙΜΡΕΠ.
621 298 782 326 comm
817 299 985 326 suum.
1024 301 1106 326 mn.
1143 301 1189 326 11.
1322 289 1400 327 457

19 357 48 409 ⁵»
73 366 331 411 varicatores
352 362 658 422 ingrediuntur
688 378 759 419 per
791 362 908 407 illam
937 384 945 409 ·.
974 380 1103 423 quam
1132 373 1245 408 arcta
1265 374 1307 410 et
1330 382 1407 410 an-

27 454 47 480 »
72 443 194 495 gusta
216 435 285 479 via
312 442 397 487 est,
424 448 523 493 quae
553 432 674 476 ducit
696 433 749 476 ad
779 435 936 489 vitam,
977 444 1020 478 et
1041 436 1168 493 pauci
1200 445 1300 480 sunt
1332 438 1406 495 qui

27 527 47 551 »
72 505 302 552 inveniunt
322 508 462 548 eaml.
488 523 507 546 ι)
536 507 587 547 In
611 506 935 563 comparatione
957 506 1110 565 utique
1140 507 1378 551 multorum
1396 542 1406 561 ‚

24 579 100 640 qui
117 586 316 638 pereunt,
337 576 467 621 etiam
487 577 520 620 si
538 576 686 635 paucis
709 577 782 636 qui
804 576 1061 632 liberantur,
1084 586 1128 622 et
1148 578 1318 636 parvuli
1335 580 1410 638 qui

24 649 230 710 baptizati
252 649 500 693 moriuntur
528 646 760 691 addantur.
788 648 1020 701 Quomodo
1055 663 1158 706 ergo
1178 649 1411 706 Apostolus

25 722 209 776 diceret,
249 720 390 765 Multo
426 719 562 778 magis
598 719 732 777 gratia
772 720 849 763 Dei
883 720 927 762 in
958 718 1102 778 plures
1145 719 1412 764 abundavit?

24 794 142 855 quod
167 808 242 838 vos
269 792 434 847 dicitis,
454 790 528 835 ille
549 805 639 835 non
668 790 770 835 dixit
795 808 806 835 .·
827 792 902 835 sed
920 791 993 835 ille
1015 790 1136 844 dixit,
1155 790 1296 836 Multo
1319 807 1411 835 ma-

25 865 86 924 gis
122 863 361 908 abundavit
390 863 434 906 in
462 861 674 919 multos‘23
705 862 806 922 quia
831 862 960 906 etiam
982 862 1057 921 qui
1087 860 1323 916 salvantur,
1365 871 1413 906 ut

19 937 107 996 Jam
130 934 295 979 dictum
317 943 402 989 est,
430 934 473 977 in
496 933 820 993 comparatione
842 933 1120 992 pereuntium
1151 934 1300 991 pauci,
1324 934 1414 977 sine

25 1006 348 1065 comparatione
386 1013 531 1049 autem
572 1004 769 1057 illorum,
808 1013 895 1048 tam
938 1002 1066 1047 multi
1115 1012 1236 1057 sunt,
1268 1012 1315 1046 ut
1344 1019 1415 1047 cos

25 1079 255 1139 quisquam
286 1090 516 1120 numerare
546 1091 635 1120 non
669 1077 814 1135 possit.
857 1073 999 1119 Multo
1021 1073 1157 1132 magis
1195 1083 1338 1118 autem
1371 1075 1416 1116 in

26 1163 97 1193 eos
122 1147 318 1191 abundat
339 1146 497 1205 gratia,
531 1148 632 1206 quia
660 1144 955 1205 temporaliter
977 1159 1054 1203 per
1077 1145 1238 1197 Adam,
1263 1145 1418 1187 misere

25 1229 156 1280 atque
168 1217 592 1281 mortalitervivunt,
610 1233 686 1277 per
708 1217 930 1262 Christum
954 1231 1055 1260 vero
1080 1215 1347 1269 beatissime,
1374 1224 1416 1258 et

25 1291 116 1336 sine
137 1291 224 1334 fine
265 1289 421 1334 victuri
452 1298 568 1332 sunt.
604 1288 795 1332 Turbata
825 1296 888 1331 est
917 1296 1057 1332 vestra
1085 1286 1307 1331 inventio:
1328 1287 1416 1345 jam

25 1360 202 1406 tandem
224 1360 409 1405 intentio
438 1359 695 1417 corrigatur.

90 1433 239 1477 CCVI.
263 1434 490 1476 JULIANUS.
519 1449 538 1472 «
560 1433 653 1475 Hoc
675 1444 832 1490 nempe
856 1428 976 1489 quod
1004 1429 1166 1483 dicitis,
1197 1428 1358 1472 multos
1377 1436 1419 1471 et

27 1518 202 1564 paucOS,
241 1502 297 1546 ad
331 1502 619 1562 quantitatem
653 1501 869 1544 infinitam
897 1500 1115 1559 pertinet3
1144 1499 1352 1558 quoniam
1374 1499 1419 1541 in

28 1573 354 1634 comparatione
373 1581 525 1616 mutua
541 1606 551 1625 ,
573 1580 647 1615 aut
669 1570 908 1614 multitudo
932 1569 1169 1624 invenitur,
1195 1584 1248 1612 au
1271 1570 1421 1627 pauci-

29 1655 106 1691 tas.
141 1643 382 1691 Conferens
416 1643 564 1703 itaque
598 1646 711 1686 Deus
735 1641 1011 1685 multitudini
1046 1640 1321 1699 pereuntium
1352 1653 1422 1681 eos

31 1717 107 1778 qui
127 1715 321 1760 salvandi
347 1723 475 1769 sunt,
509 1728 670 1773 paucos
693 1727 764 1758 eos
787 1711 958 1756 vocavit
988 1730 996 1755 ε
1022 1719 1063 1754 et
1091 1711 1161 1754 hic
1189 1707 1421 1769 Apostolus

33 1786 261 1833 conferens
278 1787 343 1830 his
360 1786 437 1845 qui
458 1785 517 1829 ita
538 1792 787 1844 peccassent
805 1792 855 1826 ut
870 1780 1008 1826 Adam
1021 1816 1031 1835 ,
1049 1780 1145 1825 illos
1163 1795 1271 1840 quos
1289 1779 1422 1823 salvat

34 1859 194 1906 Christi
217 1858 368 1917 gratia,
387 1856 526 1901 multo
549 1856 695 1915 plures
712 1870 800 1899 esse
818 1851 1087 1913 pronuntiat,
1109 1870 1128 1893 n

96 1934 388 1975 Auens-rmus.
440 1931 538 1975 Non
582 1927 837 1987 pronuntiat
877 1925 1022 1985 plures
1040 1959 1050 1979 ,
1092 1923 1167 1967 sed
1207 1921 1368 1967 multos
1412 1940 1421 1966 :

38 2004 186 2048 Graece
212 2001 386 2046 locutus
417 2009 509 2055 est,
535 2008 664 2045 πολλοὺς
685 1999 808 2053 dixit,
834 2012 923 2042 non
944 2004 1095 2041 τλείστιυς
1112 2015 1118 2036 :
1137 1994 1233 2054 lege
1251 2003 1293 2038 et
1311 2003 1420 2038 tace.

98 2074 270 2118 CCVII.
308 2075 535 2116 Jemmrs.
577 2089 597 2112 «
632 2074 783 2114 Assere
817 2083 917 2126 ergo
956 2068 1039 2111 hoc
1074 2074 1251 2126 peccato
1285 2064 1425 2109 Mani-

38 2145 277 2197 chaeorum‚
299 2142 344 2187 id
369 2151 447 2196 est,
474 2141 664 2186 traducis
685 2141 934 2185 convenire.
965 2156 984 2178 »

93 2219 384 2259 Areus‘rmts.
415 2216 619 2256 Doctores
637 2210 868 2264 catholici,
895 2224 984 2252 non
1006 2207 1235 2251 Manichaei
1268 2204 1426 2262 decep-

8 2318 10 2321 ·
36 2297 171 2341 tores,
196 2285 400 2330 dixerunt
419 2299 567 2328 omnes
583 2285 628 2327 in
647 2283 786 2327 Adam
810 2295 1008 2341 peccasse
1025 2299 1034 2324 :
1050 2279 1112 2323 illi
1128 2279 1210 2322 hoc
1225 2277 1425 2321 dixerunt

37 2358 113 2418 qui
144 2355 456 2400 intellexerunt
484 2353 770 2413 Apostolum,
810 2352 929 2412 quod
970 2366 1042 2395 vos
1083 2348 1244 2405 negatis
1276 2356 1425 2390 contra

40 2426 316 2486 Apostolum.
343 2428 458 2483 Ergo
481 2433 524 2468 et
545 2439 620 2468 vos
649 2423 900 2481 deceptores
930 2422 1028 2464 estis
1051 2440 1058 2464 :
1077 2429 1120 2463 et
1139 2433 1214 2462 vos
1237 2417 1350 2460 enim
1370 2416 1425 2459 si-

40 2507 115 2544 cut
135 2497 381 2552 Manichaei,
402 2496 477 2540 sed.
500 2495 669 2540 diverso
690 2495 863 2547 morbo,
889 2491 1098 2535 insanitis.

98 2571 296 2615 CCVIII.
324 2571 551 2612 Jummus.
579 2586 599 2608 «
637 2568 744 2611 Nam
774 2566 805 2608 si
840 2563 1161 2608 universitatem
1185 2574 1316 2620 quam
1337 2559 1424 2602 foe-
1470 2553 1477 2558 ’

90 2662 101 2678 ¹
128 2654 240 2688 Matth.
259 2665 325 2692 vu,
348 2653 387 2685 13
406 2652 510 2694 et14.
526 2670 567 2676 —-
583 2658 596 2677 ²
616 2653 705 2684 Rom.
725 2662 757 2692 v,
781 2650 831 2681 15.
