1821 3264
238 290 382 319 OPERIS
413 289 589 317 IMPERF.
626 286 788 316 CONTRA
822 288 990 317 JULIAN.
1028 290 1109 317 LIB.
1147 291 1177 316 1.
1318 277 1400 316 185

17 355 135 419 quod
157 354 436 415 reprehendit
455 390 465 409 ‚
492 369 571 398 nee
596 369 619 397 a
643 368 712 397 me
734 369 824 397 esse
846 354 1012 399 factum
1035 389 1045 408 ,
1077 363 1120 398 et
1142 354 1197 399 ab
1219 354 1295 399 illo
1318 354 1402 399 im-

16 427 327 490 pudentissime
358 427 402 469 in
436 426 519 469 hoc
551 423 703 468 eodem
739 440 868 484 opere
902 424 1243 485 frequentatum.
1281 427 1404 470 Tunc

16 498 214 559 probabo
230 531 240 551 ,
266 495 348 540 illis
375 496 476 554 ipsis
500 495 679 539 concisis
707 494 1000 554 brevibusque
1025 496 1269 550 sententiis,
1298 511 1406 555 quas

19 568 73 614 de
99 568 264 626 seriptis
299 566 427 621 meis,
461 565 618 626 quibus
650 564 793 609 fuerat
823 566 1131 625 impugnatus,
1162 567 1403 621 interserit,

19 640 79 685 ita
100 638 230 682 nullis
253 653 354 682 cum
377 637 520 682 solidis
542 637 895 696 responsionibus
916 638 1130 682 obstitisse
1151 673 1162 693 ,
1190 647 1240 681 ut
1262 647 1304 682 et
1333 637 1405 683 illa

21 711 216 755 invexata
238 718 546 768 permaneant,
570 717 611 752 et
635 708 706 752 hic
727 708 897 767 planius
916 707 1171 753 detestanda
1189 707 1378 753 fateatur
1394 743 1406 763 ,

20 797 151 844 quam
180 789 326 825 nostra
351 780 488 825 oratio
516 779 789 824 laboraverat
813 779 1039 839 explicare.
1070 799 1089 821 u

78 855 370 898 Atersrmts.
399 853 494 895 Jam
517 851 715 910 superius
739 849 794 894 ad
818 850 899 895 ista
922 850 1140 909 respondi.

77 925 224 968 XXII.
250 926 275 967 J
282 940 477 967 rmmrs.
508 942 527 964 «
549 922 734 966 Attoniti
753 937 872 981 ergo,
894 921 999 982 quid
1018 931 1169 966 contra
1188 936 1257 965 me
1274 922 1412 979 scrip-

18 995 121 1039 serit
140 1029 151 1049 ,
174 993 416 1038 audiamus.
446 1012 465 1035 »
490 993 655 1047 Verba,
681 992 838 1052 inquit,
863 990 917 1036 de
940 991 1053 1036 libro
1075 1006 1174 1035 meo
1196 991 1277 1034 tibi
1300 1006 1322 1034 a
1344 1005 1413 1034 me

18 1065 147 1109 misso
173 1064 337 1124 tibique
355 1063 579 1108 notissimo
597 1063 677 1107 ista
693 1062 839 1122 posuit
854 1065 887 1120 1,
908 1077 1008 1122 quae
1026 1061 1217 1108 refutare
1236 1069 1415 1105 conatus

20 1145 84 1181 est
112 1156 120 1180 :
148 1138 430 1180 Damnatores
463 1150 541 1179 nos
579 1149 668 1179 esse
697 1134 951 1194 nuptiarum
972 1169 982 1189 ,
1015 1134 1244 1193 operisque
1278 1131 1415 1177 divini

20 1221 110 1266 quo
127 1221 177 1250 ex
196 1207 387 1251 maribus
406 1216 448 1250 et
468 1206 659 1251 foeminis
676 1210 791 1252 Deus
805 1206 1003 1250 homines
1024 1215 1157 1260 creat,
1177 1203 1417 1249 invidiosis-

23 1277 129 1321 sime
150 1275 398 1334 clamitant3
424 1277 631 1336 quoniam
652 1276 834 1321 dicimus
852 1292 923 1321 eos
941 1277 1017 1337 qui
1035 1275 1089 1320 de
1109 1276 1185 1320 tali
1204 1275 1418 1320 commix-

27 1347 146 1392 tione
172 1355 427 1401 nascuntur,
460 1347 629 1390 trahere
658 1346 864 1404 originale
890 1357 1119 1406 peccatum
1137 1382 1147 1402 ,
1179 1360 1339 1406 eosque
1365 1346 1420 1389 de

28 1416 423 1477 qualibuscumque
446 1417 699 1476 parentibus
723 1427 971 1472 nascantur,
999 1433 1088 1461 non
1114 1431 1323 1476 negamus
1344 1415 1423 1459 ad-

25 1488 114 1532 huc
141 1503 230 1532 esse
255 1489 336 1532 sub
366 1487 558 1542 diabolo,
587 1487 668 1532 nisi
694 1499 974 1531 renascantur
994 1488 1041 1531 in
1063 1487 1250 1531 Christo.
1280 1489 1331 1529 ln
1356 1485 1422 1529 his

26 1558 165 1603 verbis
188 1558 293 1602 meis
316 1558 615 1602 testimonium
638 1557 832 1616 Apostoli
855 1592 865 1612 ,
891 1556 1011 1617 quod
1032 1556 1289 1616 interposui,
1311 1571 1422 1615 prae-

27 1630 207 1674 termisit
228 1665 238 1684 ,
258 1631 379 1689 cujus
397 1644 441 1673 se
458 1630 597 1689 premi
619 1644 776 1687 magna
801 1628 914 1673 mole
937 1628 1165 1673 sentiebat.
1191 1630 1286 1687 Ego
1308 1627 1425 1671 enim

28 1715 129 1745 eum
138 1699 337 1744 dixissem
352 1699 551 1744 homines
567 1699 738 1744 trahere
747 1699 955 1758 originale
971 1708 1215 1757 peccatum,
1232 1714 1332 1743 mox
1346 1697 1425 1741 ad-

25 1770 150 1830 junxi
172 1789 179 1814 :
207 1773 270 1814 De
291 1786 379 1830 quo
403 1770 638 1829 Apostolus
664 1770 723 1813 ait
743 1788 752 1814 2
780 1789 798 1811 «
819 1772 900 1813 Per
920 1784 1058 1813 unum
1080 1769 1303 1813 hominem
1323 1783 1426 1827 pec-

34 1857 55 1880 »
84 1849 230 1884 eatum
262 1840 440 1884 intravit
469 1840 515 1882 in
547 1838 781 1893 mundum,
810 1848 852 1883 et
879 1854 955 1898 per
978 1848 1204 1898 peceatum
1232 1853 1362 1892 mors,
1386 1847 1429 1882 et

36 1928 56 1952 »
86 1911 146 1955 ita
167 1911 212 1954 in
241 1926 390 1955 omnes
418 1911 617 1955 homines
645 1910 914 1969 pertransiit,
947 1911 992 1954 in
1022 1927 1111 1970 quo
1146 1925 1293 1954 omnes
1323 1924 1427 1969 pee-

42 1998 63 2023 »
94 1991 304 2027 caverunt
330 2002 337 2026 :
363 2000 382 2023 »
409 1998 498 2042 quo
520 1983 790 2036 testimonio,
815 1991 865 2026 ut
886 1982 1093 2037 diximus,
1110 1982 1398 2041 praetermisso
1415 2015 1427 2034 ‚

40 2062 195 2097 caetera
221 2052 294 2097 illa
317 2053 539 2097 contexuit
561 2069 660 2113 quae
683 2068 813 2112 supra
837 2062 1177 2097 commemorata
1199 2060 1315 2096 sunt.
1342 2054 1433 2097 No-

40 2123 101 2168 vit
135 2124 248 2167 enim
287 2122 659 2182 quemadmodum
694 2122 861 2167 soleant
894 2124 986 2167 haec
1015 2123 1148 2167 verba
1179 2121 1430 2181 apostolica,

42 2209 141 2254 quae
169 2194 456 2253 praetermisit,
489 2194 681 2252 accipere
710 2192 1024 2237 catholicorum
1051 2192 1180 2238 corda
1209 2191 1431 2246 fidelium,

43 2281 142 2325 quae
165 2265 294 2308 verba
317 2273 405 2308 tam
431 2273 545 2308 recta
563 2299 573 2318 ,
600 2274 642 2307 et
664 2273 783 2308 tanta
806 2263 904 2308 luce
928 2263 1140 2323 fulgentia
1162 2300 1172 2318 ,
1197 2263 1435 2308 tenebrosis

43 2344 85 2379 et
112 2334 315 2379 tortuosis
336 2334 772 2393 interpretationibus
798 2335 900 2378 novi
924 2335 1116 2378 haeretiei
1141 2335 1372 2378 obscurare
1394 2342 1437 2376 et

46 2407 283 2465 depravare
311 2405 566 2449 moliuntur.
603 2404 766 2448 Deinde
795 2405 875 2448 alia
908 2421 1001 2449 mea
1032 2406 1163 2449 verba
1193 2404 1435 2458 subtexuit,

46 2477 125 2520 ubi
141 2476 252 2530 dixi,
272 2478 360 2520 Nec
379 2475 612 2520 advertunt
629 2511 639 2529 ,
662 2475 852 2535 quodita
868 2477 1120 2535 nuptiarum
1139 2476 1305 2519 bonum
1326 2473 1440 2518 malo

50 2546 246 2605 originali
280 2548 400 2607 quod
433 2546 535 2590 inde
568 2547 755 2591 trahitur
789 2563 876 2591 non
910 2556 1051 2606 potest
1087 2547 1297 2600 accusari,
1331 2547 1455 2590 sicut·

99 2639 107 2654 ¹
130 2633 208 2665 Vide
233 2632 288 2665 lib.
318 2641 338 2666 u
364 2633 403 2666 de
424 2633 545 2675 Nuptiis
567 2638 599 2665 et
618 2633 808 2676 Concupisc.
829 2644 900 2676 cap.
923 2634 952 2665 3.
974 2650 1014 2656 -
1032 2640 1044 2656 ²
1064 2635 1152 2665 Rom.
1173 2644 1207 2673 v,
1233 2641 1281 2664 12.
