1884 3285
412 265 492 303 184
838 276 869 299 S.
908 273 1137 299 AI'GUSTINI
1172 274 1351 300 EPISCOPI

405 340 667 397 suffragatur
684 338 823 382 modis
845 357 853 383 :
875 338 976 397 quia
993 337 1121 383 simul
1142 339 1282 398 patuit
1298 348 1341 382 et
1357 347 1522 398 quanta
1539 338 1592 382 sit
1608 338 1786 395 levitas,
1844 347 1847 368 ³
1878 397 1880 402 λ

402 421 445 455 et
466 418 629 470 quanta
646 409 917 453 imbecillitas
937 410 983 453 in
1001 410 1192 454 veritatis
1210 410 1383 453 inimico
1395 409 1493 469 ,qui
1510 424 1554 453 se
1571 411 1788 469 approba·
1846 436 1847 439 ¹

400 481 490 534 vit,
515 489 559 524 et
580 495 679 523 curn
700 479 821 539 loqui
845 495 934 524 non
957 479 1130 535 debeat,
1157 489 1297 524 tacere
1320 494 1409 523 non
1429 494 1568 538 posse,
1587 489 1629 524 et
1644 481 1790 539 paucis

399 550 646 610 semiplenis
668 550 958 611 dicerptisque
984 551 1119 610 magis
1142 566 1271 610 quam
1291 553 1532 610 aggregatis
1551 551 1788 607 sententiis,
1849 559 1855 574 ·’

399 622 454 665 de
483 622 624 681 primo
650 630 794 665 tamen
820 621 960 666 solum
983 620 1097 665 libro
1120 636 1217 665 meo
1242 621 1301 665 ita
1324 621 1495 665 cessisse
1514 620 1717 677 fractum,
1743 630 1793 666 ut

402 691 523 751 vulgi
537 693 581 735 in
600 707 677 736 nos
692 690 904 735 foemineis
917 691 1152 736 admodum
1168 692 1346 736 vocibus
1363 701 1536 750 pectora
1552 706 1793 737 commove-

401 773 465 808 ret
489 783 497 807 :
520 762 640 822 quod
663 763 966 822 disputationis
992 771 1148 807 nostrae
1173 763 1446 822 processibus
1468 763 1709 822 apparebit.

458 837 749 879 AI‘GUSTINIS.
779 833 895 887 Quid
922 835 1027 878 milii
1050 835 1257 888 irasceris,
1287 834 1409 894 quod
1436 834 1491 878 ad
1514 849 1582 878 me
1603 833 1703 878 libri
1728 834 1793 878 tui

400 905 626 964 pervenire
655 904 818 948 tardius
845 914 1106 964 potuerunt,
1137 905 1205 949 vel
1235 904 1356 964 quod
1379 920 1451 949 eos
1479 920 1679 965 quaerens
1705 919 1795 949 non

402 975 527 1034 potui
551 975 746 1018 celeriter
774 975 998 1018 invenire?
1028 984 1173 1019 tamen
1196 975 1320 1034 potui
1348 984 1391 1019 et
1420 976 1598 1019 omnino
1627 973 1794 1029 debui,

403 1060 454 1089 ea
482 1061 580 1105 quae
609 1045 715 1089 mihi
745 1045 870 1088 missa
892 1045 1090 1089 chartula
1113 1045 1366 1088 continebat
1381 1080 1391 1099 ,
1417 1046 1732 1104 cujuscumque
1754 1054 1798 1088 et

405 1115 741 1176 qualiacumque
769 1125 924 1170 essent,
951 1131 1006 1159 ne
1033 1125 1293 1174 putarentur
1314 1115 1488 1170 invicta,
1520 1115 1649 1174 plane
1674 1129 1797 1174 aper-

407 1187 457 1230 tis
476 1221 486 1241 ,
512 1202 602 1230 non
625 1186 829 1230 involutis
851 1185 986 1230 oculis
1009 1186 1235 1245 inspicere,
1261 1194 1304 1229 et
1327 1187 1418 1230 sine
1441 1186 1649 1231 dilatione
1668 1186 1797 1230 refel-

406 1256 493 1299 lere
520 1275 528 1300 :
561 1259 663 1315 quia
697 1256 776 1300 etsi
810 1271 1037 1315 nunquam
1075 1255 1208 1300 libros
1246 1265 1343 1300 tuos
1377 1257 1564 1316 reperire
1594 1272 1761 1316 possem
1784 1292 1794 1311 ‚

405 1327 600 1385 oportuit
632 1335 682 1370 ut
707 1341 756 1370 ea
789 1342 888 1385 quae
916 1325 1096 1386 alicujus
1130 1328 1339 1371 momenti
1363 1342 1452 1372 esse
1482 1326 1692 1382 credidit,
1723 1327 1799 1387 qui

407 1405 530 1441 tanto
545 1397 639 1441 viro
659 1397 891 1441 arbitratus
912 1406 976 1441 est
999 1412 1088 1441 esse
1112 1397 1341 1453 mittenda,
1361 1407 1577 1458 quantum
1592 1398 1797 1453 valerem,

406 1482 462 1511 ne
484 1468 717 1527 quisquam
737 1467 884 1525 legens
908 1469 966 1511 eis
993 1467 1280 1527 deciperetur,
1311 1483 1550 1526 arguerem.
1577 1471 1674 1515 Non
1696 1484 1800 1528 crgo

408 1537 515 1580 mihi
535 1538 656 1597 quod
678 1538 870 1596 objecisti
900 1538 1123 1597 objiceres,
1156 1539 1235 1582 nisi
1264 1548 1313 1583 tu
1343 1540 1486 1599 potius
1510 1540 1607 1597 ista,
1632 1548 1683 1583 ut
1711 1555 1800 1583 non

410 1606 553 1651 dicam
596 1609 791 1653 extinctis
811 1643 821 1662 ,
865 1617 980 1652 certe
1018 1608 1173 1652 clausis
1210 1609 1345 1653 oculis
1378 1609 1632 1669 loquereris.
1670 1609 1801 1655 Nullo

409 1678 541 1723 modo
568 1689 712 1724 autem
734 1678 897 1724 diceres
912 1714 923 1735 ,
941 1680 1062 1738 vulgi
1080 1696 1102 1723 a
1121 1680 1245 1724 nobis
1262 1681 1306 1724 in
1326 1696 1402 1725 vos
1419 1690 1595 1740 pectora
1611 1696 1802 1725 commo-

410 1750 501 1794 veri
519 1784 531 1805 ,
551 1750 631 1793 nisi
650 1751 776 1794 scires
794 1751 1123 1794 multitudinem
1141 1752 1415 1795 christianam
1433 1752 1480 1794 in
1496 1761 1685 1811 utroque
1701 1767 1802 1796 sexu

410 1819 543 1863 fidem
565 1821 822 1864 catholicam
846 1836 935 1865 non
956 1820 1106 1876 latere,
1134 1837 1264 1881 quam
1289 1823 1456 1867 conaris
1474 1831 1680 1867 evertere.

468 1893 568 1935 XX.
594 1893 820 1936 JLLIANL‘S.
859 1911 879 1934 «
911 1891 1140 1937 Admoneo
1172 1903 1319 1937 tamen
1347 1893 1419 1938 hic
1447 1909 1626 1954 quoque
1645 1928 1656 1948 ,
1694 1894 1804 1938 sicut

411 1962 555 2020 priore
578 1978 602 2006 a
626 1963 749 2006 nobis
773 1978 903 2022 opere
924 1962 1088 2007 facturn
1112 1974 1175 2008 est
1195 2000 1205 2019 ,
1231 1980 1319 2009 non
1344 1979 1413 2008 me
1436 1965 1580 2009 omnia
1603 1980 1804 2009 examus-

411 2033 492 2076 sim
515 2033 604 2091 ejus
626 2033 756 2077 verba
778 2034 1048 2092 positurum,
1073 2036 1149 2079 sed
1172 2050 1220 2080 ea
1243 2035 1382 2094 capita
1399 2071 1410 2090 ,
1436 2036 1597 2095 quibus
1614 2036 1804 2080 destruc-

414 2104 465 2147 tis
482 2139 493 2159 ,
516 2104 726 2148 naturalis
747 2106 848 2148 mali
870 2106 1018 2164 opinio
1040 2115 1308 2150 conteratur.
1340 2125 1360 2146 »

472 2178 717 2220 Arocsnm
733 2196 764 2220 s.
791 2179 853 2221 Ea
876 2193 976 2237 quae
998 2178 1289 2236 praetermittis
1308 2213 1322 2232 ‚
1345 2177 1605 2235 colligentur
1629 2176 1807 2221 fortasse

415 2245 484 2290 vel
507 2262 530 2289 a
553 2247 678 2291 nobis
702 2247 771 2290 vel
795 2247 849 2291 ab
873 2247 965 2291 aliis
981 2283 990 2301 ,
1014 2258 1064 2292 ut
1084 2257 1290 2307 appareat
1310 2263 1388 2292 cur
1405 2247 1742 2306 praetermiseris.

477 2318 599 2359 XXI.
619 2320 798 2361 Jerm
813 2338 846 2361 s.
869 2337 888 2359 α
910 2319 1039 2370 Quod
1062 2317 1163 2361 licet
1185 2318 1312 2376 plene
1334 2318 1474 2376 primo
1493 2333 1622 2377 opere
1640 2325 1808 2361 constet

419 2386 625 2430 effectum
653 2407 661 2431 2
688 2398 834 2431 tamen
863 2388 1067 2447 quoniam
1103 2403 1219 2432 nunc
1253 2387 1465 2432 nonnulla
1496 2387 1551 2431 de
1580 2403 1670 2432 uno
1693 2388 1808 2431 dun·

419 2466 537 2500 taxat
558 2456 667 2501 libro
689 2474 784 2502 meo
807 2458 886 2502 sibi
907 2457 1142 2502 refellenda
1162 2459 1402 2518 proposuit,
1424 2474 1597 2518 meque,
1621 2468 1670 2502 ut
1693 2474 1806 2517 prae-

419 2527 590 2571 locutus
614 2544 705 2571 sum
726 2564 734 2583 ,
761 2529 930 2587 arguit,
958 2529 1078 2588 quod
1102 2529 1242 2588 capita
1265 2528 1480 2573 dictorum
1504 2531 1596 2589 ejus
1616 2544 1715 2588 quae
1738 2529 1807 2571 in-

418 2597 554 2652 serui,
587 2613 741 2656 magna
766 2614 815 2642 ex
839 2608 962 2657 parte
989 2598 1308 2656 truncaverim,
1334 2597 1559 2644 ostendam
1583 2600 1739 2658 primo,
1764 2597 1809 2641 id
