1884 3285
430 350 603 394 laudem
627 355 775 410 gratiae
792 353 1134 415 claudicantem3
1154 360 1256 418 quia
1273 374 1362 404 non
1384 359 1550 406 invenit
1571 364 1708 409 multa
1723 380 1819 424 pec-

431 429 550 475 cata,
588 437 778 480 quorum
819 425 1067 470 remissione
1097 426 1315 473 laudetur.
1358 430 1488 483 Quod
1529 433 1637 478 dixit
1672 436 1820 496 itaque
1850 473 1853 490 ,

426 490 645 548 apostolus
664 492 824 538 Paulus
837 529 848 548 ,
873 513 892 536 »
912 496 1058 540 Gratia
1080 507 1228 543 autem
1245 515 1295 543 ex
1317 500 1465 545 multis
1483 502 1651 549 delictis
1671 505 1718 549 in
1729 507 1818 565 jus-

427 561 707 606 tificationem
721 598 731 618 ,
764 585 777 604 a
804 563 1082 610 falsissimum
1104 583 1194 613 esse
1217 570 1259 614 in
1278 570 1562 627 parvulorum
1583 583 1698 619 statu
1716 588 1818 635 pro·

427 632 561 676 ditur.
588 636 686 686 Quo
716 635 816 679 hinc
844 644 894 679 tu
917 637 1049 694 igitur
1077 640 1300 685 con-aberis
1331 641 1513 686 exilire?
1547 646 1705 694 Procul
1736 648 1818 692 du-

425 702 498 746 bio
521 703 717 748 dicturus
739 720 782 749 es
817 708 833 762 (
850 706 951 750 hinc
973 708 1089 751 enim
1111 724 1284 755 sensum
1316 721 1442 756 tuum
1464 716 1660 773 superior
1675 731 1816 764 sermo
1852 726 1857 770 ’ς

426 772 680 830 patefecit,)
712 775 794 818 hoc
828 777 948 835 quod
981 779 1040 821 ait
1068 780 1323 839 Apostolus,
1354 801 1375 824 »
1408 784 1554 842 Gratia
1587 795 1732 831 autern
1763 803 1818 833 ex
1853 802 1858 846 ξ

428 862 448 884 »
469 844 617 887 multis
640 844 807 890 delictis
836 847 881 891 in
898 849 1252 908 justificationem
1271 889 1281 906 ,
1317 872 1337 895 «
1356 852 1632 900 falsissimum
1651 872 1742 902 esse
1769 859 1816 904 in
1855 894 1858 910 ,

423 914 705 972 parvulorum
735 926 851 961 statu
873 919 1088 976 proditur.
1124 924 1221 975 Quo
1238 924 1339 968 hinc
1361 933 1411 969 tu
1438 927 1569 984 igitur
1589 929 1815 975 conaberis
1855 938 1858 989 ξ

422 984 595 1029 exilire?
635 987 791 1031 Procul
830 989 966 1033 dubio
1001 989 1199 1036 dicturus
1233 1009 1276 1037 es
1309 995 1443 1052 (hinc
1484 998 1599 1061 enim
1640 1014 1814 1045 sensum
1856 1008 1858 1052 ᾗ

424 1065 550 1099 tuum
573 1060 771 1116 superior
788 1074 930 1104 sermo
948 1061 1421 1125 patefecit,)hoc'quod
1439 1068 1765 1127 aitApostolus:
1789 1091 1810 1114 »

420 1128 567 1172 Gratia
588 1138 733 1172 autem
753 1145 803 1172 ex
825 1132 974 1175 multis
997 1132 1165 1177 delictis
1186 1135 1229 1178 in
1248 1137 1603 1196 justificationem
1622 1162 1633 1199 3
1657 1161 1677 1184 «
1696 1143 1812 1202 apud
1858 1183 1860 1197 ,

417 1198 614 1241 homines
637 1199 843 1257 perfectae
873 1202 1010 1245 aetatis
1035 1203 1230 1262 impleri,
1258 1207 1335 1265 qui
1364 1207 1513 1253 multis
1540 1209 1708 1256 delictis
1735 1229 1813 1273 per
1858 1258 1862 1270 ξ

416 1277 584 1311 motum
608 1270 795 1329 propriae
816 1270 1053 1317 voluntatis
1082 1275 1401 1321 convincantur
1428 1279 1620 1336 obnoxii,
1645 1283 1688 1326 in
1709 1299 1811 1342 par·
1858 1273 1862 1321 ’ἱ

414 1338 525 1382 vulis
549 1348 697 1383 autem
715 1356 804 1385 non
821 1356 871 1385 ex
888 1343 1061 1398 multis,
1083 1345 1160 1389 sed
1180 1362 1229 1390 ex
1255 1363 1344 1392 uno
1364 1348 1525 1396 delicto
1543 1352 1636 1396 fieri
1651 1354 1811 1412 justifi-

412 1411 645 1454 cationem.
669 1430 688 1452 »

473 1485 765 1527 Atat-smnus.
792 1486 889 1529 Non
908 1495 999 1530 erat
1023 1502 1246 1546 magnum,
1274 1499 1322 1534 ut
1355 1491 1618 1552 intelligeres
1643 1495 1699 1539 ab
1727 1496 1808 1541 hac

405 1551 736 1610 justificatione,
780 1570 913 1613 quam
947 1556 1143 1601 Salvator
1171 1575 1220 1603 ex
1265 1561 1505 1608 multorum
1543 1563 1807 1611 delictorum
1860 1581 1865 1677 ι

413 1621 660 1666 dimissione
692 1624 778 1667 suis
807 1624 997 1681 confert,
1042 1643 1116 1672 vos
1157 1632 1300 1688 potius
1340 1633 1597 1680 subtrahere
1643 1653 1806 1696 parvu-

410 1690 497 1746 los,
520 1693 681 1752 quibus
713 1694 885 1739 nullum
909 1708 1136 1756 peccatum
1167 1703 1329 1747 remitti
1350 1719 1474 1763 posse
1502 1708 1766 1753 contenditis
1793 1729 1802 1755 :

412 1777 501 1805 non
525 1772 669 1807 antem
693 1780 772 1810 nos
790 1801 800 1819 ,
828 1768 905 1826 qui
932 1783 1034 1812 cum
1063 1769 1250 1816 dicimus
1274 1788 1349 1832 per
1384 1791 1520 1820 unum
1549 1789 1803 1837 peccantem

410 1834 558 1878 missos
600 1851 749 1880 omnes
786 1837 831 1880 in
874 1839 1310 1899 condemnationem,
1352 1847 1519 1892 nullam
1563 1851 1802 1910 excipimus
1863 1849 1867 1855 ⁵

408 1914 602 1963 aetatem3
627 1909 728 1965 quia
750 1909 834 1954 hoc
856 1909 1064 1955 delictum
1087 1914 1216 1958 etiam
1240 1918 1413 1976 majoris
1434 1921 1572 1964 aetatis
1602 1923 1801 1968 homines

409 1975 571 2019 habent
596 1996 603 2021 ε
630 1977 822 2039 itemque
851 1997 949 2025 cum
980 1982 1162 2028 dicimus
1197 2001 1247 2029 ex
1279 1988 1429 2033 multis
1452 1988 1800 2053 delictisjustifi-
1864 1986 1868 1995 ’

411 2061 509 2090 care
555 2049 758 2105 gratiam,
795 2051 959 2095 nullam
1006 2054 1291 2101 nihilominus
1328 2060 1563 2119 excipimus
1599 2073 1800 2124 aetatem3
1865 2079 1868 2090 ¹

404 2118 612 2174 quoniam
637 2120 713 2179 qui
735 2120 873 2165 multa
888 2132 1065 2181 peccata
1088 2124 1293 2183 dimittit,
1317 2131 1432 2189 (quo
1455 2133 1696 2178 multorum
1713 2152 1797 2181 no-

404 2186 522 2230 mine
548 2189 697 2247 utique
715 2192 860 2237 omnia
878 2192 1209 2253 intelliguntur,
1226 2200 1453 2257 )profecto
1467 2201 1554 2247 ulla
1573 2219 1663 2249 non
1686 2221 1798 2265 prae-
1865 2210 1869 2224 ¹

406 2257 625 2313 termittit,
652 2260 735 2304 hoc
757 2270 845 2316 est,
872 2278 951 2307 nec
968 2266 1253 2323 pessimorum
1277 2269 1417 2328 plura,
1443 2288 1524 2318 nec
1548 2273 1796 2335 aliquorum

402 2328 628 2385 pauciora,
658 2346 737 2375 nec
762 2332 930 2391 singula
955 2337 1254 2394 parvulorum.
1289 2344 1381 2386 Hoc
1411 2359 1513 2401 ergo
1542 2355 1592 2390 ut
1619 2347 1793 2393 videre-

401 2398 468 2450 tis,
491 2415 580 2444 non
602 2410 694 2445 erat
718 2417 942 2462 magnum,
969 2407 1049 2451 nisi
1078 2409 1328 2456 invideretis
1359 2415 1548 2471 parvulis
1571 2419 1792 2464 medicum

400 2469 621 2514 Christum
637 2507 648 2526 ‚
678 2487 866 2534 eumque
889 2475 972 2520 illis
998 2479 1147 2522 Jesum
1171 2495 1346 2540 prorsus
1363 2499 1452 2528 esse
1478 2486 1668 2543 nolletis,
1690 2490 1792 2534 hor-

399 2539 532 2583 renda
567 2541 813 2601 impietate,
846 2546 950 2590 mira
983 2549 1198 2604 caecitate,
1232 2552 1484 2612 blasphema
1504 2555 1786 2616 loquacitate.

401 2608 515 2660 Quid
546 2620 608 2655 est
636 2623 779 2658 autem
804 2616 1020 2674 insanius,
1053 2636 1184 2680 quam
1209 2622 1319 2668 velle
1344 2627 1527 2683 gratiam
1555 2629 1714 2676 Christi
1734 2630 1787 2674 ad

1845 123 1850 164 ῐ

1846 198 1874 297 ³2

433 276 515 313 392
870 290 903 315 s.
940 289 1172 319 auersum
1203 293 1386 321 EPISCOPI
1847 295 1875 382 ἱ,
