1884 3285
431 310 512 348 282
869 315 901 344 s.
939 317 1168 346 Aucusrrm
1202 317 1384 344 13121300121
1857 315 1861 361 ⁸.

427 383 668 429 secundum
691 382 830 428 Adam
858 382 1084 428 carnaliter
1113 383 1203 428 nati
1233 381 1500 427 contrahunt
1525 382 1676 427 mortis
1697 383 1811 429 anti·
1858 398 1861 420 Ι

426 470 525 515 quae
553 455 691 515 prima
722 455 946 499 nativitate
975 455 1267 513 contagium¹.
1286 456 1400 498 Ecce
1427 453 1568 497 verbis
1589 468 1692 498 usus
1713 469 1811 500 sum
1857 453 1884 501 f:

427 527 550 571 Poeni
571 526 760 586 episcopi
779 526 1003 585 Cypriani,
1029 535 1177 571 contra
1197 540 1328 585 quem
1350 533 1400 568 tu
1423 525 1551 568 etiam
1574 534 1811 584 martyrem
1857 516 1860 579 Ι
1879 549 1884 567 ,·

425 596 578 652 latras,
605 612 705 641 cum
737 596 940 641 Ecclesiae
968 596 1314 641 fundatissimam
1336 593 1484 650 fidem,
1510 610 1589 654 pro
1610 611 1698 656 qua
1725 598 1812 642 Ec·

424 667 552 713 clesia
572 667 694 712 fusus
709 677 772 712 est
790 669 883 728 ejus
905 669 1091 727 sanguis,
1112 682 1353 727 oppugnas
1381 666 1500 711 Sicut
1516 667 1631 710 enim
1652 666 1811 712 Paulus
1857 664 1884 715 Ι,-

423 739 646 799 apostolus
669 738 794 795 dixit,
823 758 843 781 «
865 742 946 783 Per
962 754 1101 784 unum
1137 739 1359 784 hominem
1383 747 1609 797 peccatum
1634 738 1812 784 intravit
1857 735 1860 779 ἒ

426 829 446 851 »
471 811 516 853 in
545 809 786 865 mundum,
822 819 865 854 et
887 825 965 870 per
988 819 1211 871 peccatum
1236 825 1372 864 mors,
1408 818 1451 854 et
1478 809 1524 853 in
1551 809 1690 854 omnis
1716 824 1813 870 per·
1856 815 1860 853 ’.

424 899 444 923 »
470 881 660 936 transiit,
681 881 727 925 in
743 897 831 941 quo
853 896 1003 926 omnes
1026 890 1315 942 peccaverunt
1339 900 1347 926 ι
1373 898 1393 922 »
1415 880 1474 924 ita
1501 889 1544 926 et
1567 881 1812 940 Cyprianus
1857 890 1859 922 Q

421 953 674 1012 episcopus,
699 952 944 1008 intellector
965 954 1098 1015 hujus
1123 952 1340 1013 Apostoli,
1372 951 1595 997 confessus
1627 961 1711 1009 est,
1745 967 1813 997 se-
1856 969 1859 977 ·

422 1023 616 1068 cundum
634 1025 771 1069 Adam
792 1024 1022 1069 carnaliter
1039 1034 1162 1069 natos
1183 1025 1432 1083 contagium
1451 1024 1602 1069 mortis
1619 1024 1813 1084 antiquae

422 1096 558 1155 prima
577 1095 803 1139 nativitate
825 1096 1096 1140 contrahere.
1121 1094 1236 1149 Quid
1256 1104 1318 1139 est
1340 1110 1441 1153 ergo
1464 1093 1584 1154 quod
1606 1103 1649 1138 te
1671 1098 1811 1154 Apos-

422 1167 519 1210 tolis
541 1176 583 1209 et
601 1166 804 1210 omnibus
821 1166 1040 1210 catholicis
1057 1165 1264 1210 fallaciter
1277 1166 1439 1226 jungis,
1457 1164 1814 1226 quandoquidem

421 1235 631 1295 Apostolo
652 1235 973 1292 fraudulenter,
997 1236 1212 1281 catholico
1236 1246 1381 1281 autem
1404 1238 1620 1297 Episcopo
1635 1245 1678 1281 et
1694 1238 1814 1282 Mar-

421 1308 528 1364 tyri,
553 1308 598 1350 in
613 1323 664 1351 eo
687 1307 808 1368 quod
831 1308 963 1352 sensit
981 1322 1081 1352 cum
1104 1307 1303 1352 orientali
1324 1317 1367 1352 et
1388 1306 1648 1353 occidentali
1669 1308 1815 1352 catho-

419 1377 500 1423 lica
520 1379 730 1435 Ecclesia,
755 1379 1020 1439 apertissime
1037 1379 1295 1424 contradicis
1325 1381 1343 1424 ?

478 1452 614 1495 CVII.
649 1453 877 1496 Jt‘LtANFs.
902 1470 921 1494 «
942 1452 1165 1512 Expositio
1187 1467 1288 1495 sane
1305 1487 1315 1507 ,
1342 1465 1475 1511 quam
1491 1449 1617 1495 Pauli
1631 1450 1816 1510 apostoli

421 1522 695 1566 sermonibus
714 1522 966 1578 admovisti,
999 1538 1099 1567 cum
1126 1523 1214 1567 risu
1246 1532 1356 1567 esset
1381 1521 1706 1582 praetereunda,
1732 1522 1815 1567 nisi

423 1592 743 1651 Scripturarum
785 1602 967 1638 terreret
1004 1595 1189 1652 ignaros.
1239 1613 1258 1635 «
1297 1595 1409 1638 Cum
1451 1592 1596 1636 essetis
1615 1627 1626 1647 ‚
1670 1591 1816 1652 inquit

424 1682 443 1704 «
470 1665 730 1723 Apostolus,
750 1666 860 1709 servi
876 1666 1058 1725 peccati,
1076 1665 1202 1709 liberi
1217 1664 1356 1710 fuistis
1373 1665 1593 1726 justitiae2.
1618 1682 1638 1705 »
1663 1664 1816 1709 Dicere

423 1735 571 1795 utique
594 1752 682 1780 non
701 1746 887 1796 poterat,
913 1736 1118 1781 liberatos
1137 1759 1147 1796 3
1172 1738 1382 1797 quoniam
1405 1737 1476 1781 hic
1490 1751 1631 1781 sermo
1653 1734 1816 1781 libera-

422 1806 547 1850 tionis
578 1815 682 1850 tunc
711 1806 919 1851 decenter
957 1807 1144 1852 infertur
1186 1817 1228 1852 et
1262 1807 1464 1868 proprie,
1502 1822 1601 1852 cum
1635 1806 1768 1851 homo
1791 1822 1815 1851 a
1850 1816 1870 1869 ξ.

420 1878 555 1922 noxiis
578 1878 811 1936 liberatur3
835 1879 963 1923 liberi
995 1889 1140 1923 autem
1178 1896 1201 1923 a
1222 1879 1458 1924 virtutibus
1487 1877 1574 1923 dici
1608 1885 1811 1937 possunt,
1850 1873 1874 1935 Ι

419 1949 493 2008 qui
527 1949 771 1994 decernunt
805 1950 915 1994 nihil
937 1950 1098 1994 debere
1132 1950 1386 1995 virtutibus.
1420 1950 1548 1994 Liber
1586 1964 1687 2007 ergo
1719 1958 1762 1992 et
1791 1964 1815 1992 a
1850 1938 1854 1958 '

419 2019 537 2063 bono
560 2028 603 2062 et
624 2035 647 2062 a
666 2020 782 2064 malo
803 2020 890 2064 dici
913 2029 1071 2079 potest,
1093 2021 1168 2080 qui
1193 2020 1317 2064 alteri
1339 2021 1528 2065 serviens
1543 2055 1553 2074 ‚
1579 2019 1703 2064 alteri
1721 2027 1815 2063 stu-
1849 2010 1855 2067 Ι

420 2090 494 2134 det
521 2089 630 2134 nihil
652 2090 812 2135 debere
844 2111 851 2136 :
886 2091 1095 2136 liberatus
1124 2101 1269 2136 autem
1300 2091 1381 2135 nisi
1414 2107 1437 2135 a
1460 2090 1575 2135 malo
1608 2089 1693 2134 dici
1724 2105 1815 2136 non
1848 2074 1854 2142 Ι

420 2169 562 2219 potest
579 2181 589 2219 3
610 2161 711 2221 quia
729 2162 910 2206 verbum
931 2163 1014 2207 hoc
1030 2162 1316 2218 liberationis,
1336 2162 1378 2205 in
1394 2177 1437 2206 se
1452 2162 1586 2206 habet
1602 2161 1813 2206 indicium
1848 2155 1854 2218 Ι

419 2230 534 2275 illius
562 2233 638 2291 qui
674 2232 956 2291 propulsatur
992 2234 1178 2292 angoris.
1217 2236 1326 2287 Quae
1367 2233 1500 2292 igitur
1524 2233 1595 2277 hic
1630 2232 1814 2293 quaestio
1847 2224 1853 2295 Ι

418 2301 628 2361 Apostolo
648 2303 703 2346 de
721 2303 864 2348 verbis
888 2304 974 2347 suis
988 2304 1080 2348 fieri
1099 2304 1257 2364 potuit,
1283 2319 1385 2348 cum
1408 2303 1482 2347 ille
1505 2318 1627 2348 more
1648 2304 1814 2362 generis
1846 2299 1852 2371 ξ’

418 2372 623 2428 humani,
649 2373 803 2418 abono
834 2373 1009 2429 liberos,
1032 2389 1055 2417 a
1086 2375 1200 2418 malo
1226 2374 1382 2418 dixerit
1402 2374 1632 2418 liberatos?
1659 2375 1813 2419 «Cum
1845 2376 1851 2467 3

422 2462 442 2485 »
469 2459 591 2503 ergo,
625 2445 793 2504 inquit,
829 2446 940 2490 servi
975 2448 1121 2490 essetis
1152 2446 1341 2504 peccati,
1373 2444 1498 2489 liberi
1522 2441 1662 2491 fuistis
1679 2445 1812 2506 justi-
1845 2471 1850 2494 ·,

423 2534 441 2557 »
468 2517 562 2575 tiae3
592 2532 723 2576 quem
753 2515 947 2562 fructum
975 2517 1184 2562 habuistis
1222 2527 1328 2562 tunc
1366 2518 1412 2561 in
1445 2517 1532 2573 his,
1570 2519 1615 2562 in
1651 2517 1811 2578 quibus
1844 2511 1861 2580 3

1844 2583 1849 2616 Ι

1842 2719 1847 2755 5

1870 895 1884 1170 ‚An—afinAnfflfi.
1874 822 1884 858 «Δ
1878 742 1884 785 ⁵-

469 2672 474 2687 1
497 2664 645 2707 Cyprian-
668 2665 769 2707 Epist.
792 2676 879 2703 mxiv,
899 2666 937 2698 ad
960 2665 1083 2698 Fidum.
1100 2684 1135 2690 --
1158 2671 1170 2687 2
1192 2668 1284 2699 Rom.
1302 2675 1332 2705 v,
1358 2674 1405 2698 ι’).
1424 2683 1463 2689 --
1483 2664 1496 2688 3
1514 2666 1558 2698 ld.
1579 2677 1625 2707 vr,
1645 2673 1698 2698 20.
