<?xml version="1.0" encoding="UTF-8"?>
<!DOCTYPE html PUBLIC "-//W3C//DTD XHTML 1.0 Transitional//EN"
    "http://www.w3.org/TR/xhtml1/DTD/xhtml1-transitional.dtd">
<html xmlns="http://www.w3.org/1999/xhtml" xml:lang="en" lang="en">
 <head>
  <title>
</title>
<meta http-equiv="Content-Type" content="text/html;charset=utf-8" />
  <meta name='ocr-system' content='tesseract 3.04.00' />
  <meta name='ocr-capabilities' content='ocr_page ocr_carea ocr_par ocr_line ocrx_word'/>
</head>
<body>
  <div class='ocr_page' id='page_1' title='image "./operaomniaaccura36auguuoft/operaomniaaccura36auguuoft_0484.png"; bbox 0 0 1884 3285; ppageno 0'>
   <div class='ocr_carea' id='block_1_1' title="bbox 1823 0 1859 190">
    <p class='ocr_par' dir='ltr' id='par_1_1' title="bbox 1823 0 1859 190">
     <span class='ocr_line' id='line_1_1' title="bbox 1823 0 1859 190; baseline 0 -40"><span class='ocrx_word' id='word_1_1' title='bbox 1823 0 1859 190; x_wconf 64' lang='lat' dir='ltr'>i</span> 
     </span>
    </p>
   </div>
   <div class='ocr_carea' id='block_1_2' title="bbox 432 173 1860 384">
    <p class='ocr_par' dir='ltr' id='par_1_2' title="bbox 432 173 1860 384">
     <span class='ocr_line' id='line_1_2' title="bbox 1827 173 1831 220; baseline 0 0"><span class='ocrx_word' id='word_1_2' title='bbox 1827 173 1831 220; x_wconf 66' lang='lat' dir='ltr'>l</span> 
     </span>
     <span class='ocr_line' id='line_1_3' title="bbox 432 222 1860 384; baseline -0.004 -89"><span class='ocrx_word' id='word_1_3' title='bbox 432 257 514 295; x_wconf 85' lang='lat'>388</span> <span class='ocrx_word' id='word_1_4' title='bbox 852 268 886 292; x_wconf 84' lang='lat' dir='ltr'>s.</span> <span class='ocrx_word' id='word_1_5' title='bbox 923 262 1154 293; x_wconf 68' lang='lat' dir='ltr'>Acecstrmi</span> <span class='ocrx_word' id='word_1_6' title='bbox 1187 265 1369 293; x_wconf 75' lang='lat' dir='ltr'>EPISCOPI</span> <span class='ocrx_word' id='word_1_7' title='bbox 1827 222 1860 384; x_wconf 51' lang='lat' dir='ltr'>li</span> 
     </span>
    </p>
   </div>
   <div class='ocr_carea' id='block_1_3' title="bbox 407 328 1884 2185">
    <p class='ocr_par' dir='ltr' id='par_1_3' title="bbox 417 328 1884 1157">
     <span class='ocr_line' id='line_1_4' title="bbox 428 328 1814 389; baseline 0 -14"><span class='ocrx_word' id='word_1_8' title='bbox 428 329 667 389; x_wconf 85' lang='lat' dir='ltr'>indignari,</span> <span class='ocrx_word' id='word_1_9' title='bbox 691 328 813 389; x_wconf 88' lang='lat' dir='ltr'>quod</span> <span class='ocrx_word' id='word_1_10' title='bbox 830 344 904 374; x_wconf 93' lang='lat' dir='ltr'>vos</span> <span class='ocrx_word' id='word_1_11' title='bbox 927 330 1070 389; x_wconf 86' lang='lat' dir='ltr'>potius</span> <span class='ocrx_word' id='word_1_12' title='bbox 1096 330 1152 374; x_wconf 88' lang='lat' dir='ltr'>ab</span> <span class='ocrx_word' id='word_1_13' title='bbox 1174 329 1326 375; x_wconf 91' lang='lat' dir='ltr'>eodem</span> <span class='ocrx_word' id='word_1_14' title='bbox 1345 329 1509 389; x_wconf 92' lang='lat' dir='ltr'>populo</span> <span class='ocrx_word' id='word_1_15' title='bbox 1523 330 1814 388; x_wconf 79' lang='lat' dir='ltr'>separamini?</span> 
     </span>
     <span class='ocr_line' id='line_1_5' title="bbox 427 400 1815 454; baseline 0.002 -10"><span class='ocrx_word' id='word_1_16' title='bbox 427 404 653 454; x_wconf 88' lang='lat' dir='ltr'>Quantum</span> <span class='ocrx_word' id='word_1_17' title='bbox 682 408 827 444; x_wconf 88' lang='lat' dir='ltr'>autem</span> <span class='ocrx_word' id='word_1_18' title='bbox 860 400 1014 445; x_wconf 80' lang='lat' dir='ltr'><strong>attinet</strong></span> <span class='ocrx_word' id='word_1_19' title='bbox 1046 400 1100 445; x_wconf 91' lang='lat' dir='ltr'>ad</span> <span class='ocrx_word' id='word_1_20' title='bbox 1136 400 1294 445; x_wconf 84' lang='lat' dir='ltr'>delicta</span> <span class='ocrx_word' id='word_1_21' title='bbox 1324 400 1595 454; x_wconf 89' lang='lat' dir='ltr'>voluntaria,</span> <span class='ocrx_word' id='word_1_22' title='bbox 1627 401 1739 446; x_wconf 87' lang='lat' dir='ltr'>sicut</span> <span class='ocrx_word' id='word_1_23' title='bbox 1767 417 1815 447; x_wconf 87' lang='lat' dir='ltr'>ex</span> 
     </span>
     <span class='ocr_line' id='line_1_6' title="bbox 426 471 1815 532; baseline 0.002 -17"><span class='ocrx_word' id='word_1_24' title='bbox 426 471 574 516; x_wconf 87' lang='lat' dir='ltr'>multis</span> <span class='ocrx_word' id='word_1_25' title='bbox 589 471 806 532; x_wconf 86' lang='lat' dir='ltr'>judicium</span> <span class='ocrx_word' id='word_1_26' title='bbox 826 472 961 517; x_wconf 86' lang='lat' dir='ltr'>mittit</span> <span class='ocrx_word' id='word_1_27' title='bbox 988 473 1032 516; x_wconf 93' lang='lat' dir='ltr'>in</span> <span class='ocrx_word' id='word_1_28' title='bbox 1054 472 1486 528; x_wconf 81' lang='lat' dir='ltr'>condemnationem,</span> <span class='ocrx_word' id='word_1_29' title='bbox 1517 473 1576 517; x_wconf 89' lang='lat' dir='ltr'>sic</span> <span class='ocrx_word' id='word_1_30' title='bbox 1599 488 1650 517; x_wconf 83' lang='lat' dir='ltr'>ex</span> <span class='ocrx_word' id='word_1_31' title='bbox 1670 472 1815 519; x_wconf 89' lang='lat' dir='ltr'>multis</span> 
     </span>
     <span class='ocr_line' id='line_1_7' title="bbox 425 543 1815 602; baseline 0.001 -15"><span class='ocrx_word' id='word_1_32' title='bbox 425 544 560 602; x_wconf 83' lang='lat' dir='ltr'>gratia</span> <span class='ocrx_word' id='word_1_33' title='bbox 581 543 627 586; x_wconf 91' lang='lat' dir='ltr'>in</span> <span class='ocrx_word' id='word_1_34' title='bbox 640 543 1012 602; x_wconf 82' lang='lat' dir='ltr'>justificationem.</span> <span class='ocrx_word' id='word_1_35' title='bbox 1048 545 1190 596; x_wconf 84' lang='lat' dir='ltr'>Quare</span> <span class='ocrx_word' id='word_1_36' title='bbox 1213 559 1316 602; x_wconf 82' lang='lat' dir='ltr'>ergo</span> <span class='ocrx_word' id='word_1_37' title='bbox 1339 544 1503 587; x_wconf 85' lang='lat' dir='ltr'>dictum</span> <span class='ocrx_word' id='word_1_38' title='bbox 1531 553 1616 599; x_wconf 89' lang='lat' dir='ltr'>est,</span> <span class='ocrx_word' id='word_1_39' title='bbox 1647 563 1668 586; x_wconf 83' lang='lat'>«</span> <span class='ocrx_word' id='word_1_40' title='bbox 1688 543 1815 588; x_wconf 87' lang='lat' dir='ltr'>Judi-</span> 
     </span>
     <span class='ocr_line' id='line_1_8' title="bbox 427 613 1884 672; baseline 0.003 -17"><span class='ocrx_word' id='word_1_41' title='bbox 427 633 444 656; x_wconf 89' lang='lat'>»</span> <span class='ocrx_word' id='word_1_42' title='bbox 467 614 585 658; x_wconf 90' lang='lat' dir='ltr'>cium</span> <span class='ocrx_word' id='word_1_43' title='bbox 603 629 655 657; x_wconf 82' lang='lat' dir='ltr'>ex</span> <span class='ocrx_word' id='word_1_44' title='bbox 670 629 760 658; x_wconf 90' lang='lat' dir='ltr'>uno</span> <span class='ocrx_word' id='word_1_45' title='bbox 783 613 827 656; x_wconf 94' lang='lat' dir='ltr'>in</span> <span class='ocrx_word' id='word_1_46' title='bbox 853 613 1261 658; x_wconf 82' lang='lat' dir='ltr'>condemnationem</span> <span class='ocrx_word' id='word_1_47' title='bbox 1276 649 1286 669; x_wconf 94' lang='lat'>,</span> <span class='ocrx_word' id='word_1_48' title='bbox 1309 613 1444 672; x_wconf 84' lang='lat' dir='ltr'>gratia</span> <span class='ocrx_word' id='word_1_49' title='bbox 1461 622 1605 657; x_wconf 86' lang='lat' dir='ltr'>autem</span> <span class='ocrx_word' id='word_1_50' title='bbox 1626 629 1677 658; x_wconf 80' lang='lat' dir='ltr'>ex</span> <span class='ocrx_word' id='word_1_51' title='bbox 1698 613 1814 659; x_wconf 89' lang='lat' dir='ltr'>mul-</span> <span class='ocrx_word' id='word_1_52' title='bbox 1840 618 1845 640; x_wconf 86' lang='lat'><strong>¹</strong></span> <span class='ocrx_word' id='word_1_53' title='bbox 1868 615 1884 670; x_wconf 52' lang='grc' dir='ltr'>ζ,</span> 
     </span>
     <span class='ocr_line' id='line_1_9' title="bbox 426 677 1884 755; baseline 0.003 -28"><span class='ocrx_word' id='word_1_54' title='bbox 426 703 446 727; x_wconf 74' lang='lat' dir='ltr'>n</span> <span class='ocrx_word' id='word_1_55' title='bbox 472 685 526 730; x_wconf 89' lang='lat' dir='ltr'>tis</span> <span class='ocrx_word' id='word_1_56' title='bbox 544 684 711 729; x_wconf 84' lang='lat' dir='ltr'>delictis</span> <span class='ocrx_word' id='word_1_57' title='bbox 728 686 774 728; x_wconf 92' lang='lat' dir='ltr'>in</span> <span class='ocrx_word' id='word_1_58' title='bbox 793 684 1149 745; x_wconf 84' lang='lat' dir='ltr'>justificationem</span> <span class='ocrx_word' id='word_1_59' title='bbox 1168 688 1178 711; x_wconf 84' lang='lat'><strong>¹</strong></span> <span class='ocrx_word' id='word_1_60' title='bbox 1202 705 1210 731; x_wconf 89' lang='lat'>:</span> <span class='ocrx_word' id='word_1_61' title='bbox 1238 704 1258 727; x_wconf 87' lang='lat'>»</span> <span class='ocrx_word' id='word_1_62' title='bbox 1291 686 1373 729; x_wconf 86' lang='lat' dir='ltr'>nisi</span> <span class='ocrx_word' id='word_1_63' title='bbox 1390 685 1491 746; x_wconf 85' lang='lat' dir='ltr'>quia</span> <span class='ocrx_word' id='word_1_64' title='bbox 1507 686 1705 731; x_wconf 88' lang='lat' dir='ltr'>hocloco</span> <span class='ocrx_word' id='word_1_65' title='bbox 1727 702 1815 732; x_wconf 89' lang='lat' dir='ltr'>non</span> <span class='ocrx_word' id='word_1_66' title='bbox 1834 699 1840 755; x_wconf 58' lang='lat' dir='ltr'>g</span> <span class='ocrx_word' id='word_1_67' title='bbox 1870 677 1884 744; x_wconf 53' lang='lat' dir='ltr'>&#39;J</span> 
     </span>
     <span class='ocr_line' id='line_1_10' title="bbox 423 755 1882 816; baseline 0.001 -16"><span class='ocrx_word' id='word_1_68' title='bbox 423 765 487 800; x_wconf 89' lang='lat' dir='ltr'>est</span> <span class='ocrx_word' id='word_1_69' title='bbox 505 757 702 815; x_wconf 84' lang='lat' dir='ltr'>opposita</span> <span class='ocrx_word' id='word_1_70' title='bbox 731 755 950 800; x_wconf 88' lang='lat' dir='ltr'>voluntati</span> <span class='ocrx_word' id='word_1_71' title='bbox 982 755 1204 812; x_wconf 88' lang='lat' dir='ltr'>voluntas,</span> <span class='ocrx_word' id='word_1_72' title='bbox 1239 765 1314 800; x_wconf 88' lang='lat' dir='ltr'>aut</span> <span class='ocrx_word' id='word_1_73' title='bbox 1339 756 1570 800; x_wconf 78' lang='lat' dir='ltr'>imitationi</span> <span class='ocrx_word' id='word_1_74' title='bbox 1602 756 1840 816; x_wconf 68' lang='lat' dir='ltr'>imitati03&#39;·</span> <span class='ocrx_word' id='word_1_75' title='bbox 1871 803 1882 813; x_wconf 31' lang='lat' dir='ltr'>,f</span> 
     </span>
     <span class='ocr_line' id='line_1_11' title="bbox 419 827 1850 889; baseline 0.002 -18"><span class='ocrx_word' id='word_1_76' title='bbox 419 827 494 872; x_wconf 90' lang='lat' dir='ltr'>sed</span> <span class='ocrx_word' id='word_1_77' title='bbox 507 828 775 886; x_wconf 84' lang='lat' dir='ltr'>generationi</span> <span class='ocrx_word' id='word_1_78' title='bbox 789 829 1215 887; x_wconf 74' lang='lat' dir='ltr'>regeneratIoPSicut</span> <span class='ocrx_word' id='word_1_79' title='bbox 1235 829 1350 873; x_wconf 91' lang='lat' dir='ltr'>enim</span> <span class='ocrx_word' id='word_1_80' title='bbox 1366 829 1587 888; x_wconf 83' lang='lat' dir='ltr'>generatio</span> <span class='ocrx_word' id='word_1_81' title='bbox 1598 828 1812 889; x_wconf 89' lang='lat' dir='ltr'>judicium</span> <span class='ocrx_word' id='word_1_82' title='bbox 1848 867 1850 883; x_wconf 44' lang='lat'>2</span> 
     </span>
     <span class='ocr_line' id='line_1_12' title="bbox 421 899 1841 960; baseline 0.001 -17"><span class='ocrx_word' id='word_1_83' title='bbox 421 899 554 943; x_wconf 85' lang='lat' dir='ltr'>habet</span> <span class='ocrx_word' id='word_1_84' title='bbox 581 915 631 943; x_wconf 83' lang='lat' dir='ltr'>ex</span> <span class='ocrx_word' id='word_1_85' title='bbox 661 915 752 944; x_wconf 90' lang='lat' dir='ltr'>uno</span> <span class='ocrx_word' id='word_1_86' title='bbox 781 900 827 943; x_wconf 91' lang='lat' dir='ltr'>in</span> <span class='ocrx_word' id='word_1_87' title='bbox 859 899 1296 951; x_wconf 88' lang='lat' dir='ltr'>condemnationem;</span> <span class='ocrx_word' id='word_1_88' title='bbox 1335 901 1394 944; x_wconf 87' lang='lat' dir='ltr'>ita</span> <span class='ocrx_word' id='word_1_89' title='bbox 1424 902 1690 959; x_wconf 77' lang='lat' dir='ltr'>regeneratio</span> <span class='ocrx_word' id='word_1_90' title='bbox 1717 914 1841 960; x_wconf 78' lang='lat' dir='ltr'>gra-¹</span> 
     </span>
     <span class='ocr_line' id='line_1_13' title="bbox 419 969 1849 1031; baseline 0.003 -18"><span class='ocrx_word' id='word_1_91' title='bbox 419 969 523 1013; x_wconf 91' lang='lat' dir='ltr'>tiam</span> <span class='ocrx_word' id='word_1_92' title='bbox 540 985 590 1013; x_wconf 87' lang='lat' dir='ltr'>ex</span> <span class='ocrx_word' id='word_1_93' title='bbox 606 969 757 1014; x_wconf 88' lang='lat' dir='ltr'>multis</span> <span class='ocrx_word' id='word_1_94' title='bbox 779 969 947 1014; x_wconf 91' lang='lat' dir='ltr'>delictis</span> <span class='ocrx_word' id='word_1_95' title='bbox 964 971 1011 1014; x_wconf 92' lang='lat' dir='ltr'>in</span> <span class='ocrx_word' id='word_1_96' title='bbox 1033 971 1401 1030; x_wconf 81' lang='lat' dir='ltr'>justificationem.</span> <span class='ocrx_word' id='word_1_97' title='bbox 1420 971 1595 1016; x_wconf 85' lang='lat' dir='ltr'>Clarum</span> <span class='ocrx_word' id='word_1_98' title='bbox 1615 981 1678 1016; x_wconf 88' lang='lat' dir='ltr'>est</span> <span class='ocrx_word' id='word_1_99' title='bbox 1692 971 1814 1031; x_wconf 86' lang='lat' dir='ltr'>quod</span> <span class='ocrx_word' id='word_1_100' title='bbox 1848 971 1849 975; x_wconf 67' lang='grc'>’</span> 
     </span>
     <span class='ocr_line' id='line_1_14' title="bbox 418 1040 1844 1103; baseline 0.003 -19"><span class='ocrx_word' id='word_1_101' title='bbox 418 1041 558 1085; x_wconf 89' lang='lat' dir='ltr'>voluit</span> <span class='ocrx_word' id='word_1_102' title='bbox 579 1040 766 1100; x_wconf 77' lang='lat' dir='ltr'>intelligi</span> <span class='ocrx_word' id='word_1_103' title='bbox 795 1041 1028 1101; x_wconf 81' lang='lat' dir='ltr'>Apostolus</span> <span class='ocrx_word' id='word_1_104' title='bbox 1051 1061 1059 1087; x_wconf 93' lang='lat'><strong>:</strong></span> <span class='ocrx_word' id='word_1_105' title='bbox 1086 1058 1161 1087; x_wconf 85' lang='lat' dir='ltr'>vos</span> <span class='ocrx_word' id='word_1_106' title='bbox 1178 1043 1211 1087; x_wconf 89' lang='lat' dir='ltr'>si</span> <span class='ocrx_word' id='word_1_107' title='bbox 1229 1042 1424 1087; x_wconf 89' lang='lat' dir='ltr'>subditas</span> <span class='ocrx_word' id='word_1_108' title='bbox 1446 1059 1570 1088; x_wconf 80' lang='lat' dir='ltr'>aures</span> <span class='ocrx_word' id='word_1_109' title='bbox 1595 1044 1809 1103; x_wconf 85' lang='lat' dir='ltr'>aperiatis,</span> <span class='ocrx_word' id='word_1_110' title='bbox 1839 1060 1844 1094; x_wconf 87' lang='grc' dir='ltr'>ι</span> 
     </span>
     <span class='ocr_line' id='line_1_15' title="bbox 417 1095 1881 1157; baseline 0 -1"><span class='ocrx_word' id='word_1_111' title='bbox 417 1114 689 1157; x_wconf 88' lang='lat' dir='ltr'>contentiosa</span> <span class='ocrx_word' id='word_1_112' title='bbox 711 1128 785 1157; x_wconf 86' lang='lat' dir='ltr'>ora</span> <span class='ocrx_word' id='word_1_113' title='bbox 801 1112 1027 1157; x_wconf 85' lang='lat' dir='ltr'>claudetis.</span> <span class='ocrx_word' id='word_1_114' title='bbox 1840 1095 1845 1157; x_wconf 71' lang='lat' dir='ltr'>i</span> <span class='ocrx_word' id='word_1_115' title='bbox 1873 1104 1881 1119; x_wconf 52' lang='lat'><em>³</em></span> 
     </span>
    </p>

    <p class='ocr_par' dir='ltr' id='par_1_4' title="bbox 408 1163 1884 2026">
     <span class='ocr_line' id='line_1_16' title="bbox 475 1163 1846 1248; baseline 0.002 -19"><span class='ocrx_word' id='word_1_116' title='bbox 475 1186 592 1229; x_wconf 87' lang='lat' dir='ltr'><strong>CIX.</strong></span> <span class='ocrx_word' id='word_1_117' title='bbox 617 1187 845 1230; x_wconf 75' lang='lat' dir='ltr'><strong>JULIANUS.</strong></span> <span class='ocrx_word' id='word_1_118' title='bbox 867 1203 886 1226; x_wconf 93' lang='lat'>«</span> <span class='ocrx_word' id='word_1_119' title='bbox 906 1184 1151 1229; x_wconf 85' lang='lat' dir='ltr'>Prudenter</span> <span class='ocrx_word' id='word_1_120' title='bbox 1174 1200 1300 1245; x_wconf 83' lang='lat' dir='ltr'>ergo,</span> <span class='ocrx_word' id='word_1_121' title='bbox 1316 1201 1416 1229; x_wconf 92' lang='lat' dir='ltr'>cum</span> <span class='ocrx_word' id='word_1_122' title='bbox 1428 1185 1483 1230; x_wconf 91' lang='lat' dir='ltr'>de</span> <span class='ocrx_word' id='word_1_123' title='bbox 1495 1185 1636 1231; x_wconf 86' lang='lat' dir='ltr'>Adam</span> <span class='ocrx_word' id='word_1_124' title='bbox 1651 1187 1810 1248; x_wconf 88' lang='lat' dir='ltr'>loque-</span> <span class='ocrx_word' id='word_1_125' title='bbox 1841 1163 1846 1222; x_wconf 64' lang='lat' dir='ltr'>l</span> 
     </span>
     <span class='ocr_line' id='line_1_17' title="bbox 416 1255 1809 1318; baseline 0.004 -20"><span class='ocrx_word' id='word_1_126' title='bbox 416 1263 552 1311; x_wconf 89' lang='lat' dir='ltr'>retur,</span> <span class='ocrx_word' id='word_1_127' title='bbox 581 1255 825 1314; x_wconf 86' lang='lat' dir='ltr'>nominavit</span> <span class='ocrx_word' id='word_1_128' title='bbox 846 1271 987 1300; x_wconf 89' lang='lat' dir='ltr'>unum</span> <span class='ocrx_word' id='word_1_129' title='bbox 1021 1265 1272 1315; x_wconf 87' lang='lat' dir='ltr'>peccatum,</span> <span class='ocrx_word' id='word_1_130' title='bbox 1307 1256 1428 1317; x_wconf 87' lang='lat' dir='ltr'>quod</span> <span class='ocrx_word' id='word_1_131' title='bbox 1462 1257 1600 1303; x_wconf 90' lang='lat' dir='ltr'>voluit</span> <span class='ocrx_word' id='word_1_132' title='bbox 1627 1258 1809 1318; x_wconf 82' lang='lat' dir='ltr'>intelligi</span> 
     </span>
     <span class='ocr_line' id='line_1_18' title="bbox 414 1324 1811 1388; baseline 0.003 -19"><span class='ocrx_word' id='word_1_133' title='bbox 414 1324 599 1370; x_wconf 88' lang='lat' dir='ltr'>formam</span> <span class='ocrx_word' id='word_1_134' title='bbox 619 1326 981 1386; x_wconf 85' lang='lat' dir='ltr'>praevaricationis</span> <span class='ocrx_word' id='word_1_135' title='bbox 1004 1326 1137 1372; x_wconf 86' lang='lat' dir='ltr'>fuisse</span> <span class='ocrx_word' id='word_1_136' title='bbox 1171 1347 1179 1372; x_wconf 90' lang='lat'>:</span> <span class='ocrx_word' id='word_1_137' title='bbox 1212 1327 1333 1384; x_wconf 91' lang='lat' dir='ltr'>ideo,</span> <span class='ocrx_word' id='word_1_138' title='bbox 1366 1329 1561 1388; x_wconf 91' lang='lat' dir='ltr'>inquam,</span> <span class='ocrx_word' id='word_1_139' title='bbox 1595 1345 1734 1373; x_wconf 89' lang='lat' dir='ltr'>unum</span> <span class='ocrx_word' id='word_1_140' title='bbox 1767 1338 1811 1373; x_wconf 88' lang='lat' dir='ltr'>et</span> 
     </span>
     <span class='ocr_line' id='line_1_19' title="bbox 414 1396 1880 1458; baseline 0.003 -17"><span class='ocrx_word' id='word_1_141' title='bbox 414 1412 506 1442; x_wconf 93' lang='lat' dir='ltr'>non</span> <span class='ocrx_word' id='word_1_142' title='bbox 532 1396 672 1441; x_wconf 89' lang='lat' dir='ltr'>multa</span> <span class='ocrx_word' id='word_1_143' title='bbox 704 1398 983 1453; x_wconf 86' lang='lat' dir='ltr'>memoravit,</span> <span class='ocrx_word' id='word_1_144' title='bbox 1014 1398 1116 1458; x_wconf 86' lang='lat' dir='ltr'>quia</span> <span class='ocrx_word' id='word_1_145' title='bbox 1148 1398 1312 1442; x_wconf 82' lang='lat' dir='ltr'>sciebat</span> <span class='ocrx_word' id='word_1_146' title='bbox 1342 1414 1482 1443; x_wconf 91' lang='lat' dir='ltr'>unum</span> <span class='ocrx_word' id='word_1_147' title='bbox 1506 1408 1677 1444; x_wconf 88' lang='lat' dir='ltr'>tantum</span> <span class='ocrx_word' id='word_1_148' title='bbox 1700 1399 1808 1444; x_wconf 83' lang='lat' dir='ltr'>Adae</span> <span class='ocrx_word' id='word_1_149' title='bbox 1847 1426 1851 1441; x_wconf 61' lang='grc' dir='ltr'><strong>ι</strong></span> <span class='ocrx_word' id='word_1_150' title='bbox 1875 1449 1880 1456; x_wconf 49' lang='grc'><strong>,</strong></span> 
     </span>
     <span class='ocr_line' id='line_1_20' title="bbox 413 1443 1884 1569; baseline 0.003 -57"><span class='ocrx_word' id='word_1_151' title='bbox 413 1477 642 1527; x_wconf 86' lang='lat' dir='ltr'>peccatum</span> <span class='ocrx_word' id='word_1_152' title='bbox 660 1469 705 1512; x_wconf 90' lang='lat' dir='ltr'>in</span> <span class='ocrx_word' id='word_1_153' title='bbox 724 1469 832 1527; x_wconf 82' lang='lat' dir='ltr'>legis</span> <span class='ocrx_word' id='word_1_154' title='bbox 854 1469 1032 1513; x_wconf 89' lang='lat' dir='ltr'>historia</span> <span class='ocrx_word' id='word_1_155' title='bbox 1051 1470 1278 1513; x_wconf 84' lang='lat' dir='ltr'>contineri.</span> <span class='ocrx_word' id='word_1_156' title='bbox 1301 1470 1494 1515; x_wconf 83' lang='lat' dir='ltr'>Gratiam</span> <span class='ocrx_word' id='word_1_157' title='bbox 1512 1486 1616 1515; x_wconf 87' lang='lat' dir='ltr'>vero</span> <span class='ocrx_word' id='word_1_158' title='bbox 1634 1486 1684 1515; x_wconf 82' lang='lat' dir='ltr'>ex</span> <span class='ocrx_word' id='word_1_159' title='bbox 1698 1470 1807 1515; x_wconf 91' lang='lat' dir='ltr'>mul·</span> <span class='ocrx_word' id='word_1_160' title='bbox 1847 1443 1853 1569; x_wconf 54' lang='lat' dir='ltr'><strong>g</strong></span> <span class='ocrx_word' id='word_1_161' title='bbox 1874 1455 1884 1547; x_wconf 42' lang='grc' dir='ltr'>[Ἰ</span> 
     </span>
     <span class='ocr_line' id='line_1_21' title="bbox 414 1538 1880 1598; baseline 0.003 -16"><span class='ocrx_word' id='word_1_162' title='bbox 414 1539 466 1582; x_wconf 89' lang='lat' dir='ltr'>tis</span> <span class='ocrx_word' id='word_1_163' title='bbox 485 1538 651 1583; x_wconf 88' lang='lat' dir='ltr'>delictis</span> <span class='ocrx_word' id='word_1_164' title='bbox 674 1539 720 1582; x_wconf 92' lang='lat' dir='ltr'>in</span> <span class='ocrx_word' id='word_1_165' title='bbox 738 1540 1115 1598; x_wconf 86' lang='lat' dir='ltr'>justificationem,</span> <span class='ocrx_word' id='word_1_166' title='bbox 1141 1541 1332 1585; x_wconf 87' lang='lat' dir='ltr'>imbutos</span> <span class='ocrx_word' id='word_1_167' title='bbox 1361 1557 1384 1586; x_wconf 90' lang='lat' dir='ltr'>a</span> <span class='ocrx_word' id='word_1_168' title='bbox 1408 1557 1451 1585; x_wconf 91' lang='lat' dir='ltr'>se</span> <span class='ocrx_word' id='word_1_169' title='bbox 1468 1541 1662 1587; x_wconf 85' lang='lat' dir='ltr'>laudavit</span> <span class='ocrx_word' id='word_1_170' title='bbox 1677 1542 1806 1587; x_wconf 88' lang='lat' dir='ltr'>emit·</span> <span class='ocrx_word' id='word_1_171' title='bbox 1838 1552 1840 1554; x_wconf 79' lang='grc'>’</span> <span class='ocrx_word' id='word_1_172' title='bbox 1875 1540 1880 1549; x_wconf 74' lang='grc'><strong>’</strong></span> 
     </span>
     <span class='ocr_line' id='line_1_22' title="bbox 412 1610 1806 1671; baseline 0.004 -18"><span class='ocrx_word' id='word_1_173' title='bbox 412 1619 519 1666; x_wconf 84' lang='lat' dir='ltr'>tere,</span> <span class='ocrx_word' id='word_1_174' title='bbox 538 1626 593 1654; x_wconf 91' lang='lat' dir='ltr'>ne</span> <span class='ocrx_word' id='word_1_175' title='bbox 607 1610 809 1655; x_wconf 88' lang='lat' dir='ltr'>beneficii</span> <span class='ocrx_word' id='word_1_176' title='bbox 828 1611 1028 1671; x_wconf 90' lang='lat' dir='ltr'>pauperis</span> <span class='ocrx_word' id='word_1_177' title='bbox 1052 1613 1239 1671; x_wconf 86' lang='lat' dir='ltr'>suspicio</span> <span class='ocrx_word' id='word_1_178' title='bbox 1262 1623 1511 1658; x_wconf 82' lang='lat' dir='ltr'>nasceretur</span> <span class='ocrx_word' id='word_1_179' title='bbox 1530 1633 1539 1659; x_wconf 73' lang='grc' dir='ltr'>ε</span> <span class='ocrx_word' id='word_1_180' title='bbox 1558 1623 1601 1658; x_wconf 88' lang='lat' dir='ltr'>et</span> <span class='ocrx_word' id='word_1_181' title='bbox 1618 1615 1651 1659; x_wconf 88' lang='lat' dir='ltr'>si</span> <span class='ocrx_word' id='word_1_182' title='bbox 1674 1614 1806 1659; x_wconf 84' lang='lat' dir='ltr'>dixis-</span> 
     </span>
     <span class='ocr_line' id='line_1_23' title="bbox 409 1682 1804 1743; baseline 0.004 -17"><span class='ocrx_word' id='word_1_183' title='bbox 409 1692 495 1736; x_wconf 86' lang='lat' dir='ltr'>set,</span> <span class='ocrx_word' id='word_1_184' title='bbox 535 1682 681 1727; x_wconf 84' lang='lat' dir='ltr'>Gratia</span> <span class='ocrx_word' id='word_1_185' title='bbox 715 1698 768 1726; x_wconf 81' lang='lat' dir='ltr'>ex</span> <span class='ocrx_word' id='word_1_186' title='bbox 797 1699 886 1728; x_wconf 91' lang='lat' dir='ltr'>uno</span> <span class='ocrx_word' id='word_1_187' title='bbox 920 1684 964 1727; x_wconf 93' lang='lat' dir='ltr'>in</span> <span class='ocrx_word' id='word_1_188' title='bbox 989 1684 1376 1743; x_wconf 71' lang='lat' dir='ltr'>justificationem,</span> <span class='ocrx_word' id='word_1_189' title='bbox 1418 1701 1507 1730; x_wconf 90' lang='lat' dir='ltr'>non</span> <span class='ocrx_word' id='word_1_190' title='bbox 1535 1695 1622 1731; x_wconf 87' lang='lat' dir='ltr'>tam</span> <span class='ocrx_word' id='word_1_191' title='bbox 1659 1688 1804 1731; x_wconf 89' lang='lat' dir='ltr'>omnia</span> 
     </span>
     <span class='ocr_line' id='line_1_24' title="bbox 409 1752 1805 1816; baseline 0.004 -20"><span class='ocrx_word' id='word_1_192' title='bbox 409 1752 631 1797; x_wconf 87' lang='lat' dir='ltr'>videretur</span> <span class='ocrx_word' id='word_1_193' title='bbox 659 1753 855 1808; x_wconf 86' lang='lat' dir='ltr'>abolere,</span> <span class='ocrx_word' id='word_1_194' title='bbox 892 1770 1024 1814; x_wconf 85' lang='lat' dir='ltr'>quam</span> <span class='ocrx_word' id='word_1_195' title='bbox 1059 1755 1241 1813; x_wconf 83' lang='lat' dir='ltr'>singula.</span> <span class='ocrx_word' id='word_1_196' title='bbox 1285 1755 1415 1809; x_wconf 88' lang='lat' dir='ltr'>Quod</span> <span class='ocrx_word' id='word_1_197' title='bbox 1461 1772 1564 1816; x_wconf 84' lang='lat' dir='ltr'>ergo</span> <span class='ocrx_word' id='word_1_198' title='bbox 1599 1758 1805 1816; x_wconf 86' lang='lat' dir='ltr'>praemisit</span> 
     </span>
     <span class='ocr_line' id='line_1_25' title="bbox 410 1819 1855 1887; baseline 0.004 -20"><span class='ocrx_word' id='word_1_199' title='bbox 410 1838 548 1867; x_wconf 91' lang='lat' dir='ltr'>unum</span> <span class='ocrx_word' id='word_1_200' title='bbox 566 1834 813 1883; x_wconf 89' lang='lat' dir='ltr'>peccatum,</span> <span class='ocrx_word' id='word_1_201' title='bbox 840 1824 969 1868; x_wconf 83' lang='lat' dir='ltr'>fidem</span> <span class='ocrx_word' id='word_1_202' title='bbox 992 1827 1178 1870; x_wconf 88' lang='lat' dir='ltr'>servavit</span> <span class='ocrx_word' id='word_1_203' title='bbox 1206 1826 1394 1870; x_wconf 81' lang='lat' dir='ltr'>historiae</span> <span class='ocrx_word' id='word_1_204' title='bbox 1416 1847 1424 1872; x_wconf 92' lang='lat'>:</span> <span class='ocrx_word' id='word_1_205' title='bbox 1444 1827 1564 1887; x_wconf 89' lang='lat' dir='ltr'>quod</span> <span class='ocrx_word' id='word_1_206' title='bbox 1586 1827 1798 1884; x_wconf 76' lang='lat' dir='ltr'>subdidit,</span> <span class='ocrx_word' id='word_1_207' title='bbox 1852 1819 1855 1823; x_wconf 50' lang='grc'>’</span> 
     </span>
     <span class='ocr_line' id='line_1_26' title="bbox 408 1893 1801 1957; baseline 0.004 -20"><span class='ocrx_word' id='word_1_208' title='bbox 408 1909 459 1937; x_wconf 82' lang='lat' dir='ltr'>ex</span> <span class='ocrx_word' id='word_1_209' title='bbox 486 1893 633 1939; x_wconf 85' lang='lat' dir='ltr'>multis</span> <span class='ocrx_word' id='word_1_210' title='bbox 665 1896 801 1953; x_wconf 81' lang='lat' dir='ltr'>gratia</span> <span class='ocrx_word' id='word_1_211' title='bbox 830 1895 876 1940; x_wconf 89' lang='lat' dir='ltr'>in</span> <span class='ocrx_word' id='word_1_212' title='bbox 901 1896 1282 1956; x_wconf 85' lang='lat' dir='ltr'>justificationem,</span> <span class='ocrx_word' id='word_1_213' title='bbox 1310 1898 1652 1943; x_wconf 87' lang='lat' dir='ltr'>munificentiam</span> <span class='ocrx_word' id='word_1_214' title='bbox 1680 1914 1801 1957; x_wconf 85' lang='lat' dir='ltr'>mys-</span> 
     </span>
     <span class='ocr_line' id='line_1_27' title="bbox 408 1963 1177 2026; baseline 0 -19"><span class='ocrx_word' id='word_1_215' title='bbox 408 1963 504 2008; x_wconf 87' lang='lat' dir='ltr'>terii</span> <span class='ocrx_word' id='word_1_216' title='bbox 521 1965 846 2010; x_wconf 85' lang='lat' dir='ltr'>commendavit</span> <span class='ocrx_word' id='word_1_217' title='bbox 867 1974 912 2010; x_wconf 88' lang='lat' dir='ltr'>et</span> <span class='ocrx_word' id='word_1_218' title='bbox 932 1967 1117 2026; x_wconf 89' lang='lat' dir='ltr'>copiam.</span> <span class='ocrx_word' id='word_1_219' title='bbox 1157 1985 1177 2008; x_wconf 87' lang='lat'>»</span> 
     </span>
    </p>

    <p class='ocr_par' dir='ltr' id='par_1_5' title="bbox 407 2035 1859 2185">
     <span class='ocr_line' id='line_1_28' title="bbox 467 2035 1802 2097; baseline 0.004 -18"><span class='ocrx_word' id='word_1_220' title='bbox 467 2037 761 2080; x_wconf 55' lang='lat' dir='ltr'>Acatsaems.</span> <span class='ocrx_word' id='word_1_221' title='bbox 788 2035 905 2089; x_wconf 88' lang='lat' dir='ltr'>Quid</span> <span class='ocrx_word' id='word_1_222' title='bbox 936 2045 1081 2081; x_wconf 89' lang='lat' dir='ltr'>autem</span> <span class='ocrx_word' id='word_1_223' title='bbox 1111 2052 1219 2097; x_wconf 90' lang='lat' dir='ltr'>opus</span> <span class='ocrx_word' id='word_1_224' title='bbox 1253 2048 1360 2093; x_wconf 88' lang='lat' dir='ltr'>erat,</span> <span class='ocrx_word' id='word_1_225' title='bbox 1402 2048 1452 2084; x_wconf 91' lang='lat' dir='ltr'>ut</span> <span class='ocrx_word' id='word_1_226' title='bbox 1480 2038 1536 2084; x_wconf 89' lang='lat' dir='ltr'>de</span> <span class='ocrx_word' id='word_1_227' title='bbox 1570 2039 1709 2085; x_wconf 90' lang='lat' dir='ltr'>Adam</span> <span class='ocrx_word' id='word_1_228' title='bbox 1735 2039 1802 2085; x_wconf 92' lang='lat' dir='ltr'>lo-</span> 
     </span>
     <span class='ocr_line' id='line_1_29' title="bbox 407 2107 1859 2185; baseline 0.005 -36"><span class='ocrx_word' id='word_1_229' title='bbox 407 2115 637 2165; x_wconf 89' lang='lat' dir='ltr'>queretur,</span> <span class='ocrx_word' id='word_1_230' title='bbox 670 2122 771 2151; x_wconf 90' lang='lat' dir='ltr'>cum</span> <span class='ocrx_word' id='word_1_231' title='bbox 799 2107 960 2152; x_wconf 85' lang='lat' dir='ltr'>Christi</span> <span class='ocrx_word' id='word_1_232' title='bbox 997 2109 1178 2167; x_wconf 82' lang='lat' dir='ltr'>gratiam</span> <span class='ocrx_word' id='word_1_233' title='bbox 1206 2110 1555 2168; x_wconf 74' lang='lat' dir='ltr'>commendaret,</span> <span class='ocrx_word' id='word_1_234' title='bbox 1594 2112 1674 2155; x_wconf 90' lang='lat' dir='ltr'>nisi</span> <span class='ocrx_word' id='word_1_235' title='bbox 1697 2112 1798 2173; x_wconf 89' lang='lat' dir='ltr'>quia</span> <span class='ocrx_word' id='word_1_236' title='bbox 1856 2159 1859 2185; x_wconf 34' lang='grc' dir='ltr'>ἦ</span> 
     </span>
    </p>
   </div>
   <div class='ocr_carea' id='block_1_4' title="bbox 406 2176 1859 2299">
    <p class='ocr_par' dir='ltr' id='par_1_6' title="bbox 406 2176 1860 2299">
     <span class='ocr_line' id='line_1_30' title="bbox 406 2176 1859 2239; baseline 0.006 -20"><span class='ocrx_word' id='word_1_237' title='bbox 406 2191 483 2235; x_wconf 88' lang='lat' dir='ltr'>per</span> <span class='ocrx_word' id='word_1_238' title='bbox 503 2176 629 2221; x_wconf 87' lang='lat' dir='ltr'>illum</span> <span class='ocrx_word' id='word_1_239' title='bbox 648 2179 886 2236; x_wconf 82' lang='lat' dir='ltr'>generatio,</span> <span class='ocrx_word' id='word_1_240' title='bbox 912 2194 988 2238; x_wconf 92' lang='lat' dir='ltr'>per</span> <span class='ocrx_word' id='word_1_241' title='bbox 1010 2180 1142 2224; x_wconf 86' lang='lat' dir='ltr'>istum</span> <span class='ocrx_word' id='word_1_242' title='bbox 1166 2182 1434 2239; x_wconf 84' lang='lat' dir='ltr'>regeneratio</span> <span class='ocrx_word' id='word_1_243' title='bbox 1451 2184 1541 2226; x_wconf 78' lang='lat' dir='ltr'>est?</span> <span class='ocrx_word' id='word_1_244' title='bbox 1857 2225 1859 2232; x_wconf 71' lang='grc'>,</span> 
     </span>
     <span class='ocr_line' id='line_1_31' title="bbox 467 2237 1794 2299; baseline 0.005 -18"><span class='ocrx_word' id='word_1_245' title='bbox 467 2237 561 2281; x_wconf 82' lang='lat' dir='ltr'>CX.</span> <span class='ocrx_word' id='word_1_246' title='bbox 585 2239 814 2283; x_wconf 71' lang='lat' dir='ltr'>JULlANIJs.</span> <span class='ocrx_word' id='word_1_247' title='bbox 846 2256 865 2279; x_wconf 90' lang='lat'>«</span> <span class='ocrx_word' id='word_1_248' title='bbox 891 2240 1000 2291; x_wconf 88' lang='lat' dir='ltr'>Quae</span> <span class='ocrx_word' id='word_1_249' title='bbox 1032 2240 1265 2299; x_wconf 84' lang='lat' dir='ltr'>expositio,</span> <span class='ocrx_word' id='word_1_250' title='bbox 1305 2251 1354 2285; x_wconf 83' lang='lat' dir='ltr'>ut</span> <span class='ocrx_word' id='word_1_251' title='bbox 1386 2241 1542 2286; x_wconf 86' lang='lat' dir='ltr'>rationi</span> <span class='ocrx_word' id='word_1_252' title='bbox 1578 2243 1794 2298; x_wconf 89' lang='lat' dir='ltr'>concinit,</span> 
     </span>
    </p>
   </div>
   <div class='ocr_carea' id='block_1_5' title="bbox 402 2305 1861 2583">
    <p class='ocr_par' dir='ltr' id='par_1_7' title="bbox 402 2305 1861 2583">
     <span class='ocr_line' id='line_1_32' title="bbox 406 2305 1861 2371; baseline 0.006 -22"><span class='ocrx_word' id='word_1_253' title='bbox 406 2305 465 2350; x_wconf 85' lang='lat' dir='ltr'>ita</span> <span class='ocrx_word' id='word_1_254' title='bbox 498 2321 573 2350; x_wconf 90' lang='lat' dir='ltr'>vos</span> <span class='ocrx_word' id='word_1_255' title='bbox 596 2306 779 2352; x_wconf 85' lang='lat' dir='ltr'>destruit</span> <span class='ocrx_word' id='word_1_256' title='bbox 800 2327 809 2352; x_wconf 72' lang='grc' dir='ltr'>ε</span> <span class='ocrx_word' id='word_1_257' title='bbox 835 2309 918 2352; x_wconf 91' lang='lat' dir='ltr'>hoc</span> <span class='ocrx_word' id='word_1_258' title='bbox 953 2310 1068 2353; x_wconf 87' lang='lat' dir='ltr'>enim</span> <span class='ocrx_word' id='word_1_259' title='bbox 1083 2311 1177 2369; x_wconf 91' lang='lat' dir='ltr'>ipso</span> <span class='ocrx_word' id='word_1_260' title='bbox 1202 2312 1400 2356; x_wconf 85' lang='lat' dir='ltr'>confiteri</span> <span class='ocrx_word' id='word_1_261' title='bbox 1422 2312 1499 2356; x_wconf 92' lang='lat' dir='ltr'>tibi</span> <span class='ocrx_word' id='word_1_262' title='bbox 1522 2328 1694 2358; x_wconf 89' lang='lat' dir='ltr'>necesse</span> <span class='ocrx_word' id='word_1_263' title='bbox 1714 2323 1793 2368; x_wconf 88' lang='lat' dir='ltr'>est,</span> <span class='ocrx_word' id='word_1_264' title='bbox 1856 2310 1861 2371; x_wconf 62' lang='grc' dir='ltr'>ξ</span> 
     </span>
     <span class='ocr_line' id='line_1_33' title="bbox 404 2375 1861 2443; baseline 0.008 -24"><span class='ocrx_word' id='word_1_265' title='bbox 404 2375 449 2418; x_wconf 91' lang='lat' dir='ltr'>in</span> <span class='ocrx_word' id='word_1_266' title='bbox 483 2376 688 2421; x_wconf 91' lang='lat' dir='ltr'>omnibus</span> <span class='ocrx_word' id='word_1_267' title='bbox 725 2379 1020 2437; x_wconf 86' lang='lat' dir='ltr'>superioribus</span> <span class='ocrx_word' id='word_1_268' title='bbox 1051 2380 1194 2424; x_wconf 88' lang='lat' dir='ltr'>verbis</span> <span class='ocrx_word' id='word_1_269' title='bbox 1235 2381 1494 2439; x_wconf 86' lang='lat' dir='ltr'>Apostolum</span> <span class='ocrx_word' id='word_1_270' title='bbox 1532 2382 1587 2428; x_wconf 90' lang='lat' dir='ltr'>de</span> <span class='ocrx_word' id='word_1_271' title='bbox 1617 2393 1797 2443; x_wconf 82' lang='lat' dir='ltr'>peccato</span> <span class='ocrx_word' id='word_1_272' title='bbox 1857 2379 1861 2414; x_wconf 65' lang='lat'>³</span> 
     </span>
     <span class='ocr_line' id='line_1_34' title="bbox 403 2447 1796 2512; baseline 0.008 -21"><span class='ocrx_word' id='word_1_273' title='bbox 403 2447 658 2492; x_wconf 84' lang='lat' dir='ltr'>Manichaeae</span> <span class='ocrx_word' id='word_1_274' title='bbox 681 2448 872 2494; x_wconf 83' lang='lat' dir='ltr'>traducis</span> <span class='ocrx_word' id='word_1_275' title='bbox 895 2466 983 2494; x_wconf 93' lang='lat' dir='ltr'>non</span> <span class='ocrx_word' id='word_1_276' title='bbox 1009 2450 1206 2495; x_wconf 89' lang='lat' dir='ltr'>locutum</span> <span class='ocrx_word' id='word_1_277' title='bbox 1224 2486 1235 2506; x_wconf 93' lang='lat'>,</span> <span class='ocrx_word' id='word_1_278' title='bbox 1262 2454 1440 2512; x_wconf 87' lang='lat' dir='ltr'>quando</span> <span class='ocrx_word' id='word_1_279' title='bbox 1461 2454 1506 2497; x_wconf 90' lang='lat' dir='ltr'>in</span> <span class='ocrx_word' id='word_1_280' title='bbox 1528 2470 1796 2502; x_wconf 88' lang='lat' dir='ltr'>commemo-</span> 
     </span>
     <span class='ocr_line' id='line_1_35' title="bbox 402 2519 1568 2583; baseline 0.007 -21"><span class='ocrx_word' id='word_1_281' title='bbox 402 2519 569 2563; x_wconf 86' lang='lat' dir='ltr'>ratione</span> <span class='ocrx_word' id='word_1_282' title='bbox 590 2521 737 2579; x_wconf 82' lang='lat' dir='ltr'>gratiae</span> <span class='ocrx_word' id='word_1_283' title='bbox 757 2520 894 2566; x_wconf 81' lang='lat' dir='ltr'>multa</span> <span class='ocrx_word' id='word_1_284' title='bbox 916 2521 1078 2568; x_wconf 85' lang='lat' dir='ltr'>absolvi</span> <span class='ocrx_word' id='word_1_285' title='bbox 1097 2532 1272 2583; x_wconf 79' lang='lat' dir='ltr'>peccata</span> <span class='ocrx_word' id='word_1_286' title='bbox 1298 2526 1568 2570; x_wconf 82' lang='lat' dir='ltr'>monstravit.</span> 
     </span>
    </p>
   </div>
   <div class='ocr_carea' id='block_1_6' title="bbox 1836 549 1883 3285">
    <p class='ocr_par' dir='ltr' id='par_1_8' title="bbox 1836 549 1883 3285">
     <span class='ocr_line' id='line_1_36' title="bbox 1836 549 1867 808; baseline 0 -157"><span class='ocrx_word' id='word_1_287' title='bbox 1836 549 1867 808; x_wconf 95' lang='lat' dir='ltr'>        </span> 
     </span>
     <span class='ocr_line' id='line_1_37' title="bbox 1844 808 1865 979; baseline 0 0"><span class='ocrx_word' id='word_1_288' title='bbox 1844 808 1865 979; x_wconf 95' lang='lat' dir='ltr'>   </span> 
     </span>
     <span class='ocr_line' id='line_1_38' title="bbox 1839 979 1871 1407; baseline 0 -104"><span class='ocrx_word' id='word_1_289' title='bbox 1839 979 1871 1407; x_wconf 95' lang='lat' dir='ltr'>  </span> 
     </span>
     <span class='ocr_line' id='line_1_39' title="bbox 1842 1551 1883 3285; baseline 0 0"><span class='ocrx_word' id='word_1_290' title='bbox 1842 1551 1883 3285; x_wconf 95' lang='lat' dir='ltr'>  </span> 
     </span>
    </p>
   </div>
   <div class='ocr_carea' id='block_1_7' title="bbox 1830 435 1837 574">
    <p class='ocr_par' dir='ltr' id='par_1_9' title="bbox 1830 435 1837 574">
     <span class='ocr_line' id='line_1_40' title="bbox 1830 435 1837 574; baseline 0 2711"><span class='ocrx_word' id='word_1_291' title='bbox 1830 435 1837 574; x_wconf 95' lang='lat' dir='ltr'> </span> 
     </span>
    </p>
   </div>
   <div class='ocr_carea' id='block_1_8' title="bbox 1832 577 1838 696">
    <p class='ocr_par' dir='ltr' id='par_1_10' title="bbox 1832 577 1838 696">
     <span class='ocr_line' id='line_1_41' title="bbox 1832 577 1838 696; baseline 0 2589"><span class='ocrx_word' id='word_1_292' title='bbox 1832 577 1838 696; x_wconf 95' lang='lat' dir='ltr'> </span> 
     </span>
    </p>
   </div>
   <div class='ocr_carea' id='block_1_9' title="bbox 1836 794 1843 911">
    <p class='ocr_par' dir='ltr' id='par_1_11' title="bbox 1836 794 1843 911">
     <span class='ocr_line' id='line_1_42' title="bbox 1836 794 1843 911; baseline 0 2374"><span class='ocrx_word' id='word_1_293' title='bbox 1836 794 1843 911; x_wconf 95' lang='lat' dir='ltr'> </span> 
     </span>
    </p>
   </div>
   <div class='ocr_carea' id='block_1_10' title="bbox 448 2606 692 2645">
    <p class='ocr_par' dir='ltr' id='par_1_12' title="bbox 448 2606 692 2645">
     <span class='ocr_line' id='line_1_43' title="bbox 448 2606 692 2645; baseline -0.004 -9"><span class='ocrx_word' id='word_1_294' title='bbox 448 2610 454 2626; x_wconf 89' lang='lat'>¹</span> <span class='ocrx_word' id='word_1_295' title='bbox 479 2606 570 2636; x_wconf 84' lang='lat' dir='ltr'>Rom.</span> <span class='ocrx_word' id='word_1_296' title='bbox 590 2615 620 2645; x_wconf 90' lang='lat' dir='ltr'>v,</span> <span class='ocrx_word' id='word_1_297' title='bbox 643 2616 692 2638; x_wconf 85' lang='lat'>10.</span> 
     </span>
    </p>
   </div>
  </div>
 </body>
</html>
