1884 3285
429 220 508 256 180
854 229 885 254 s.
924 225 1153 256 Ausus'rlm
1187 229 1365 256 EPlscoPl

422 307 522 336 sane
549 293 869 350 praeteriturum
898 307 967 336 me
987 327 997 347 ,
1021 309 1119 352 quae
1140 302 1183 338 et
1214 308 1290 352 pro
1312 292 1513 352 dogmate
1546 293 1662 339 illius
1691 296 1801 342 nihil

422 361 581 405 habere
617 360 819 420 ponderis
845 363 1097 421 apparebat,
1120 372 1162 407 et
1190 378 1258 407 me
1283 372 1457 422 possent
1480 378 1657 422 arguere
1684 365 1801 410 mul-

423 430 608 490 tiloquii,
625 432 661 475 si
679 431 856 476 fuissem
873 432 1085 477 imbecilla
1109 448 1298 493 quaeque
1316 443 1358 477 et
1374 434 1517 478 inania
1534 445 1798 494 persecutus,

421 505 697 562 Quanquam,
723 503 759 547 si
778 504 890 548 hanc
909 492 1120 563 regulam,
1147 514 1196 549 ut
1217 503 1379 559 decuit,
1406 520 1574 550 servare
1596 506 1800 563 licuisset,

421 572 467 616 id
490 581 578 628 est,
600 582 651 617 ut
671 589 751 618 nec
780 575 1151 634 oppugnationem
1176 590 1225 619 ex
1249 574 1514 633 professione
1536 576 1681 635 inepta
1710 591 1803 621 me·-

422 654 621 688 rerentur
640 680 651 700 ,
671 660 782 704 pene
807 645 953 690 omnia
979 646 1070 705 ejus
1092 647 1267 691 inventa
1291 646 1466 706 publico
1487 646 1659 692 fuerant
1683 663 1803 708 sper—

422 715 565 759 nanda
592 715 777 760 silentio.
813 716 897 760 Sed
925 717 1130 776 quoniam
1150 753 1161 771 ,
1188 719 1316 762 rebus
1345 718 1390 761 in
1420 720 1611 778 pejorem
1639 728 1803 778 partem

420 787 771 845 properantibus,
788 785 927 846 (quod
944 787 1097 832 mundi
1112 790 1188 832 fini
1205 805 1282 834 suo
1293 789 1585 834 incumbentis
1596 789 1803 834 indicium

422 866 501 912 est,
524 862 537 912 )
559 858 603 901 in
633 858 823 903 Ecclesia
843 874 1020 919 quoque
1044 860 1118 903 Dei
1139 859 1296 919 adepta
1318 869 1381 903 est
1401 859 1583 904 stultitia
1605 869 1647 904 et
1670 861 1805 919 turpi-

423 927 529 972 tudo
547 929 821 974 dominatum
843 949 851 974 2
877 945 956 989 pro
978 931 1149 975 Christo
1170 931 1385 990 legatione
1403 930 1643 990 fungimur,
1669 941 1711 975 et
1728 946 1806 991 pro

422 997 535 1043 virili
558 1000 757 1058 portione
779 1009 991 1060 quantum
1016 999 1209 1045 valemus
1229 1003 1321 1060 opis
1342 1002 1397 1045 ad
1420 1000 1716 1045 defensionem
1735 1017 1808 1046 ca-
1854 1026 1879 1064 3‘,

423 1068 595 1113 tholicae
623 1069 840 1128 religionis
870 1071 1090 1114 afferimus
1117 1090 1125 1115 :
1160 1086 1239 1114 nec
1270 1072 1389 1129 piget
1416 1070 1621 1115 mandare
1653 1070 1806 1116 litteris

420 1139 610 1184 remedia
627 1175 638 1194 ,
659 1156 758 1200 quae
779 1151 930 1185 contra
946 1156 1140 1185 errorum
1163 1155 1330 1185 venena
1354 1141 1654 1186 conficimus.»

477 1212 770 1255 Avensrnws.
810 1209 1001 1255 Stultitia
1037 1220 1080 1255 et
1113 1210 1341 1270 turpitudo
1369 1227 1444 1256 vos
1483 1212 1653 1272 peperit
1689 1231 1697 1257 :
1732 1211 1807 1257 sed

418 1280 453 1323 si
488 1280 534 1323 in
562 1280 752 1325 Ecclesia
788 1281 1060 1325 dominatum
1095 1280 1250 1339 adepta
1279 1290 1387 1326 esset
1413 1317 1422 1337 ,
1458 1282 1519 1326 ibi
1550 1298 1625 1327 vos
1656 1283 1807 1342 utique
1855 1274 1865 1322 ἶ

417 1351 638 1395 tenuisset.

476 1422 601 1465 XIII.
628 1424 854 1466 Jummus.
885 1442 904 1463 «
941 1425 1137 1466 Testatus
1166 1424 1318 1482 utique
1341 1457 1351 1477 ,
1390 1432 1439 1467 ut
1474 1424 1590 1478 dixi,
1611 1424 1802 1480 fueram,

417 1505 499 1536 nec
532 1501 681 1537 contra
713 1508 864 1537 omnes
906 1508 974 1537 me
1011 1494 1170 1552 species
1207 1492 1497 1538 defendendae
1531 1494 1723 1539 traducis
1761 1495 1806 1539 in

417 1561 557 1620 primo
585 1563 869 1608 disserturum
897 1579 1028 1623 opere
1044 1599 1054 1619 ,
1082 1579 1161 1609 nec
1185 1574 1342 1608 cuncta
1358 1599 1368 1619 ,
1388 1581 1487 1624 quae
1507 1564 1579 1609 ille
1599 1564 1712 1609 liber
1739 1574 1806 1610 te-

417 1635 565 1691 nebat,
584 1635 892 1695 replicaturum
911 1651 919 1677 :
941 1635 1015 1680 sed
1029 1652 1129 1681 cum
1149 1637 1214 1681 his
1236 1637 1563 1692 conflicturum,
1579 1638 1624 1682 in
1644 1637 1806 1698 quibus

417 1720 631 1750 summam
662 1716 704 1751 et
729 1708 816 1751 vim
839 1707 905 1751 sui
928 1707 1140 1764 dogmatis
1161 1707 1426 1751 collocasset.
1456 1710 1549 1752 Hoc
1571 1717 1715 1752 autem
1738 1723 1807 1752 me

417 1778 698 1836 spopondisse
719 1778 906 1822 fideliter
918 1813 928 1832 ,
947 1778 1216 1837 quicumque
1234 1777 1301 1822 vel
1322 1777 1527 1838 obliquus
1545 1779 1614 1833 sit,
1634 1788 1805 1823 tantum

417 1847 602 1907 diligens
636 1850 863 1911 utriusque
900 1850 1040 1908 operis
1072 1849 1225 1904 lector,
1267 1858 1483 1907 agnoscet.
1521 1853 1615 1908 Ego
1659 1859 1803 1894 autem
1858 1850 1860 1858 “

416 1920 694 1964 conscientiae
725 1922 951 1965 honestate
982 1935 1158 1965 securus
1184 1920 1411 1964 inimicum
1435 1930 1634 1977 nostrum
1663 1930 1706 1964 et
1735 1920 1806 1964 ad·
1858 1958 1868 1972 ,

417 1990 594 2046 hortor,
622 2000 665 2035 et
690 1991 894 2045 stimulo,
927 2000 976 2034 ut
1010 1992 1043 2034 si
1077 1990 1255 2050 aliquod
1276 2006 1298 2034 a
1331 2006 1374 2034 se
1403 1990 1648 2050 prolatum,
1681 2006 1704 2034 a
1738 2005 1805 2034 me
1858 2025 1862 2040 .

417 2061 754 2118 praetermissum
788 2062 972 2105 aestimat
1014 2070 1354 2120 argumentum,
1402 2062 1522 2120 quod
1564 2061 1805 2121 cujuspiam
1858 2063 1868 2114 ἲ

417 2132 628 2175 momenti
649 2131 718 2176 vel
740 2132 827 2191 ipse
839 2132 1005 2191 judicet
1024 2166 1034 2187 ,
1060 2131 1106 2174 in
1124 2131 1316 2175 medium
1341 2129 1533 2190 proferat
1550 2166 1561 2187 ,
1588 2140 1630 2175 et
1651 2146 1718 2175 me
1747 2131 1804 2175 ti-
1858 2174 1863 2192 Ι,

416 2202 547 2246 moris
563 2201 742 2261 dolique
760 2201 1032 2246 convincat.»

475 2275 768 2317 Auevsnmfs.
804 2275 902 2318 Non
933 2272 1062 2317 credo
1090 2271 1211 2332 quod
1244 2287 1292 2316 ea
1325 2288 1424 2331 quae
1461 2273 1799 2332 praetermisisti,
1858 2279 1863 2315 ἶ

416 2341 579 2386 nullius
615 2344 826 2387 momenti
854 2357 944 2386 esse
977 2343 1196 2401 putaveris
1231 2361 1239 2387 z
1281 2343 1478 2401 quamvis
1512 2351 1555 2386 et
1586 2343 1619 2386 si
1644 2343 1726 2387 hoc
1760 2351 1802 2386 te
1859 2354 1863 2374 ³

416 2422 588 2471 putasse
621 2414 859 2458 concedam
895 2435 906 2471 3
937 2429 1026 2458 non
1060 2423 1205 2458 tamen
1243 2414 1300 2457 ita
1342 2429 1431 2458 esse
1453 2449 1463 2469 ,
1495 2413 1733 2459 catholicus
1760 2422 1803 2458 et
1860 2461 1862 2467 ,

414 2483 678 2544 intelligens,
690 2485 722 2528 si
737 2493 779 2529 et
795 2499 933 2528 unum
951 2483 1075 2530 illum
1090 2499 1236 2528 meum
1256 2492 1298 2528 et
1316 2493 1413 2529 tuos
1426 2494 1615 2544 quatuor
1634 2485 1801 2530 habue-
1860 2499 1863 2517 ³

414 2554 485 2609 rit,
500 2554 857 2616 diligentiamque
875 2553 1140 2610 adhibuerit,
1165 2554 1302 2600 lector
1323 2554 1528 2600 inveniet.
