1821 3264
254 272 398 300 omnus
430 273 606 301 nui-nar.
640 273 804 303 cou‘rnA
834 274 1003 304 suum.
1040 278 1122 305 Lm.
1159 279 1207 304 11.
1345 264 1426 304 427

48 337 125 397 qui
159 337 369 394 mortuis,
404 352 459 381 ne
489 338 759 384 vivificentur
776 376 786 395 ,
824 341 982 386 Christi
1023 350 1204 387 mortem
1246 344 1425 402 negatis.

47 407 157 461 Quia
178 422 266 452 non
284 407 359 462 eis,
378 407 490 452 sicut
509 409 684 467 putatis,
713 420 937 468 peccatum
959 411 1090 455 debet
1112 414 1242 456 unius
1263 421 1305 456 et
1327 412 1430 457 olim

47 476 245 522 defuncti
267 477 454 522 hominis
482 478 702 536 imputari.
729 482 816 525 Nec
838 480 1059 525 attenditis
1079 484 1110 536 ¹,
1136 482 1324 540 primum
1349 483 1430 526 ho·

49 547 211 591 minem
228 547 367 592 Adam
397 549 455 592 sic
485 548 587 591 olim
610 548 741 592 fuisse
773 550 1030 595 defunctum
1049 585 1060 606 ,
1094 561 1144 595 ut
1170 561 1315 595 tamen
1336 560 1434 610 post

46 617 172 662 illum
203 618 419 663 secundus
448 620 579 664 homo
616 621 669 664 sit
698 621 893 666 Christus
923 643 934 675 ς
970 637 1072 666 cum
1106 630 1171 666 tot
1206 623 1431 666 hominum

47 688 181 733 millia
198 689 311 733 inter
328 690 454 734 illum
471 699 514 734 et
525 690 643 735 hunc
659 700 752 736 orta
771 693 878 737 sint:
894 701 936 737 et
946 692 1044 737 ideo
1059 692 1337 736 manifestum
1351 702 1430 746 est,

47 759 101 804 ad
123 758 249 804 illum
271 762 489 819 pertinere
510 776 702 817 omnem,
728 763 803 822 qui
826 779 877 806 ex
891 763 966 807 illo
988 764 1256 808 successione
1273 779 1434 822 propa-

45 831 153 888 ginis
174 832 364 876 nascitur
379 867 390 887 ,
415 833 524 877 sicut
555 832 610 877 ad
632 833 763 877 istum
787 835 973 892 pertinet
995 850 1168 889 omnes,
1195 834 1271 893 qui
1294 835 1336 876 in
1358 833 1434 877 illo

46 903 194 961 gratiae
207 902 406 962 largitate
423 905 675 948 renascitur.
690 904 815 948 Unde
830 905 894 958 fit,
911 914 960 948 ut
978 914 1117 948 totum
1137 920 1272 964 genus
1284 906 1434 948 huma-

46 988 151 1017 num
169 973 359 1033 quodam
376 974 506 1019 modo
524 975 608 1019 sint
624 975 818 1019 homines
837 975 942 1029 duo,
958 975 1122 1034 primus
1145 985 1186 1019 et
1199 974 1430 1018 secundus.

103 1045 296 1089 CLXIV.
325 1048 548 1090 JULtANUs.
582 1065 601 1087 «
631 1046 715 1099 Qui
732 1060 835 1105 ergo
849 1045 953 1090 dicit
975 1046 1114 1089 multa
1137 1045 1310 1099 delicta,
1327 1044 1437 1088 nihil

47 1115 102 1158 de
124 1129 214 1159 uno
227 1116 587 1171 Manichaeorum,
609 1117 652 1160 id
672 1126 750 1171 est,
768 1117 957 1161 traducis
979 1117 1237 1175 suspicatur.
1265 1134 1285 1156 »

104 1188 222 1230 Auci
237 1206 398 1231 sTmrs.
438 1187 522 1233 Sed
558 1188 712 1247 utique
734 1222 744 1242 ,
787 1189 919 1232 homo
960 1187 1229 1232 contentiose
1248 1221 1259 1239 ,
1300 1185 1437 1229 multa

46 1255 204 1301 delicta
226 1267 382 1311 essent,
400 1274 500 1317 quae
523 1258 648 1302 multi
667 1258 894 1313 haberent,
921 1258 1051 1302 etiam
1075 1256 1242 1315 singula
1259 1255 1434 1314 singuli,

9 1340 14 1343 ’
46 1327 234 1385 propriae
267 1327 528 1382 voluntatis,
555 1329 588 1372 si
611 1327 666 1372 ad
698 1328 919 1372 lavacrum
950 1326 1282 1385 regenerationis
1316 1325 1439 1369 veni-

0 1453 2 1468 ι
46 1405 174 1451 rent,
200 1412 298 1441 cum
334 1398 520 1456 primum
554 1413 733 1457 peccare
761 1398 1025 1457 coepissent3
1050 1412 1159 1457 quos
1192 1410 1340 1441 omnes
1372 1409 1439 1438 se—

45 1466 240 1511 cundum
263 1468 404 1522 istam,
431 1484 521 1513 non
550 1469 762 1512 rationem
777 1503 787 1522 ,
809 1468 883 1512 sed
902 1469 1202 1512 distortionem
1220 1476 1356 1520 tuam,
1382 1465 1438 1509 ab

46 1538 128 1581 hac
150 1538 301 1595 gratia,
321 1554 420 1598 quae
442 1555 492 1582 ex
512 1538 660 1582 multis
675 1538 841 1583 delictis
851 1538 1223 1597 jttstificat,tacitis
1242 1536 1403 1580 alienos
1425 1556 1436 1592 3

48 1608 254 1667 quoniam
269 1624 359 1653 non
383 1609 510 1653 vultis
525 1611 616 1669 ejus
631 1624 720 1653 esse
739 1609 968 1668 participes
989 1607 1208 1668 quoslibet
1221 1607 1436 1661 homines,

48 1694 236 1737 quorum
269 1678 427 1723 delicta
460 1688 561 1724 sunt
594 1678 777 1738 singula.
814 1682 988 1732 Quanto
1021 1678 1154 1736 magis
1177 1693 1279 1736 ergo
1301 1676 1440 1720 multa

49 1759 167 1803 sunt,
188 1749 247 1792 eis
272 1749 429 1793 additis
456 1765 556 1809 quae
579 1750 745 1793 hahent
783 1749 854 1793 alii
888 1749 1010 1808 plura
1031 1784 1041 1803 ,
1071 1748 1141 1792 alii
1160 1748 1361 1806 pauciora
1384 1748 1440 1790 i'a

50 1818 210 1878 quibus
225 1828 368 1863 tamen
388 1820 591 1864 omnibus
616 1818 774 1863 liberat
792 1820 869 1863 ista
893 1819 1042 1876 gratia,
1062 1819 1116 1862 de
1134 1833 1219 1876 qua
1242 1817 1408 1860 dictum
1428 1835 1436 1860 :

0 1895 1 1934 ἶ
54 1907 75 1931 κ
91 1891 154 1932 Ex
179 1888 326 1933 multis
341 1888 507 1934 delictis
529 1890 574 1933 in
591 1890 990 1949 justificationem.
1007 1888 1144 1932 »Fuit
1161 1888 1276 1931 enim
1301 1886 1440 1930 Adam

52 1967 95 2003 et
120 1960 165 2002 in
187 1958 262 2003 illo
286 1959 448 2004 fuimus
470 1975 620 2004 omnes
645 1961 659 1985 3
686 1979 694 2004 ε
728 1959 855 2019 periit
877 1959 1039 2014 Adam,
1066 1968 1109 2003 et
1126 1959 1171 2001 in
1193 1956 1269 2001 illo
1291 1971 1441 2001 omnes

0 2068 1 2088 ἢ
51 2030 288 2090 perierunt.
329 2030 583 2075 Ambrosius
621 2031 704 2074 hoc
740 2029 880 2074 dixit:
907 2029 1195 2083 calumniose,
1226 2043 1314 2072 non
1350 2036 1442 2071 erat

52 2101 333 2146 Manichacus.
366 2101 573 2145 Parvulos
608 2101 855 2158 contagium
902 2100 1050 2144 mortis
1082 2099 1273 2159 antiquae
1305 2098 1442 2156 prima

0 2158 1 2221 J
52 2170 278 2215 nativitate
294 2172 563 2224 contrahere,
590 2171 833 2229 Cyprianus
853 2171 961 2214 dixit
977 2172 992 2195 ⁴
1015 2189 1023 2215 :
1045 2169 1325 2222 calumniose,
1353 2183 1441 2211 non

0 2255 1 2302 ἐ
54 2250 146 2285 erat
169 2242 452 2286 Manichacus.
488 2244 649 2286 Omnes
673 2242 717 2285 in
736 2257 825 2285 uno
848 2242 985 2290 Adam
1016 2255 1228 2300 peccasse,
1256 2237 1442 2283 Hilarius

55 2311 162 2356 dixit
187 2314 201 2338 ⁵
229 2313 534 2367 :calumniose,
564 2329 653 2357 non
675 2322 766 2356 erat
784 2313 1062 2358 Manichacus.
1080 2315 1131 2356 In
1147 2326 1230 2370 qua
1256 2309 1443 2353 Ecclesia

0 2410 1 2414 =
54 2384 134 2428 ista
156 2383 404 2428 didicerunt
423 2418 433 2437 ,
459 2383 724 2428 calumniose
741 2417 752 2437 ,
771 2398 859 2427 non
880 2392 972 2427 erat
989 2382 1227 2426 Manichaea
1253 2399 1261 2424 :
1283 2389 1324 2423 et
1339 2380 1441 2438 quia

108 2508 117 2524 ¹
145 2504 287 2544 Prosper.
312 2503 458 2535 Sentent.
486 2511 560 2544 299.
578 2519 619 2524 —
636 2508 648 2523 2
671 2504 761 2534 Rom.
788 2513 821 2541 v,
846 2502 894 2533 15.
913 2519 952 2523 —
971 2499 983 2523 3
1002 2500 1146 2532 Ambros.
1171 2499 1224 2531 lib.
1247 2510 1288 2530 vn
1307 2500 1338 2530 in
1362 2500 1439 2531 Luc.
1476 2527 1484 2534 ,

0 2540 1 2573 l
60 2568 132 2600 cap.
163 2558 212 2599 15,
234 2569 264 2588 n.
293 2557 346 2598 24.
361 2558 428 2586 -4
448 2557 596 2599 Cypriam.
620 2557 718 2594 Epist.
742 2568 827 2595 muv,
847 2557 886 2588 ad
908 2556 1029 2588 Fidum.
1051 2574 1086 2579 —
1104 2554 1118 2579 5
1135 2556 1212 2587 Vide
1230 2555 1286 2587 lib.
1309 2566 1316 2586 1
1338 2554 1442 2596 operis

63 2612 173 2655 prioris
192 2617 303 2646 contra
320 2613 435 2645 Julian.
455 2623 527 2654 cap.
554 2612 586 2653 3,
610 2617 642 2645 ct
658 2611 712 2644 lib.
734 2624 767 2653 n,
790 2623 861 2653 cap.
878 2613 908 2644 8.
