1884 3285
411 244 496 286 334
834 258 868 282 s.
905 255 1136 284 Aucusrmm
1168 256 1306 283 musco
1313 257 1354 282 1³1

408 321 644 380 disputatio
662 353 674 375 ,
710 334 800 378 quo
840 319 996 364 morbo
1026 335 1254 379 oppressus
1289 334 1399 364 esses
1423 353 1435 375 ,
1465 322 1655 366 ostendit
1680 342 1689 368 :
1725 324 1799 369 illa

409 399 556 436 autem
578 388 769 434 secunda
786 424 797 445 ‚
820 398 864 434 et
884 399 927 434 te
944 390 1232 435 miserabilem
1248 405 1349 435 cum
1369 391 1581 450 ejusmodi
1606 393 1800 439 sensibus

409 470 452 506 et
466 460 703 506 catholicos
725 461 856 506 etiam
879 461 1044 506 timoris
1061 461 1127 506 tui
1148 462 1356 521 suffragio
1374 462 1554 508 invictos
1577 464 1788 522 probavit.

409 534 468 574 Te
485 530 601 574 enim
619 530 767 586 dante,
785 547 809 575 a
827 534 916 576 Deo
940 532 1034 575 fieri
1049 532 1261 588 homines,
1279 541 1322 576 et
1340 548 1428 576 esse
1446 534 1652 593 conjuges
1666 535 1799 580 inno-

407 610 569 657 centeS‚
602 617 651 646 ac
668 601 871 661 parvulos
893 617 970 662 per
991 617 1035 647 se
1061 602 1173 648 nihil
1189 603 1382 663 operari:
1405 604 1471 648 his
1492 604 1632 649 tribus
1653 621 1802 665 sump-

409 673 463 717 tis
483 708 496 728 ,
534 672 864 718 irrefutabiliter
894 673 1067 719 illatum
1099 684 1185 731 est,
1216 691 1317 719 cum
1348 690 1438 720 non
1459 685 1610 735 peccat
1632 676 1705 721 ille
1725 678 1803 737 qui

410 745 618 800 nascitur,
640 760 730 789 non
753 754 904 804 peccat
933 744 1008 789 ille
1039 746 1116 806 qui
1149 747 1321 805 genuit,
1346 762 1437 791 non
1455 757 1606 806 peccat
1627 748 1706 793 iste
1726 749 1804 809 qui

411 815 623 871 condidit,
654 816 822 861 nullam
851 818 1104 862 remansisse
1128 819 1297 874 rimam,
1323 834 1399 877 per
1421 835 1554 879 quam
1574 829 1804 879 peccatum

410 886 620 931 doceatur
642 886 897 946 ingressum.
923 887 1020 932 Tibi
1040 903 1143 947 ergo
1164 889 1198 932 si
1215 888 1414 948 displicet
1434 889 1556 948 quod
1571 889 1806 935 collectum

411 968 507 1017 est3
532 960 678 1004 abnue
699 959 820 1020 quod
856 959 1044 1016 dedisti,
1077 969 1121 1005 et
1143 961 1213 1006 dic
1242 971 1316 1006 aut
1346 961 1471 1006 illum
1496 977 1694 1021 peccasse
1729 962 1807 1023 qui

412 1030 590 1088 genuit,
620 1040 696 1075 aut
721 1030 845 1074 illum
871 1032 947 1091 qui
973 1030 1194 1086 condidit,
1214 1041 1291 1075 aut
1312 1032 1443 1075 istum
1464 1033 1541 1091 qui
1563 1042 1689 1078 natus
1710 1042 1775 1077 est
1793 1052 1802 1077 ε

413 1114 464 1144 ex
485 1101 647 1160 quibus
670 1116 810 1145 unum
831 1102 1034 1146 insanum
1051 1111 1131 1156 est,
1156 1100 1275 1145 aliud
1295 1102 1611 1154 Manichaeum‚
1628 1103 1806 1148 tertium

411 1184 542 1228 supra
559 1171 823 1216 Manichaeos
852 1190 860 1215 :
886 1171 1102 1226 insanum,
1129 1171 1163 1215 si
1185 1171 1341 1215 dixeris
1361 1171 1617 1232 delinquere
1645 1188 1807 1233 parvu-

412 1238 476 1284 los
508 1260 519 1296 3
548 1241 840 1285 Manichaeum
863 1275 874 1296 ‚
900 1241 933 1285 si
965 1242 1231 1286 accusaveris
1253 1243 1482 1302 conjuges,
1514 1259 1644 1303 supra
1665 1244 1808 1289 Mani-

412 1311 556 1356 chaeos
572 1345 583 1366 ,
601 1312 635 1355 si
655 1312 821 1371 peccati
839 1315 980 1357 Deum
1008 1314 1231 1358 aestimaris
1254 1323 1492 1358 auctorem.
1510 1314 1641 1368 Quod
1657 1315 1691 1359 si
1714 1316 1809 1360 haec

413 1382 559 1426 omnia
579 1391 669 1427 tam
700 1383 842 1428 aliena
857 1393 960 1428 sunt
983 1399 1006 1428 a
1024 1399 1145 1440 vero,
1171 1393 1221 1428 ut
1242 1385 1386 1429 adhuc
1406 1401 1455 1429 ea
1486 1395 1653 1431 metuas
1669 1386 1806 1432 libere

412 1453 611 1497 confiteri
640 1474 651 1511 3
676 1470 763 1513 qua
793 1455 1065 1513 impudentia
1085 1490 1096 1510 ,
1121 1456 1253 1500 homo
1275 1458 1470 1500 omnium
1494 1457 1802 1513 amentissime,

413 1523 496 1567 hoc
523 1524 643 1583 quod
667 1540 692 1568 a
714 1525 840 1569 nobis
864 1525 1032 1570 illatum
1054 1534 1135 1580 est,
1161 1526 1350 1585 persistis
1373 1541 1530 1585 negare
1554 1529 1574 1572 Ρ
1598 1546 1618 1569 »

472 1597 764 1640 Accusnmss.
801 1598 914 1641 Cum
945 1597 1001 1640 ad
1031 1597 1165 1642 verba
1188 1597 1385 1657 Apostoli
1402 1599 1595 1655 veneris,
1620 1599 1681 1642 ibi
1716 1614 1806 1643 non

414 1664 566 1709 rimam
593 1681 685 1710 non
706 1667 926 1722 invenies,
947 1667 1023 1710 sed
1045 1669 1355 1726 apertissimam
1372 1669 1573 1728 januam,
1598 1685 1685 1729 qua
1701 1684 1807 1729 pec-

414 1745 560 1780 catum
601 1736 780 1781 intravit
811 1737 857 1781 in
891 1737 1107 1781 mundum
1144 1757 1153 1782 :
1190 1754 1323 1797 quam
1360 1740 1586 1784 conaberis
1626 1739 1807 1800 quidem

413 1804 617 1850 claudere
638 1827 649 1863 3
673 1806 750 1850 sed
783 1822 834 1850 ex
855 1822 930 1852 ore
952 1807 1190 1852 infantium
1220 1817 1351 1868 atque
1378 1809 1633 1854 lactentium
1662 1811 1700 1866 1,
1719 1811 1807 1855 sal-

414 1885 607 1920 vatorem
630 1878 774 1936 potius
808 1878 1054 1934 Christum,
1079 1894 1211 1938 quam
1234 1888 1278 1923 te
1309 1879 1581 1926 laudatorem
1604 1897 1807 1941 quaeren-

414 1947 522 1991 tium
541 1982 552 2002 ‚
593 1957 637 1992 et
678 1964 768 1993 11011
806 1948 1091 1994 anfractuosis
1126 1949 1493 2009 disputationibus
1514 1987 1524 2008 ,
1563 1952 1637 1997 sed
1675 1953 1807 1998 mutis

414 2018 591 2062 fletibus
632 2020 846 2063 miseriam
884 2035 1006 2064 suam
1050 2021 1192 2065 multo
1227 2023 1385 2066 certius
1432 2023 1769 2068 contestantium
1790 2059 1802 2079 ‚

413 2089 432 2145 (
454 2104 586 2147 quam
609 2089 807 2148 prolecto
827 2125 838 2145 ,
864 2091 897 2134 si
915 2091 1044 2150 primi
1060 2092 1248 2136 hominis
1271 2093 1488 2138 rectitudo
1516 2103 1560 2138 et
1579 2094 1806 2140 beatitudo

415 2159 668 2214 mansisset,
694 2159 817 2204 nullo
839 2160 971 2205 modo
1002 2162 1048 2205 in
1079 2161 1277 2221 paradiso
1311 2163 1474 2208 habere
1497 2164 1765 2223 potuissent,
1788 2167 1806 2223 )

415 2243 515 2274 curn
542 2238 618 2274 tua
640 2239 730 2274 tota
747 2230 1012 2290 loquacitate
1031 2233 1231 2277 vinceris.

473 2301 636 2344 XXIX.
660 2302 888 2346 humus.
928 2320 949 2344 <c
983 2305 1182 2355 Quatuor
1214 2318 1500 2362 personarum
1537 2320 1665 2349 causa
1709 2321 1803 2350 ver-

417 2370 548 2426 titur,
578 2370 656 2414 Dei
679 2371 868 2430 opificis,
893 2371 1082 2417 duorum
1104 2383 1334 2432 parentum
1364 2374 1420 2419 de
1441 2375 1602 2434 quibus
1625 2377 1803 2420 materia

416 2449 648 2500 praestatur
685 2442 904 2501 operanti,
937 2452 977 2487 et
1009 2443 1179 2503 parvuli
1208 2445 1283 2504 qui
1317 2446 1522 2491 nascitur.
1549 2447 1660 2492 Dicis
1682 2456 1732 2492 tu
1757 2448 1804 2491 in

416 2511 500 2556 hoc
518 2513 654 2557 choro
670 2513 867 2558 habitare
890 2523 1116 2574 peccatum
1145 2533 1154 2560 ε
1180 2515 1399 2575 interrogo
1421 2531 1502 2576 ego
1520 2551 1531 2573 ‚
1556 2533 1579 2563 a
1598 2533 1686 2578 quo
1707 2517 1800 2575 fiat,

465 2600 474 2618 ¹
499 2595 579 2628 Psal.
599 2606 673 2638 vm,
696 2597 727 2630 3.
