1821 3264
246 254 390 281 opmus
426 253 602 280 IMPERF.
637 254 801 281 CONTRA
833 254 1002 283 sumam.
1039 256 1121 282 Lm.
1159 257 1188 281 1.
1324 246 1402 283 291

26 321 164 374 haeus,
196 318 232 362 si
255 318 341 362 tuis
364 316 640 377 blasphemiis
657 328 949 377 comparetur.
977 319 1194 364 Gloriatus
1208 319 1253 363 in
1269 320 1410 380 primo

26 389 165 450 operis
201 389 285 433 mci
308 387 419 433 libro
440 388 608 433 fueram
626 423 636 443 ‚
658 391 777 449 quod
799 405 852 434 eo
881 406 955 435 ore
981 390 1215 446 lacerarer,
1249 407 1338 451 quo
1367 401 1410 436 et

25 460 219 521 Apostoli
231 460 429 521 injuriam
446 460 742 519 pertulissent:
758 476 876 509 nunc
887 477 988 506 vero
1003 477 1236 521 expavesco
1250 462 1412 520 magni·

25 532 224 578 tudinem
244 530 459 577 felicitatis
479 546 587 575 meae
617 552 629 591 3
654 532 710 576 ab
730 547 781 576 eo
803 533 1042 592 vituperor,
1061 533 1138 593 qui
1158 533 1413 578 criminatur

10 605 179 661 Deum.
212 620 233 644 »

84 675 375 718 Aucus-rmus.
413 672 481 717 Ab
510 686 562 716 eo
592 672 848 730 vituperaris
865 708 876 728 ‚
902 673 1097 733 quicum
1121 673 1350 718 Ambrosio
1371 682 1416 717 et

25 744 189 790 caeteris
210 743 333 787 sociis
351 744 442 803 ejus
458 778 468 798 ,
494 743 621 787 etiam
647 743 929 802 parvulorum
953 744 1232 789 liberatorem
1254 744 1415 803 praedi-

26 823 94 860 cat
124 815 345 860 Christum
371 833 380 858 ε
414 829 545 874 quem
578 824 627 858 tu
661 830 749 858 non
779 814 920 859 solum
944 816 1183 859 criminaris
1207 825 1416 875 tanquam

27 887 307 930 mentientem
321 920 332 940 ‚
352 885 429 929 ubi
452 886 557 930 dicit
578 900 622 930 se
643 886 812 929 venisse
833 885 997 930 salvare
1020 895 1063 930 et
1081 902 1277 946 quaerere
1298 886 1418 946 quod

27 956 238 1016 perierat¹
260 976 271 1012 3
298 956 581 1000 verumetiam
608 955 870 1000 contradicis
897 956 958 1011 ei,
988 971 1042 1000 ne
1065 956 1294 1001 salvandos
1321 971 1420 1015 par-

28 1026 152 1073 vulos
171 1035 354 1085 quaerat.
1062 1063 1066 1066 .

86 1099 248 1143 CXIX.
276 1099 503 1142 humus.
544 1115 565 1138 «
600 1096 726 1141 Unde
758 1096 866 1140 mihi
910 1096 1067 1141 accidit
1098 1106 1231 1141 tantae
1263 1105 1421 1141 contu-

28 1168 171 1212 meliae
198 1169 385 1226 dignitas
407 1170 424 1210 ⁶?
447 1168 564 1214 Nihil
592 1168 637 1212 in
661 1183 730 1211 me
761 1168 847 1212 tale
879 1168 1078 1213 conferre
1105 1167 1327 1212 laudando
1350 1183 1422 1226 po-

28 1239 195 1283 tuisses.
224 1241 352 1283 Sensa
384 1254 479 1282 mea
503 1238 609 1282 dicis
638 1253 727 1282 esse
749 1238 1021 1297 reprobanda
1050 1238 1155 1296 3sed
1193 1239 1269 1282 Dei
1291 1253 1422 1297 opera

29 1307 298 1354 damnanda:
324 1324 393 1352 me
406 1308 519 1352 male
542 1308 763 1367 disputare
779 1329 791 1365 3
806 1308 880 1352 sed
902 1312 1037 1352 Deum
1058 1313 1259 1369 nequiter
1276 1323 1423 1353 creare

30 1380 314 1440 pronuntias:
343 1394 410 1421 me
433 1394 577 1422 errare
602 1378 761 1422 clamas
787 1399 797 1435 3
821 1377 946 1422 illum
970 1380 1121 1422 saevire
1144 1398 1152 1423 ;
1177 1395 1247 1422 me
1276 1378 1424 1422 asseris

31 1450 195 1495 nescire
219 1449 358 1507 legem
383 1452 553 1506 3Deum
585 1464 686 1492 vero
712 1448 876 1492 nescire
895 1449 1136 1508 justitiam:
1170 1465 1240 1492 me
1262 1449 1425 1493 vocife-

32 1521 136 1564 raris
158 1519 423 1564 catholicum
446 1534 534 1562 non
558 1534 647 1562 esse
668 1552 679 1572 ‚
705 1518 825 1577 quod
849 1517 988 1562 dicam
1016 1519 1238 1563 Christum
1263 1534 1425 1577 provo-

34 1605 131 1635 care
162 1605 272 1649 quos
309 1588 444 1633 salvet
470 1609 482 1647 3
506 1591 646 1633 Deum
668 1603 771 1633 vero
785 1590 905 1649 juras
927 1603 1072 1632 creare
1098 1605 1206 1649 quos
1229 1587 1423 1644 damnet,

35 1677 114 1707 nec
146 1661 205 1707 ob
232 1660 353 1706 aliud
372 1661 584 1716 condere,
614 1660 696 1704 nisi
728 1669 778 1704 ut
799 1672 899 1704 eant
928 1675 1078 1706 omnes
1099 1660 1145 1705 in
1163 1660 1429 1706 condemna-

35 1734 215 1780 tionem.
243 1751 264 1775 »

93 1808 387 1850 Ancus-rmus.
410 1804 504 1847 Hoc
523 1811 566 1846 et
578 1801 633 1845 de
649 1801 919 1860 praescientia
937 1801 1015 1845 Dei
1039 1800 1123 1846 dici
1147 1811 1304 1860 potest,
1329 1818 1430 1861 quae

36 1885 182 1921 tamen
202 1892 225 1920 a
250 1873 453 1919 fidelibus
489 1872 638 1931 negari
659 1888 748 1917 non
776 1881 942 1931 potest,
969 1881 1010 1915 et
1032 1881 1140 1931 puto
1169 1872 1289 1932 quod
1307 1887 1388 1917 nec
1407 1887 1432 1916 a

39 1946 177 1991 vobis.
194 1949 282 1989 Aut
297 1952 451 2003 negate
470 1946 608 1987 Deum
628 1943 854 2002 praescium
879 1941 1038 1985 multos
1055 1958 1099 1986 se
1121 1941 1433 1986 damnaturum

40 2032 129 2062 esse
151 2031 260 2077 quos
273 2025 408 2069 creat,
426 2030 481 2057 ne
504 2013 703 2058 videatur
717 2028 862 2058 creare
885 2028 995 2072 quos
1017 2013 1195 2057 damnet
1221 2034 1232 2071 3
1251 2023 1295 2058 et
1314 2012 1436 2074 quod

41 2098 105 2134 est
125 2087 367 2132 mirabilius
385 2095 430 2130 et
446 2085 788 2140 inscrutabilius,
808 2084 994 2139 multos,
1019 2101 1073 2129 ne
1098 2084 1260 2130 malitia
1296 2093 1438 2129 mutet

44 2174 197 2204 eorum
216 2157 491 2202 intellectum
514 2160 548 2211 ²,
574 2156 630 2200 de
655 2157 736 2200 hac
755 2156 842 2201 vita
864 2171 953 2200 non
976 2171 1148 2215 rapere,
1173 2172 1283 2216 quos
1302 2156 1439 2200 malos

45 2229 218 2274 futuros
242 2244 331 2273 non
354 2237 497 2288 potest
520 2228 735 2286 ignorare.
762 2230 868 2271 Date
890 2227 1100 2272 honorem
1124 2231 1214 2272 Deo
1246 2247 1255 2272 ε
1286 2228 1439 2271 altitu-

48 2299 137 2345 dini
156 2301 422 2360 judiciorum
443 2300 479 2359 ej
488 2314 534 2342 us
557 2298 684 2343 cedat
697 2309 933 2342 vestrorum
950 2297 1129 2358 crepula
1148 2298 1271 2342 ruina
1288 2298 1442 2342 verbo-

0 2383 1 2437 l
50 2386 164 2425 rum,
188 2370 312 2430 quasi
334 2370 472 2414 nitida
494 2377 636 2424 acuta,
655 2367 731 2412 sed
754 2368 906 2412 vitrea.

0 2445 1 2451 ’
110 2443 246 2488 CXX.
282 2444 306 2485 J
314 2457 508 2485 numus.
551 2459 572 2482 «
601 2442 720 2484 Inter
742 2448 784 2483 te
809 2439 943 2497 igitur
963 2447 1006 2482 et
1030 2439 1319 2482 Manichaeum
1349 2453 1446 2497 pro-

55 2523 238 2559 satorem
262 2526 467 2558 sensuum
502 2520 678 2555 tuorum
698 2545 710 2566 ,
736 2509 862 2554 video
896 2525 973 2568 per
1016 2507 1258 2568 profectum
1300 2509 1447 2553 erudi·
1477 2550 1485 2556 .

105 2605 114 2621 ¹
134 2600 422 2637 Luc.x1x‚1o.—·
446 2603 457 2619 ²
477 2598 550 2637 Sap*
575 2606 615 2629 vi,
641 2605 688 2625 11.

1198 2648 1255 2683 li).
