1821 3264
253 212 395 240 OPERIS
428 212 603 241 IMPERF.
638 212 802 240 CONTRA
834 214 1003 242 JULIAN.
1040 215 1122 243 LlB.
1160 216 1190 242 1.
1332 204 1409 243 191

24 295 51 311 -.
90 275 276 320 XXXII.
309 279 537 323 JnmAan.
577 296 598 320 «
637 279 766 331 Quod
801 279 835 323 si
875 289 1082 324 neutrum
1119 280 1278 325 horum
1315 295 1415 340 quae

20 344 232 401 -diximuS‚
253 345 404 405 facies3
429 357 472 392 et
492 347 594 392 huic
616 351 705 392 Deo
727 358 769 393 te
790 350 937 394 asseris
960 350 1154 406 credere,
1180 351 1302 411 cujus
1324 351 1414 396 ins-

0 415 168 467 'itit'utis
197 417 452 477 injustitiam
486 419 746 463 communiri
783 421 969 465 aestimas
1000 440 1010 466 ε
1035 435 1246 479 cognosce
1273 421 1416 467 multo

0 497 74 545 *fite
101 503 267 534 novum
303 490 485 550 antiquo
514 490 758 535 Manichaeo
792 505 882 535 esse
919 492 1138 551 pejorem,
1170 493 1247 552 qui
1284 492 1416 537 talem

20 551 171 611 {Deum
191 559 368 617 habeas,
386 560 561 621 qualem
581 562 848 607 Manichaeus
871 563 946 606 Dei
971 563 1038 607 sui
1060 572 1124 607 est
1145 573 1417 608 commentus

16 629 273 684 (inimicum.
304 649 324 672 »

18 722 35 731 ·
87 702 382 746 Auen-snmus.
409 703 494 746 Vos
520 701 640 762 pejus
661 716 794 761 quam
814 702 1046 748 Manichaei
1069 703 1227 748 saevitis
1247 703 1292 747 in
1317 717 1416 762 par—

22 769 168 816 ·vulos.
197 771 267 815 Illi
288 772 452 832 quippe
468 772 656 816 animam
677 772 845 827 saltem,
884 789 1016 833 quam
1039 782 1207 832 partem
1231 774 1309 817 Dei
1332 789 1417 833 pu-

14 847 124 885 ffant
139 875 151 896 ,
170 843 312 886 sanari
335 857 410 901 per
432 842 655 902 Christum
671 843 717 886 in
741 842 924 902 parvulo
940 842 1098 888 volunt
1119 863 1126 889 :
1149 859 1224 888 vos
1241 853 1383 888 autem
1404 878 1414 898 ,

16 926 160 972 *quem
177 913 316 958 necin
335 915 493 969 anima,
516 914 659 959 necin
676 929 805 959 carne
825 913 966 959 ullum
984 915 1147 959 malum
1171 916 1334 959 habere
1351 915 1418 958 di-

26 981 142 1038 citis,
176 999 254 1043 per
275 984 499 1030 Christum
534 986 673 1029 sanari
705 984 827 1029 nulla
862 1000 912 1030 ex
934 994 1057 1045 parte
1078 986 1341 1045 permittitis.
1362 988 1420 1030 Et

16 1052 223 1113 ,praeclari
233 1054 539 1115 praedicatores
561 1056 620 1101 sic
638 1056 884 1116 praedicatis
906 1059 1073 1113 Jesum,
1094 1066 1145 1101 ut
1165 1072 1268 1101 eum
1290 1071 1416 1115 nege-

25 1124 81 1168 tis
103 1124 385 1183 parvulorum
404 1142 494 1171 esse
511 1129 535 1171 J
540 1142 676 1171 esum.
705 1126 829 1172 Unde
849 1142 1040 1186 namque
1060 1128 1144 1172 hoc
1171 1142 1332 1172 nomen
1349 1141 1420 1170 ac-

25 1194 205 1255 ceperit,
226 1197 270 1240 in
288 1197 526 1256 Evangelio
547 1197 693 1256 legite,
713 1206 756 1241 et
772 1197 908 1242 nolite
933 1197 1198 1243 Salvatorem
1221 1213 1310 1243 non
1332 1196 1415 1241 sal-

26 1265 91 1312 vis
107 1266 299 1326 parvulis
317 1268 574 1326 denegare1.

14 1347 23 1360 ·’
85 1339 297 1382 XXXIII.
323 1340 550 1383 JtJLIANUs.
581 1358 601 1379 «
623 1340 739 1391 Quas
770 1338 877 1382 mihi
895 1353 997 1396 ergo
1024 1348 1073 1382 tu
1096 1339 1167 1383 hic
1187 1339 1416 1397 ambages,

27 1422 128 1468 quae
149 1408 372 1453 cervicalia
394 1409 723 1454 mendaciorum
746 1419 789 1454 et
812 1411 1098 1468 ineptiarum,
1123 1425 1222 1469 quae
1245 1411 1420 1453 Jerusa-

13 1477 115 1522 alem
127 1477 360 1524 fornicanti
381 1479 581 1524 Ezechiel
599 1481 810 1539 propheta
826 1480 1016 1538 imputat
1028 1483 1060 1535 2,
1087 1480 1353 1533 admovebis,
1374 1481 1420 1522 in

12 1544 188 1610 aquibus
210 1550 444 1595 muliebres
459 1552 615 1596 animae
632 1553 812 1605 cubent,
841 1553 1018 1595 nomina
1033 1551 1338 1608 mysteriorum
1362 1560 1422 1593 te-

11 1629 182 1665 ‹nentes
203 1655 215 1676 ‚
247 1636 350 1666 cum
384 1622 430 1665 in
469 1622 603 1680 ipsam
641 1621 915 1667 divinitatem
961 1630 1123 1665 retecta
1158 1620 1420 1680 profanitate

29 1693 339 1738 commiserint.
362 1696 554 1738 Remotis
575 1694 779 1738 omnibus
802 1693 1024 1752 praestigiis
1046 1702 1089 1736 et
1111 1691 1419 1737 advocatarum

10 1774 144 1822 csaepe
171 1778 196 1807 a
216 1773 259 1807 te
280 1763 610 1823 plebecularum
633 1764 816 1808 catervis
832 1798 842 1817 ,
873 1763 982 1807 doce
998 1764 1166 1823 justum
1190 1778 1278 1807 esse
1299 1762 1421 1823 quod

11 1843 106 1893 ‘fper
129 1834 372 1894 Scripturas
392 1843 560 1879 sanctas
574 1835 789 1878 affirmare
803 1834 988 1877 conaris.
1013 1850 1032 1874 »

14 1935 22 1944 ι
87 1907 380 1951 AUGUsTmUs.
406 1905 757 1957 Pkbecularum,
783 1920 890 1965 quas
912 1903 1090 1962 inrides,
1115 1912 1315 1956 catervae,
1341 1917 1421 1946 no—

11 1985 186 2021 ‘verunt
210 1976 468 2022 catholicam
497 1976 630 2021 fidem
645 2011 656 2032 ‚
692 1991 791 2036 quae
809 1991 834 2019 a
864 1975 1085 2021 Salvatore
1106 1974 1260 2019 salvari
1279 1974 1419 2018 confi-

13 2055 179 2092 2tentur
198 2047 409 2102 infantes,
440 2057 483 2091 et
505 2046 603 2092 ideo
637 2047 992 2104 Pelagianorum‚
1018 2046 1094 2106 qui
1124 2047 1208 2090 hoc
1230 2054 1417 2104 negant,

9 2117 301 2162 ¹detestantur
323 2132 528 2162 errorem.

88 2189 295 2233 XXXIV.
320 2190 548 2232 Jummus.
578 2206 598 2229 (ι
620 2189 683 2233 Ne
705 2202 809 2246 ergo
835 2188 880 2231 in
903 2186 1072 2233 infinita
1100 2185 1323 2231 volumina
1345 2184 1419 2228 ex-⁴

10 2260 236 2304 tendatur
256 2260 409 2315 oratio,
434 2260 520 2314 hic,
541 2259 611 2303 hic
635 2259 791 2303 harum
810 2258 865 2302 de
881 2258 1042 2318 quibus
1064 2258 1248 2315 agimus,
1276 2271 1419 2300 rerum

7 2352 14 2355 ⁸
31 2344 181 2388 genus,
199 2331 360 2389 species
377 2365 387 2382 ‚
405 2329 669 2384 differentia,
693 2330 866 2385 modus,
891 2328 1168 2389 qualitasque
1187 2337 1389 2372 cernatur
1410 2346 1418 2369 :

31 2400 121 2446 imo
166 2401 390 2447 sollicitius
426 2411 577 2445 utrum
626 2402 734 2455 sint,
774 2401 894 2444 unde
930 2402 1038 2455 sint,
1073 2400 1151 2444 ubi
1186 2399 1285 2451 sint,
1315 2398 1422 2458 quid

32 2472 162 2517 etiam
181 2481 448 2527 mereantur,
477 2482 521 2517 et
540 2487 564 2516 a
584 2487 689 2531 quo.
716 2474 811 2516 Hoc
841 2471 957 2516 enim
989 2470 1121 2515 modo
1146 2484 1227 2513 nec
1247 2468 1325 2512 diu
1347 2482 1423 2527 per

82 2563 90 2581 ¹
117 2557 238 2592 matth..
259 2568 294 2598 1,
325 2566 379 2592 21.
397 2574 437 2582 -ι
456 2563 470 2580 2
499 2557 614 2591 Ezech.
644 2568 723 2596 xm,
757 2557 809 2590 18.
