<?xml version="1.0" encoding="UTF-8"?>
<!DOCTYPE html PUBLIC "-//W3C//DTD XHTML 1.0 Transitional//EN"
    "http://www.w3.org/TR/xhtml1/DTD/xhtml1-transitional.dtd">
<html xmlns="http://www.w3.org/1999/xhtml" xml:lang="en" lang="en">
 <head>
  <title>
</title>
<meta http-equiv="Content-Type" content="text/html;charset=utf-8" />
  <meta name='ocr-system' content='tesseract 3.04.00' />
  <meta name='ocr-capabilities' content='ocr_page ocr_carea ocr_par ocr_line ocrx_word'/>
</head>
<body>
  <div class='ocr_page' id='page_1' title='image "./operaomniaaccura36auguuoft/operaomniaaccura36auguuoft_0180.png"; bbox 0 0 1884 3285; ppageno 0'>
   <div class='ocr_carea' id='block_1_1' title="bbox 407 295 1791 427">
    <p class='ocr_par' dir='ltr' id='par_1_1' title="bbox 407 295 1791 427">
     <span class='ocr_line' id='line_1_1' title="bbox 411 295 1353 332; baseline -0.003 0"><span class='ocrx_word' id='word_1_1' title='bbox 411 295 492 332; x_wconf 78' lang='lat'><strong>122</strong></span> <span class='ocrx_word' id='word_1_2' title='bbox 833 303 867 330; x_wconf 80' lang='lat' dir='ltr'><strong>s.</strong></span> <span class='ocrx_word' id='word_1_3' title='bbox 902 299 1136 331; x_wconf 63' lang='lat' dir='ltr'><strong>Auens-nm</strong></span> <span class='ocrx_word' id='word_1_4' title='bbox 1167 302 1353 330; x_wconf 68' lang='lat' dir='ltr'><strong>zmscon</strong></span> 
     </span>
     <span class='ocr_line' id='line_1_2' title="bbox 407 365 1791 427; baseline 0 -15"><span class='ocrx_word' id='word_1_5' title='bbox 407 369 541 427; x_wconf 89' lang='lat' dir='ltr'><strong>nique</strong></span> <span class='ocrx_word' id='word_1_6' title='bbox 572 367 661 411; x_wconf 89' lang='lat' dir='ltr'><strong>voti</strong></span> <span class='ocrx_word' id='word_1_7' title='bbox 691 366 824 424; x_wconf 85' lang='lat' dir='ltr'><strong>magis</strong></span> <span class='ocrx_word' id='word_1_8' title='bbox 853 381 945 410; x_wconf 91' lang='lat' dir='ltr'><strong>eam</strong></span> <span class='ocrx_word' id='word_1_9' title='bbox 979 382 1070 412; x_wconf 91' lang='lat' dir='ltr'><strong>esse</strong></span> <span class='ocrx_word' id='word_1_10' title='bbox 1102 382 1194 411; x_wconf 89' lang='lat' dir='ltr'><strong>rem</strong></span> <span class='ocrx_word' id='word_1_11' title='bbox 1219 381 1352 427; x_wconf 87' lang='lat' dir='ltr'><strong>quam</strong></span> <span class='ocrx_word' id='word_1_12' title='bbox 1373 365 1555 410; x_wconf 78' lang='lat' dir='ltr'><strong>effectus</strong></span> <span class='ocrx_word' id='word_1_13' title='bbox 1572 399 1584 421; x_wconf 95' lang='lat'><strong>‚</strong></span> <span class='ocrx_word' id='word_1_14' title='bbox 1608 374 1791 412; x_wconf 83' lang='lat' dir='ltr'><strong>testatur</strong></span> 
     </span>
    </p>
   </div>
   <div class='ocr_carea' id='block_1_2' title="bbox 410 435 1861 572">
    <p class='ocr_par' dir='ltr' id='par_1_2' title="bbox 410 435 1869 572">
     <span class='ocr_line' id='line_1_3' title="bbox 410 435 1852 497; baseline -0.001 -14"><span class='ocrx_word' id='word_1_15' title='bbox 410 439 627 497; x_wconf 85' lang='lat' dir='ltr'><strong>Propheta</strong></span> <span class='ocrx_word' id='word_1_16' title='bbox 648 436 860 482; x_wconf 85' lang='lat' dir='ltr'><strong>dicendo:</strong></span> <span class='ocrx_word' id='word_1_17' title='bbox 880 456 900 479; x_wconf 94' lang='lat'>«</span> <span class='ocrx_word' id='word_1_18' title='bbox 914 438 1090 482; x_wconf 88' lang='lat' dir='ltr'><strong>Declina</strong></span> <span class='ocrx_word' id='word_1_19' title='bbox 1112 453 1185 482; x_wconf 90' lang='lat' dir='ltr'><strong>cor</strong></span> <span class='ocrx_word' id='word_1_20' title='bbox 1206 451 1350 481; x_wconf 89' lang='lat' dir='ltr'><strong>meum</strong></span> <span class='ocrx_word' id='word_1_21' title='bbox 1366 436 1411 479; x_wconf 89' lang='lat' dir='ltr'><strong>in</strong></span> <span class='ocrx_word' id='word_1_22' title='bbox 1429 435 1670 480; x_wconf 87' lang='lat' dir='ltr'><strong>testimonia</strong></span> <span class='ocrx_word' id='word_1_23' title='bbox 1694 446 1786 493; x_wconf 86' lang='lat' dir='ltr'><strong>tua,</strong></span> <span class='ocrx_word' id='word_1_24' title='bbox 1846 475 1852 484; x_wconf 84' lang='lat'><strong>.</strong></span> 
     </span>
     <span class='ocr_line' id='line_1_4' title="bbox 413 507 1861 572; baseline 0.001 -20"><span class='ocrx_word' id='word_1_25' title='bbox 413 528 434 551; x_wconf 87' lang='lat'>»</span> <span class='ocrx_word' id='word_1_26' title='bbox 459 518 502 552; x_wconf 91' lang='lat' dir='ltr'><strong>et</strong></span> <span class='ocrx_word' id='word_1_27' title='bbox 531 508 687 552; x_wconf 90' lang='lat' dir='ltr'><strong>nonin</strong></span> <span class='ocrx_word' id='word_1_28' title='bbox 714 508 932 552; x_wconf 88' lang='lat' dir='ltr'><strong>avaritiam</strong></span> <span class='ocrx_word' id='word_1_29' title='bbox 959 511 986 551; x_wconf 91' lang='lat'><strong>¹.</strong></span> <span class='ocrx_word' id='word_1_30' title='bbox 1027 527 1046 549; x_wconf 84' lang='lat'>»</span> <span class='ocrx_word' id='word_1_31' title='bbox 1081 511 1178 554; x_wconf 90' lang='lat' dir='ltr'><strong>Non</strong></span> <span class='ocrx_word' id='word_1_32' title='bbox 1201 508 1314 552; x_wconf 91' lang='lat' dir='ltr'><strong>enim</strong></span> <span class='ocrx_word' id='word_1_33' title='bbox 1349 507 1393 550; x_wconf 90' lang='lat' dir='ltr'><strong>in</strong></span> <span class='ocrx_word' id='word_1_34' title='bbox 1417 514 1627 565; x_wconf 86' lang='lat' dir='ltr'><strong>potestate</strong></span> <span class='ocrx_word' id='word_1_35' title='bbox 1644 516 1790 554; x_wconf 88' lang='lat' dir='ltr'><strong>nostra</strong></span> <span class='ocrx_word' id='word_1_36' title='bbox 1846 531 1861 572; x_wconf 42' lang='lat'><strong>‘⁴</strong></span> 
     </span>
    </p>
   </div>
   <div class='ocr_carea' id='block_1_3' title="bbox 394 575 1857 1620">
    <p class='ocr_par' dir='ltr' id='par_1_3' title="bbox 394 575 1857 1549">
     <span class='ocr_line' id='line_1_5' title="bbox 405 575 1840 636; baseline -0.001 -13"><span class='ocrx_word' id='word_1_37' title='bbox 405 593 480 623; x_wconf 88' lang='lat' dir='ltr'><strong>cor</strong></span> <span class='ocrx_word' id='word_1_38' title='bbox 501 586 697 621; x_wconf 90' lang='lat' dir='ltr'><strong>nostrum</strong></span> <span class='ocrx_word' id='word_1_39' title='bbox 713 586 756 621; x_wconf 89' lang='lat' dir='ltr'><strong>et</strong></span> <span class='ocrx_word' id='word_1_40' title='bbox 773 578 1056 636; x_wconf 86' lang='lat' dir='ltr'><strong>cogitationes</strong></span> <span class='ocrx_word' id='word_1_41' title='bbox 1073 588 1247 632; x_wconf 87' lang='lat' dir='ltr'><strong>nostrae,</strong></span> <span class='ocrx_word' id='word_1_42' title='bbox 1269 592 1367 636; x_wconf 86' lang='lat' dir='ltr'><strong>quae</strong></span> <span class='ocrx_word' id='word_1_43' title='bbox 1386 576 1618 634; x_wconf 89' lang='lat' dir='ltr'><strong>improviso</strong></span> <span class='ocrx_word' id='word_1_44' title='bbox 1639 575 1793 622; x_wconf 83' lang='lat' dir='ltr'><strong>offusae</strong></span> <span class='ocrx_word' id='word_1_45' title='bbox 1838 583 1840 588; x_wconf 91' lang='lat'>&#39;</span> 
     </span>
     <span class='ocr_line' id='line_1_6' title="bbox 403 646 1792 708; baseline -0.001 -15"><span class='ocrx_word' id='word_1_46' title='bbox 403 657 596 693; x_wconf 88' lang='lat' dir='ltr'><strong>mentem</strong></span> <span class='ocrx_word' id='word_1_47' title='bbox 612 648 895 708; x_wconf 86' lang='lat' dir='ltr'><strong>animumque</strong></span> <span class='ocrx_word' id='word_1_48' title='bbox 912 647 1201 703; x_wconf 83' lang='lat' dir='ltr'><strong>confundant,</strong></span> <span class='ocrx_word' id='word_1_49' title='bbox 1220 656 1349 707; x_wconf 90' lang='lat' dir='ltr'><strong>atque</strong></span> <span class='ocrx_word' id='word_1_50' title='bbox 1362 646 1446 690; x_wconf 91' lang='lat' dir='ltr'><strong>alio</strong></span> <span class='ocrx_word' id='word_1_51' title='bbox 1463 647 1644 690; x_wconf 84' lang='lat' dir='ltr'><strong>trahunt</strong></span> <span class='ocrx_word' id='word_1_52' title='bbox 1659 662 1792 706; x_wconf 90' lang='lat' dir='ltr'><strong>quam</strong></span> 
     </span>
     <span class='ocr_line' id='line_1_7' title="bbox 402 715 1857 778; baseline -0.001 -16"><span class='ocrx_word' id='word_1_53' title='bbox 402 728 450 762; x_wconf 87' lang='lat' dir='ltr'><strong>tu</strong></span> <span class='ocrx_word' id='word_1_54' title='bbox 464 718 740 778; x_wconf 80' lang='lat' dir='ltr'><strong>proposueris</strong></span> <span class='ocrx_word' id='word_1_55' title='bbox 762 737 771 762; x_wconf 73' lang='grc' dir='ltr'>ς</span> <span class='ocrx_word' id='word_1_56' title='bbox 793 719 847 761; x_wconf 87' lang='lat' dir='ltr'><strong>ad</strong></span> <span class='ocrx_word' id='word_1_57' title='bbox 865 718 1088 761; x_wconf 67' lang='lat' dir='ltr'><strong>saecularia</strong></span> <span class='ocrx_word' id='word_1_58' title='bbox 1101 715 1557 769; x_wconf 78' lang='lat' dir='ltr'><strong>revocant,mundana</strong></span> <span class='ocrx_word' id='word_1_59' title='bbox 1574 716 1789 773; x_wconf 85' lang='lat' dir='ltr'><strong>inserunt,</strong></span> <span class='ocrx_word' id='word_1_60' title='bbox 1839 743 1857 766; x_wconf 75' lang='grc'><strong>-,</strong></span> 
     </span>
     <span class='ocr_line' id='line_1_8' title="bbox 400 782 1840 848; baseline -0.001 -15"><span class='ocrx_word' id='word_1_61' title='bbox 400 789 677 848; x_wconf 86' lang='lat' dir='ltr'><strong>voluptuaria</strong></span> <span class='ocrx_word' id='word_1_62' title='bbox 700 788 1183 847; x_wconf 85' lang='lat' dir='ltr'><strong>ingeruut‚illecebrosa</strong></span> <span class='ocrx_word' id='word_1_63' title='bbox 1198 789 1415 837; x_wconf 79' lang='lat' dir='ltr'><strong>intexunt,</strong></span> <span class='ocrx_word' id='word_1_64' title='bbox 1432 788 1613 846; x_wconf 84' lang='lat' dir='ltr'><strong>ipsoque</strong></span> <span class='ocrx_word' id='word_1_65' title='bbox 1627 786 1673 830; x_wconf 90' lang='lat' dir='ltr'><strong>in</strong></span> <span class='ocrx_word' id='word_1_66' title='bbox 1686 795 1790 832; x_wconf 88' lang='lat' dir='ltr'><strong>tem·</strong></span> <span class='ocrx_word' id='word_1_67' title='bbox 1838 782 1840 787; x_wconf 57' lang='grc'>’</span> 
     </span>
     <span class='ocr_line' id='line_1_9' title="bbox 401 856 1853 918; baseline -0.002 -16"><span class='ocrx_word' id='word_1_68' title='bbox 401 873 505 918; x_wconf 90' lang='lat' dir='ltr'><strong>pore</strong></span> <span class='ocrx_word' id='word_1_69' title='bbox 533 873 622 917; x_wconf 89' lang='lat' dir='ltr'><strong>quo</strong></span> <span class='ocrx_word' id='word_1_70' title='bbox 645 858 812 902; x_wconf 85' lang='lat' dir='ltr'><strong>elevare</strong></span> <span class='ocrx_word' id='word_1_71' title='bbox 842 866 1032 902; x_wconf 88' lang='lat' dir='ltr'><strong>mentem</strong></span> <span class='ocrx_word' id='word_1_72' title='bbox 1060 872 1290 917; x_wconf 79' lang='lat' dir='ltr'><strong>paramus,</strong></span> <span class='ocrx_word' id='word_1_73' title='bbox 1316 857 1464 900; x_wconf 84' lang='lat' dir='ltr'><strong>inserti</strong></span> <span class='ocrx_word' id='word_1_74' title='bbox 1487 856 1692 900; x_wconf 80' lang='lat' dir='ltr'><strong>inanibus</strong></span> <span class='ocrx_word' id='word_1_75' title='bbox 1713 871 1789 900; x_wconf 91' lang='lat' dir='ltr'><strong>co-</strong></span> <span class='ocrx_word' id='word_1_76' title='bbox 1849 885 1853 910; x_wconf 54' lang='lat'><strong><em>;</em></strong></span> 
     </span>
     <span class='ocr_line' id='line_1_10' title="bbox 400 927 1790 988; baseline 0 -16"><span class='ocrx_word' id='word_1_77' title='bbox 400 929 680 987; x_wconf 87' lang='lat' dir='ltr'><strong>gitationibus</strong></span> <span class='ocrx_word' id='word_1_78' title='bbox 695 928 749 972; x_wconf 91' lang='lat' dir='ltr'><strong>ad</strong></span> <span class='ocrx_word' id='word_1_79' title='bbox 771 937 937 972; x_wconf 89' lang='lat' dir='ltr'><strong>terrena</strong></span> <span class='ocrx_word' id='word_1_80' title='bbox 958 928 1216 988; x_wconf 90' lang='lat' dir='ltr'><strong>plerumque</strong></span> <span class='ocrx_word' id='word_1_81' title='bbox 1230 927 1474 988; x_wconf 84' lang='lat' dir='ltr'><strong>dejicimur.</strong></span> <span class='ocrx_word' id='word_1_82' title='bbox 1497 929 1626 971; x_wconf 83' lang='lat' dir='ltr'><strong>»Non</strong></span> <span class='ocrx_word' id='word_1_83' title='bbox 1643 927 1790 987; x_wconf 85' lang='lat' dir='ltr'><strong>itaque</strong></span> 
     </span>
     <span class='ocr_line' id='line_1_11' title="bbox 400 997 1790 1057; baseline 0 -15"><span class='ocrx_word' id='word_1_84' title='bbox 400 999 446 1042; x_wconf 92' lang='lat' dir='ltr'><strong>in</strong></span> <span class='ocrx_word' id='word_1_85' title='bbox 467 999 715 1050; x_wconf 86' lang='lat' dir='ltr'><strong>hominum,</strong></span> <span class='ocrx_word' id='word_1_86' title='bbox 730 998 805 1041; x_wconf 90' lang='lat' dir='ltr'><strong>sed</strong></span> <span class='ocrx_word' id='word_1_87' title='bbox 823 998 868 1041; x_wconf 90' lang='lat' dir='ltr'><strong>in</strong></span> <span class='ocrx_word' id='word_1_88' title='bbox 892 999 967 1041; x_wconf 87' lang='lat' dir='ltr'><strong>Dei</strong></span> <span class='ocrx_word' id='word_1_89' title='bbox 984 1007 1049 1042; x_wconf 89' lang='lat' dir='ltr'><strong>est</strong></span> <span class='ocrx_word' id='word_1_90' title='bbox 1065 1006 1294 1057; x_wconf 85' lang='lat' dir='ltr'><strong>potestate,</strong></span> <span class='ocrx_word' id='word_1_91' title='bbox 1316 1006 1365 1040; x_wconf 88' lang='lat' dir='ltr'><strong>ut</strong></span> <span class='ocrx_word' id='word_1_92' title='bbox 1381 997 1571 1041; x_wconf 87' lang='lat' dir='ltr'><strong>habeant</strong></span> <span class='ocrx_word' id='word_1_93' title='bbox 1591 997 1790 1042; x_wconf 89' lang='lat' dir='ltr'><strong>homines</strong></span> 
     </span>
     <span class='ocr_line' id='line_1_12' title="bbox 399 1068 1786 1128; baseline -0.001 -15"><span class='ocrx_word' id='word_1_94' title='bbox 399 1077 657 1128; x_wconf 88' lang='lat' dir='ltr'><strong>potestatem</strong></span> <span class='ocrx_word' id='word_1_95' title='bbox 682 1068 758 1111; x_wconf 90' lang='lat' dir='ltr'><strong>filii</strong></span> <span class='ocrx_word' id='word_1_96' title='bbox 784 1069 858 1112; x_wconf 89' lang='lat' dir='ltr'><strong>Dei</strong></span> <span class='ocrx_word' id='word_1_97' title='bbox 881 1068 974 1112; x_wconf 88' lang='lat' dir='ltr'><strong>fieri</strong></span> <span class='ocrx_word' id='word_1_98' title='bbox 989 1072 1022 1112; x_wconf 71' lang='lat'><strong>².</strong></span> <span class='ocrx_word' id='word_1_99' title='bbox 1049 1068 1118 1112; x_wconf 84' lang='lat' dir='ltr'><strong>Ab</strong></span> <span class='ocrx_word' id='word_1_100' title='bbox 1141 1069 1232 1127; x_wconf 86' lang='lat' dir='ltr'><strong>ipso</strong></span> <span class='ocrx_word' id='word_1_101' title='bbox 1255 1068 1419 1128; x_wconf 89' lang='lat' dir='ltr'><strong>quippe</strong></span> <span class='ocrx_word' id='word_1_102' title='bbox 1434 1068 1655 1126; x_wconf 85' lang='lat' dir='ltr'><strong>accipiunt</strong></span> <span class='ocrx_word' id='word_1_103' title='bbox 1675 1082 1786 1122; x_wconf 88' lang='lat' dir='ltr'><strong>eam,</strong></span> 
     </span>
     <span class='ocr_line' id='line_1_13' title="bbox 401 1137 1789 1200; baseline -0.001 -17"><span class='ocrx_word' id='word_1_104' title='bbox 401 1140 478 1200; x_wconf 90' lang='lat' dir='ltr'><strong>qui</strong></span> <span class='ocrx_word' id='word_1_105' title='bbox 502 1139 576 1184; x_wconf 89' lang='lat' dir='ltr'><strong>dat</strong></span> <span class='ocrx_word' id='word_1_106' title='bbox 598 1138 718 1184; x_wconf 86' lang='lat' dir='ltr'><strong>cordi</strong></span> <span class='ocrx_word' id='word_1_107' title='bbox 738 1140 934 1183; x_wconf 89' lang='lat' dir='ltr'><strong>humano</strong></span> <span class='ocrx_word' id='word_1_108' title='bbox 956 1139 1239 1198; x_wconf 83' lang='lat' dir='ltr'><strong>cogitationes</strong></span> <span class='ocrx_word' id='word_1_109' title='bbox 1268 1138 1358 1197; x_wconf 86' lang='lat' dir='ltr'><strong>pias</strong></span> <span class='ocrx_word' id='word_1_110' title='bbox 1373 1173 1384 1193; x_wconf 90' lang='lat'><strong>,</strong></span> <span class='ocrx_word' id='word_1_111' title='bbox 1404 1153 1481 1197; x_wconf 88' lang='lat' dir='ltr'><strong>per</strong></span> <span class='ocrx_word' id='word_1_112' title='bbox 1503 1153 1610 1197; x_wconf 85' lang='lat' dir='ltr'><strong>quas</strong></span> <span class='ocrx_word' id='word_1_113' title='bbox 1627 1137 1789 1182; x_wconf 81' lang='lat' dir='ltr'><strong>habeat</strong></span> 
     </span>
     <span class='ocr_line' id='line_1_14' title="bbox 398 1207 1851 1269; baseline -0.001 -16"><span class='ocrx_word' id='word_1_114' title='bbox 398 1209 548 1264; x_wconf 86' lang='lat' dir='ltr'><strong>fidem,</strong></span> <span class='ocrx_word' id='word_1_115' title='bbox 566 1224 665 1269; x_wconf 89' lang='lat' dir='ltr'><strong>quae</strong></span> <span class='ocrx_word' id='word_1_116' title='bbox 698 1218 904 1268; x_wconf 82' lang='lat' dir='ltr'><strong>operetur</strong></span> <span class='ocrx_word' id='word_1_117' title='bbox 935 1224 1012 1268; x_wconf 89' lang='lat' dir='ltr'><strong>per</strong></span> <span class='ocrx_word' id='word_1_118' title='bbox 1034 1208 1308 1252; x_wconf 87' lang='lat' dir='ltr'><strong>dilectionem</strong></span> <span class='ocrx_word' id='word_1_119' title='bbox 1333 1208 1348 1233; x_wconf 81' lang='lat'>³</span> <span class='ocrx_word' id='word_1_120' title='bbox 1370 1226 1379 1251; x_wconf 76' lang='grc' dir='ltr'>ε</span> <span class='ocrx_word' id='word_1_121' title='bbox 1412 1207 1464 1251; x_wconf 89' lang='lat' dir='ltr'><strong>ad</strong></span> <span class='ocrx_word' id='word_1_122' title='bbox 1483 1207 1604 1268; x_wconf 90' lang='lat' dir='ltr'><strong>quod</strong></span> <span class='ocrx_word' id='word_1_123' title='bbox 1622 1208 1787 1253; x_wconf 90' lang='lat' dir='ltr'><strong>bonum</strong></span> <span class='ocrx_word' id='word_1_124' title='bbox 1848 1220 1851 1221; x_wconf 69' lang='grc'>’</span> 
     </span>
     <span class='ocr_line' id='line_1_15' title="bbox 394 1278 1788 1339; baseline 0 -16"><span class='ocrx_word' id='word_1_125' title='bbox 394 1279 659 1324; x_wconf 90' lang='lat' dir='ltr'><strong>sumendum</strong></span> <span class='ocrx_word' id='word_1_126' title='bbox 682 1288 725 1323; x_wconf 89' lang='lat' dir='ltr'><strong>et</strong></span> <span class='ocrx_word' id='word_1_127' title='bbox 746 1278 985 1323; x_wconf 86' lang='lat' dir='ltr'><strong>tenendum</strong></span> <span class='ocrx_word' id='word_1_128' title='bbox 999 1314 1009 1334; x_wconf 96' lang='lat'><strong>,</strong></span> <span class='ocrx_word' id='word_1_129' title='bbox 1036 1288 1079 1322; x_wconf 93' lang='lat' dir='ltr'><strong>et</strong></span> <span class='ocrx_word' id='word_1_130' title='bbox 1099 1279 1145 1322; x_wconf 89' lang='lat' dir='ltr'><strong>in</strong></span> <span class='ocrx_word' id='word_1_131' title='bbox 1166 1294 1218 1323; x_wconf 89' lang='lat' dir='ltr'><strong>eo</strong></span> <span class='ocrx_word' id='word_1_132' title='bbox 1239 1287 1561 1337; x_wconf 88' lang='lat' dir='ltr'><strong>perseveranter</strong></span> <span class='ocrx_word' id='word_1_133' title='bbox 1582 1293 1721 1339; x_wconf 90' lang='lat' dir='ltr'><strong>usque</strong></span> <span class='ocrx_word' id='word_1_134' title='bbox 1741 1279 1788 1323; x_wconf 91' lang='lat' dir='ltr'><strong>in</strong></span> 
     </span>
     <span class='ocr_line' id='line_1_16' title="bbox 399 1349 1852 1410; baseline 0.001 -17"><span class='ocrx_word' id='word_1_135' title='bbox 399 1351 530 1394; x_wconf 91' lang='lat' dir='ltr'><strong>finem</strong></span> <span class='ocrx_word' id='word_1_136' title='bbox 561 1349 904 1410; x_wconf 88' lang='lat' dir='ltr'><strong>proficiendum,</strong></span> <span class='ocrx_word' id='word_1_137' title='bbox 937 1365 1027 1394; x_wconf 87' lang='lat' dir='ltr'><strong>non</strong></span> <span class='ocrx_word' id='word_1_138' title='bbox 1050 1365 1201 1394; x_wconf 87' lang='lat' dir='ltr'><strong>sumus</strong></span> <span class='ocrx_word' id='word_1_139' title='bbox 1227 1349 1373 1393; x_wconf 89' lang='lat' dir='ltr'><strong>idonei</strong></span> <span class='ocrx_word' id='word_1_140' title='bbox 1405 1349 1591 1407; x_wconf 87' lang='lat' dir='ltr'><strong>cogitare</strong></span> <span class='ocrx_word' id='word_1_141' title='bbox 1622 1349 1787 1409; x_wconf 89' lang='lat' dir='ltr'><strong>aliquid</strong></span> <span class='ocrx_word' id='word_1_142' title='bbox 1850 1373 1852 1375; x_wconf 96' lang='lat'>·</span> 
     </span>
     <span class='ocr_line' id='line_1_17' title="bbox 396 1421 1852 1481; baseline 0 -17"><span class='ocrx_word' id='word_1_143' title='bbox 396 1421 518 1481; x_wconf 90' lang='lat' dir='ltr'><strong>quasi</strong></span> <span class='ocrx_word' id='word_1_144' title='bbox 534 1436 585 1464; x_wconf 87' lang='lat' dir='ltr'><strong>ex</strong></span> <span class='ocrx_word' id='word_1_145' title='bbox 610 1421 945 1479; x_wconf 83' lang='lat' dir='ltr'><strong>nobismetipsis,</strong></span> <span class='ocrx_word' id='word_1_146' title='bbox 965 1421 1038 1464; x_wconf 91' lang='lat' dir='ltr'><strong>sed</strong></span> <span class='ocrx_word' id='word_1_147' title='bbox 1057 1421 1314 1465; x_wconf 83' lang='lat' dir='ltr'><strong>sufficientia</strong></span> <span class='ocrx_word' id='word_1_148' title='bbox 1333 1429 1480 1464; x_wconf 89' lang='lat' dir='ltr'><strong>nostra</strong></span> <span class='ocrx_word' id='word_1_149' title='bbox 1498 1435 1547 1463; x_wconf 83' lang='lat' dir='ltr'><strong>ex</strong></span> <span class='ocrx_word' id='word_1_150' title='bbox 1561 1422 1650 1464; x_wconf 89' lang='lat' dir='ltr'><strong>Deo</strong></span> <span class='ocrx_word' id='word_1_151' title='bbox 1664 1421 1752 1464; x_wconf 77' lang='lat' dir='ltr'><strong>est⁴</strong></span> <span class='ocrx_word' id='word_1_152' title='bbox 1770 1442 1782 1480; x_wconf 77' lang='lat'>3</span> <span class='ocrx_word' id='word_1_153' title='bbox 1850 1422 1852 1431; x_wconf 93' lang='lat'>&#39;</span> 
     </span>
     <span class='ocr_line' id='line_1_18' title="bbox 394 1490 1778 1549; baseline 0.001 -16"><span class='ocrx_word' id='word_1_154' title='bbox 394 1490 440 1534; x_wconf 89' lang='lat' dir='ltr'><strong>in</strong></span> <span class='ocrx_word' id='word_1_155' title='bbox 463 1491 587 1549; x_wconf 86' lang='lat' dir='ltr'><strong>cujus</strong></span> <span class='ocrx_word' id='word_1_156' title='bbox 613 1499 676 1534; x_wconf 88' lang='lat' dir='ltr'><strong>est</strong></span> <span class='ocrx_word' id='word_1_157' title='bbox 697 1498 911 1549; x_wconf 84' lang='lat' dir='ltr'><strong>potestate</strong></span> <span class='ocrx_word' id='word_1_158' title='bbox 929 1506 1004 1535; x_wconf 89' lang='lat' dir='ltr'><strong>cor</strong></span> <span class='ocrx_word' id='word_1_159' title='bbox 1019 1499 1216 1534; x_wconf 90' lang='lat' dir='ltr'><strong>nostrum</strong></span> <span class='ocrx_word' id='word_1_160' title='bbox 1238 1498 1281 1534; x_wconf 86' lang='lat' dir='ltr'><strong>et</strong></span> <span class='ocrx_word' id='word_1_161' title='bbox 1302 1490 1583 1548; x_wconf 85' lang='lat' dir='ltr'><strong>cogitationes</strong></span> <span class='ocrx_word' id='word_1_162' title='bbox 1605 1498 1778 1534; x_wconf 84' lang='lat' dir='ltr'><strong>nostrae.</strong></span> 
     </span>
    </p>

    <p class='ocr_par' dir='ltr' id='par_1_4' title="bbox 454 1558 1786 1620">
     <span class='ocr_line' id='line_1_19' title="bbox 454 1558 1786 1620; baseline 0.002 -17"><span class='ocrx_word' id='word_1_163' title='bbox 454 1562 577 1604; x_wconf 83' lang='lat' dir='ltr'>XXI.</span> <span class='ocrx_word' id='word_1_164' title='bbox 619 1562 684 1604; x_wconf 89' lang='lat' dir='ltr'><strong>Ex</strong></span> <span class='ocrx_word' id='word_1_165' title='bbox 707 1560 879 1604; x_wconf 90' lang='lat' dir='ltr'><strong>duobus</strong></span> <span class='ocrx_word' id='word_1_166' title='bbox 904 1561 1051 1620; x_wconf 87' lang='lat' dir='ltr'><strong>itaque</strong></span> <span class='ocrx_word' id='word_1_167' title='bbox 1074 1559 1263 1620; x_wconf 86' lang='lat' dir='ltr'><strong>parvulis</strong></span> <span class='ocrx_word' id='word_1_168' title='bbox 1286 1558 1484 1618; x_wconf 86' lang='lat' dir='ltr'><strong>originali</strong></span> <span class='ocrx_word' id='word_1_169' title='bbox 1507 1569 1687 1619; x_wconf 90' lang='lat' dir='ltr'><strong>peccato</strong></span> <span class='ocrx_word' id='word_1_170' title='bbox 1711 1575 1786 1620; x_wconf 90' lang='lat' dir='ltr'><strong>pa-</strong></span> 
     </span>
    </p>
   </div>
   <div class='ocr_carea' id='block_1_4' title="bbox 393 1629 1855 1690">
    <p class='ocr_par' dir='ltr' id='par_1_5' title="bbox 393 1629 1855 1690">
     <span class='ocr_line' id='line_1_20' title="bbox 393 1629 1855 1690; baseline 0.001 -16"><span class='ocrx_word' id='word_1_171' title='bbox 393 1632 497 1675; x_wconf 88' lang='lat' dir='ltr'><strong>riter</strong></span> <span class='ocrx_word' id='word_1_172' title='bbox 519 1631 755 1685; x_wconf 86' lang='lat' dir='ltr'><strong>obstrictis,</strong></span> <span class='ocrx_word' id='word_1_173' title='bbox 774 1647 852 1675; x_wconf 90' lang='lat' dir='ltr'><strong>cur</strong></span> <span class='ocrx_word' id='word_1_174' title='bbox 874 1632 952 1675; x_wconf 89' lang='lat' dir='ltr'><strong>iste</strong></span> <span class='ocrx_word' id='word_1_175' title='bbox 973 1641 1230 1686; x_wconf 86' lang='lat' dir='ltr'><strong>assumatur,</strong></span> <span class='ocrx_word' id='word_1_176' title='bbox 1251 1631 1324 1674; x_wconf 88' lang='lat' dir='ltr'><strong>ille</strong></span> <span class='ocrx_word' id='word_1_177' title='bbox 1347 1629 1621 1690; x_wconf 87' lang='lat' dir='ltr'><strong>relinquatur</strong></span> <span class='ocrx_word' id='word_1_178' title='bbox 1640 1652 1651 1688; x_wconf 82' lang='lat'>3</span> <span class='ocrx_word' id='word_1_179' title='bbox 1671 1640 1714 1675; x_wconf 88' lang='lat' dir='ltr'><strong>et</strong></span> <span class='ocrx_word' id='word_1_180' title='bbox 1735 1647 1786 1676; x_wconf 84' lang='lat' dir='ltr'><strong>ex</strong></span> <span class='ocrx_word' id='word_1_181' title='bbox 1851 1664 1855 1670; x_wconf 81' lang='lat'>·</span> 
     </span>
    </p>
   </div>
   <div class='ocr_carea' id='block_1_5' title="bbox 386 1700 1781 2535">
    <p class='ocr_par' dir='ltr' id='par_1_6' title="bbox 344 1700 1781 2535">
     <span class='ocr_line' id='line_1_21' title="bbox 393 1700 1777 1761; baseline 0 -15"><span class='ocrx_word' id='word_1_182' title='bbox 393 1700 565 1746; x_wconf 88' lang='lat' dir='ltr'><strong>duobus</strong></span> <span class='ocrx_word' id='word_1_183' title='bbox 587 1710 715 1745; x_wconf 81' lang='lat' dir='ltr'><strong>aetate</strong></span> <span class='ocrx_word' id='word_1_184' title='bbox 733 1702 823 1761; x_wconf 85' lang='lat' dir='ltr'><strong>jam</strong></span> <span class='ocrx_word' id='word_1_185' title='bbox 843 1701 1081 1760; x_wconf 86' lang='lat' dir='ltr'><strong>grandibus</strong></span> <span class='ocrx_word' id='word_1_186' title='bbox 1103 1701 1246 1760; x_wconf 90' lang='lat' dir='ltr'><strong>impiis</strong></span> <span class='ocrx_word' id='word_1_187' title='bbox 1265 1736 1275 1756; x_wconf 92' lang='lat'><strong>,</strong></span> <span class='ocrx_word' id='word_1_188' title='bbox 1301 1717 1380 1746; x_wconf 88' lang='lat' dir='ltr'><strong>cur</strong></span> <span class='ocrx_word' id='word_1_189' title='bbox 1401 1701 1482 1745; x_wconf 89' lang='lat' dir='ltr'><strong>iste</strong></span> <span class='ocrx_word' id='word_1_190' title='bbox 1503 1702 1561 1744; x_wconf 90' lang='lat' dir='ltr'><strong>ita</strong></span> <span class='ocrx_word' id='word_1_191' title='bbox 1580 1711 1777 1757; x_wconf 84' lang='lat' dir='ltr'><strong>vocetur,</strong></span> 
     </span>
     <span class='ocr_line' id='line_1_22' title="bbox 390 1771 1781 1831; baseline 0.001 -15.936"><span class='ocrx_word' id='word_1_192' title='bbox 390 1781 440 1815; x_wconf 91' lang='lat' dir='ltr'><strong>ut</strong></span> <span class='ocrx_word' id='word_1_193' title='bbox 463 1780 687 1816; x_wconf 84' lang='lat' dir='ltr'><strong>vocantem</strong></span> <span class='ocrx_word' id='word_1_194' title='bbox 713 1781 920 1831; x_wconf 88' lang='lat' dir='ltr'><strong>sequatur</strong></span> <span class='ocrx_word' id='word_1_195' title='bbox 942 1792 952 1828; x_wconf 77' lang='lat'><em>3</em></span> <span class='ocrx_word' id='word_1_196' title='bbox 974 1771 1046 1815; x_wconf 91' lang='lat' dir='ltr'><strong>ille</strong></span> <span class='ocrx_word' id='word_1_197' title='bbox 1076 1781 1219 1815; x_wconf 85' lang='lat' dir='ltr'><strong>autem</strong></span> <span class='ocrx_word' id='word_1_198' title='bbox 1253 1780 1326 1815; x_wconf 89' lang='lat' dir='ltr'><strong>aut</strong></span> <span class='ocrx_word' id='word_1_199' title='bbox 1360 1786 1449 1814; x_wconf 92' lang='lat' dir='ltr'><strong>non</strong></span> <span class='ocrx_word' id='word_1_200' title='bbox 1471 1780 1652 1815; x_wconf 87' lang='lat' dir='ltr'><strong>vocetur</strong></span> <span class='ocrx_word' id='word_1_201' title='bbox 1668 1806 1679 1826; x_wconf 89' lang='lat'>‚</span> <span class='ocrx_word' id='word_1_202' title='bbox 1706 1781 1781 1817; x_wconf 88' lang='lat' dir='ltr'><strong>aut</strong></span> 
     </span>
     <span class='ocr_line' id='line_1_23' title="bbox 391 1839 1780 1900; baseline 0 -15"><span class='ocrx_word' id='word_1_203' title='bbox 391 1857 480 1885; x_wconf 90' lang='lat' dir='ltr'><strong>non</strong></span> <span class='ocrx_word' id='word_1_204' title='bbox 495 1841 552 1884; x_wconf 88' lang='lat' dir='ltr'><strong>ita</strong></span> <span class='ocrx_word' id='word_1_205' title='bbox 575 1849 754 1884; x_wconf 87' lang='lat' dir='ltr'><strong>vocetur</strong></span> <span class='ocrx_word' id='word_1_206' title='bbox 772 1862 783 1898; x_wconf 76' lang='lat'>3</span> <span class='ocrx_word' id='word_1_207' title='bbox 800 1841 1094 1885; x_wconf 80' lang='lat' dir='ltr'><strong>inscrutabilia</strong></span> <span class='ocrx_word' id='word_1_208' title='bbox 1121 1849 1222 1885; x_wconf 91' lang='lat' dir='ltr'><strong>sunt</strong></span> <span class='ocrx_word' id='word_1_209' title='bbox 1238 1840 1401 1900; x_wconf 88' lang='lat' dir='ltr'><strong>judicia</strong></span> <span class='ocrx_word' id='word_1_210' title='bbox 1417 1841 1509 1884; x_wconf 90' lang='lat' dir='ltr'><strong>Dei.</strong></span> <span class='ocrx_word' id='word_1_211' title='bbox 1528 1843 1593 1884; x_wconf 89' lang='lat' dir='ltr'><strong>Ex</strong></span> <span class='ocrx_word' id='word_1_212' title='bbox 1609 1839 1780 1886; x_wconf 87' lang='lat' dir='ltr'><strong>duobus</strong></span> 
     </span>
     <span class='ocr_line' id='line_1_24' title="bbox 390 1910 1779 1971; baseline 0 -16"><span class='ocrx_word' id='word_1_213' title='bbox 390 1920 533 1955; x_wconf 84' lang='lat' dir='ltr'><strong>autem</strong></span> <span class='ocrx_word' id='word_1_214' title='bbox 574 1911 654 1970; x_wconf 90' lang='lat' dir='ltr'><strong>piis</strong></span> <span class='ocrx_word' id='word_1_215' title='bbox 675 1946 685 1965; x_wconf 74' lang='lat'><strong>,</strong></span> <span class='ocrx_word' id='word_1_216' title='bbox 724 1926 802 1954; x_wconf 90' lang='lat' dir='ltr'><strong>cur</strong></span> <span class='ocrx_word' id='word_1_217' title='bbox 835 1911 937 1954; x_wconf 88' lang='lat' dir='ltr'><strong>huic</strong></span> <span class='ocrx_word' id='word_1_218' title='bbox 981 1911 1169 1955; x_wconf 90' lang='lat' dir='ltr'><strong>donetur</strong></span> <span class='ocrx_word' id='word_1_219' title='bbox 1206 1910 1523 1970; x_wconf 87' lang='lat' dir='ltr'><strong>perseverantia</strong></span> <span class='ocrx_word' id='word_1_220' title='bbox 1555 1925 1695 1971; x_wconf 91' lang='lat' dir='ltr'><strong>usque</strong></span> <span class='ocrx_word' id='word_1_221' title='bbox 1734 1911 1779 1956; x_wconf 90' lang='lat' dir='ltr'><strong>in</strong></span> 
     </span>
     <span class='ocr_line' id='line_1_25' title="bbox 390 1980 1775 2040; baseline 0.001 -15"><span class='ocrx_word' id='word_1_222' title='bbox 390 1982 521 2025; x_wconf 84' lang='lat' dir='ltr'><strong>finem</strong></span> <span class='ocrx_word' id='word_1_223' title='bbox 542 2016 553 2035; x_wconf 85' lang='lat'><strong>‚</strong></span> <span class='ocrx_word' id='word_1_224' title='bbox 585 1980 646 2024; x_wconf 84' lang='lat' dir='ltr'><strong>illi</strong></span> <span class='ocrx_word' id='word_1_225' title='bbox 667 1996 754 2024; x_wconf 89' lang='lat' dir='ltr'><strong>non</strong></span> <span class='ocrx_word' id='word_1_226' title='bbox 779 1982 968 2024; x_wconf 89' lang='lat' dir='ltr'><strong>donetur</strong></span> <span class='ocrx_word' id='word_1_227' title='bbox 989 2002 999 2037; x_wconf 84' lang='lat'><em>3</em></span> <span class='ocrx_word' id='word_1_228' title='bbox 1018 1980 1366 2025; x_wconf 84' lang='lat' dir='ltr'><strong>inscrutabiliora</strong></span> <span class='ocrx_word' id='word_1_229' title='bbox 1388 1989 1489 2024; x_wconf 87' lang='lat' dir='ltr'><strong>sunt</strong></span> <span class='ocrx_word' id='word_1_230' title='bbox 1496 1981 1660 2040; x_wconf 85' lang='lat' dir='ltr'><strong>judicia</strong></span> <span class='ocrx_word' id='word_1_231' title='bbox 1682 1981 1775 2026; x_wconf 85' lang='lat' dir='ltr'><strong>Dei.</strong></span> 
     </span>
     <span class='ocr_line' id='line_1_26' title="bbox 391 2049 1780 2106; baseline 0.002 -13"><span class='ocrx_word' id='word_1_232' title='bbox 391 2050 506 2094; x_wconf 91' lang='lat' dir='ltr'><strong>Illud</strong></span> <span class='ocrx_word' id='word_1_233' title='bbox 531 2060 675 2094; x_wconf 83' lang='lat' dir='ltr'><strong>tamen</strong></span> <span class='ocrx_word' id='word_1_234' title='bbox 702 2049 904 2094; x_wconf 88' lang='lat' dir='ltr'><strong>fidelibus</strong></span> <span class='ocrx_word' id='word_1_235' title='bbox 931 2051 1062 2095; x_wconf 88' lang='lat' dir='ltr'><strong>debet</strong></span> <span class='ocrx_word' id='word_1_236' title='bbox 1084 2067 1173 2095; x_wconf 88' lang='lat' dir='ltr'><strong>esse</strong></span> <span class='ocrx_word' id='word_1_237' title='bbox 1201 2051 1487 2095; x_wconf 89' lang='lat' dir='ltr'><strong>certissimum</strong></span> <span class='ocrx_word' id='word_1_238' title='bbox 1508 2086 1519 2106; x_wconf 92' lang='lat'><strong>,</strong></span> <span class='ocrx_word' id='word_1_239' title='bbox 1544 2052 1664 2096; x_wconf 89' lang='lat' dir='ltr'><strong>hunc</strong></span> <span class='ocrx_word' id='word_1_240' title='bbox 1690 2067 1780 2097; x_wconf 89' lang='lat' dir='ltr'><strong>esse</strong></span> 
     </span>
     <span class='ocr_line' id='line_1_27' title="bbox 388 2120 1780 2180; baseline 0.003 -16"><span class='ocrx_word' id='word_1_241' title='bbox 388 2136 438 2164; x_wconf 88' lang='lat' dir='ltr'><strong>ex</strong></span> <span class='ocrx_word' id='word_1_242' title='bbox 463 2120 775 2180; x_wconf 80' lang='lat' dir='ltr'><strong>praedestinatis</strong></span> <span class='ocrx_word' id='word_1_243' title='bbox 798 2156 808 2175; x_wconf 85' lang='lat'>‚</span> <span class='ocrx_word' id='word_1_244' title='bbox 839 2120 964 2165; x_wconf 73' lang='lat' dir='ltr'><strong>illu‘m</strong></span> <span class='ocrx_word' id='word_1_245' title='bbox 998 2137 1088 2166; x_wconf 91' lang='lat' dir='ltr'><strong>non</strong></span> <span class='ocrx_word' id='word_1_246' title='bbox 1123 2137 1228 2165; x_wconf 81' lang='lat' dir='ltr'><strong>esse.</strong></span> <span class='ocrx_word' id='word_1_247' title='bbox 1267 2141 1287 2164; x_wconf 91' lang='lat'>«</span> <span class='ocrx_word' id='word_1_248' title='bbox 1319 2124 1427 2167; x_wconf 87' lang='lat' dir='ltr'><strong>Nam</strong></span> <span class='ocrx_word' id='word_1_249' title='bbox 1463 2123 1497 2166; x_wconf 90' lang='lat' dir='ltr'><strong>si</strong></span> <span class='ocrx_word' id='word_1_250' title='bbox 1518 2121 1702 2167; x_wconf 88' lang='lat' dir='ltr'><strong>fuissent</strong></span> <span class='ocrx_word' id='word_1_251' title='bbox 1729 2138 1780 2168; x_wconf 86' lang='lat' dir='ltr'><strong>ex</strong></span> 
     </span>
     <span class='ocr_line' id='line_1_28' title="bbox 391 2189 1779 2252; baseline 0.004 -21"><span class='ocrx_word' id='word_1_252' title='bbox 391 2209 410 2231; x_wconf 91' lang='lat'>»</span> <span class='ocrx_word' id='word_1_253' title='bbox 424 2189 563 2245; x_wconf 87' lang='lat' dir='ltr'><strong>nobis,</strong></span> <span class='ocrx_word' id='word_1_254' title='bbox 581 2209 600 2232; x_wconf 91' lang='lat'>»</span> <span class='ocrx_word' id='word_1_255' title='bbox 617 2191 675 2234; x_wconf 88' lang='lat' dir='ltr'><strong>ait</strong></span> <span class='ocrx_word' id='word_1_256' title='bbox 687 2206 802 2234; x_wconf 88' lang='lat' dir='ltr'><strong>unus</strong></span> <span class='ocrx_word' id='word_1_257' title='bbox 816 2192 1240 2250; x_wconf 74' lang='lat' dir='ltr'><strong>praedestinatorum,</strong></span> <span class='ocrx_word' id='word_1_258' title='bbox 1260 2191 1402 2252; x_wconf 85' lang='lat' dir='ltr'><strong>quide</strong></span> <span class='ocrx_word' id='word_1_259' title='bbox 1417 2201 1590 2251; x_wconf 86' lang='lat' dir='ltr'><strong>pectore</strong></span> <span class='ocrx_word' id='word_1_260' title='bbox 1605 2193 1779 2237; x_wconf 90' lang='lat' dir='ltr'><strong>Domini</strong></span> 
     </span>
     <span class='ocr_line' id='line_1_29' title="bbox 387 2262 1774 2324; baseline 0.001 -19"><span class='ocrx_word' id='word_1_261' title='bbox 387 2262 559 2306; x_wconf 85' lang='lat' dir='ltr'><strong>biberat</strong></span> <span class='ocrx_word' id='word_1_262' title='bbox 586 2263 668 2306; x_wconf 90' lang='lat' dir='ltr'><strong>hoc</strong></span> <span class='ocrx_word' id='word_1_263' title='bbox 697 2271 939 2317; x_wconf 83' lang='lat' dir='ltr'><strong>secretum,</strong></span> <span class='ocrx_word' id='word_1_264' title='bbox 972 2282 991 2304; x_wconf 93' lang='lat'>«</span> <span class='ocrx_word' id='word_1_265' title='bbox 1017 2265 1272 2307; x_wconf 82' lang='lat' dir='ltr'><strong>mansissent</strong></span> <span class='ocrx_word' id='word_1_266' title='bbox 1299 2264 1454 2324; x_wconf 89' lang='lat' dir='ltr'><strong>utique</strong></span> <span class='ocrx_word' id='word_1_267' title='bbox 1484 2264 1728 2309; x_wconf 88' lang='lat' dir='ltr'><strong>nobiscum.</strong></span> <span class='ocrx_word' id='word_1_268' title='bbox 1753 2282 1774 2306; x_wconf 73' lang='lat' dir='ltr'>n</span> 
     </span>
     <span class='ocr_line' id='line_1_30' title="bbox 388 2331 1771 2391; baseline 0.003 -17"><span class='ocrx_word' id='word_1_269' title='bbox 388 2331 503 2384; x_wconf 88' lang='lat' dir='ltr'><strong>Quid</strong></span> <span class='ocrx_word' id='word_1_270' title='bbox 526 2340 589 2375; x_wconf 85' lang='lat' dir='ltr'><strong>est</strong></span> <span class='ocrx_word' id='word_1_271' title='bbox 619 2347 766 2391; x_wconf 84' lang='lat' dir='ltr'><strong>quaeso</strong></span> <span class='ocrx_word' id='word_1_272' title='bbox 782 2367 792 2387; x_wconf 83' lang='lat'><em>‚</em></span> <span class='ocrx_word' id='word_1_273' title='bbox 830 2351 848 2373; x_wconf 90' lang='lat'>«</span> <span class='ocrx_word' id='word_1_274' title='bbox 874 2335 971 2377; x_wconf 89' lang='lat' dir='ltr'><strong>Non</strong></span> <span class='ocrx_word' id='word_1_275' title='bbox 994 2342 1119 2377; x_wconf 86' lang='lat' dir='ltr'><strong>erant</strong></span> <span class='ocrx_word' id='word_1_276' title='bbox 1141 2348 1191 2377; x_wconf 84' lang='lat' dir='ltr'><strong>ex</strong></span> <span class='ocrx_word' id='word_1_277' title='bbox 1222 2334 1372 2389; x_wconf 89' lang='lat' dir='ltr'><strong>nobis,</strong></span> <span class='ocrx_word' id='word_1_278' title='bbox 1399 2349 1498 2377; x_wconf 89' lang='lat' dir='ltr'><strong>nam</strong></span> <span class='ocrx_word' id='word_1_279' title='bbox 1523 2334 1556 2377; x_wconf 91' lang='lat' dir='ltr'><strong>si</strong></span> <span class='ocrx_word' id='word_1_280' title='bbox 1574 2334 1771 2390; x_wconf 87' lang='lat' dir='ltr'><strong>fuissent,</strong></span> 
     </span>
     <span class='ocr_line' id='line_1_31' title="bbox 390 2403 1774 2464; baseline 0.007 -22"><span class='ocrx_word' id='word_1_281' title='bbox 390 2420 409 2442; x_wconf 85' lang='lat'>»</span> <span class='ocrx_word' id='word_1_282' title='bbox 432 2403 684 2446; x_wconf 81' lang='lat' dir='ltr'><strong>mansissent</strong></span> <span class='ocrx_word' id='word_1_283' title='bbox 708 2403 859 2463; x_wconf 82' lang='lat' dir='ltr'><strong>utique</strong></span> <span class='ocrx_word' id='word_1_284' title='bbox 879 2403 1105 2448; x_wconf 86' lang='lat' dir='ltr'><strong>nobiscum</strong></span> <span class='ocrx_word' id='word_1_285' title='bbox 1131 2406 1144 2430; x_wconf 89' lang='lat'>⁵</span> <span class='ocrx_word' id='word_1_286' title='bbox 1172 2407 1190 2446; x_wconf 77' lang='lat'><strong>⁶?</strong></span> <span class='ocrx_word' id='word_1_287' title='bbox 1222 2423 1240 2446; x_wconf 67' lang='grc' dir='ltr'><strong>»ι</strong></span> <span class='ocrx_word' id='word_1_288' title='bbox 1264 2406 1419 2450; x_wconf 91' lang='lat' dir='ltr'><strong>Nonne</strong></span> <span class='ocrx_word' id='word_1_289' title='bbox 1441 2404 1616 2464; x_wconf 86' lang='lat' dir='ltr'><strong>utrique</strong></span> <span class='ocrx_word' id='word_1_290' title='bbox 1642 2421 1667 2448; x_wconf 89' lang='lat' dir='ltr'><strong>a</strong></span> <span class='ocrx_word' id='word_1_291' title='bbox 1686 2408 1774 2451; x_wconf 90' lang='lat' dir='ltr'><strong>Deo</strong></span> 
     </span>
     <span class='ocr_line' id='line_1_32' title="bbox 386 2472 1771 2535; baseline 0.002 -20"><span class='ocrx_word' id='word_1_292' title='bbox 386 2472 534 2525; x_wconf 86' lang='lat' dir='ltr'><strong>creati,</strong></span> <span class='ocrx_word' id='word_1_293' title='bbox 554 2473 730 2533; x_wconf 88' lang='lat' dir='ltr'><strong>utrique</strong></span> <span class='ocrx_word' id='word_1_294' title='bbox 752 2489 802 2517; x_wconf 82' lang='lat' dir='ltr'><strong>ex</strong></span> <span class='ocrx_word' id='word_1_295' title='bbox 826 2472 964 2518; x_wconf 86' lang='lat' dir='ltr'><strong>Adam</strong></span> <span class='ocrx_word' id='word_1_296' title='bbox 978 2476 1084 2527; x_wconf 84' lang='lat' dir='ltr'><strong>nati,</strong></span> <span class='ocrx_word' id='word_1_297' title='bbox 1103 2475 1276 2535; x_wconf 85' lang='lat' dir='ltr'><strong>utrique</strong></span> <span class='ocrx_word' id='word_1_298' title='bbox 1298 2475 1353 2519; x_wconf 89' lang='lat' dir='ltr'><strong>de</strong></span> <span class='ocrx_word' id='word_1_299' title='bbox 1374 2478 1488 2519; x_wconf 85' lang='lat' dir='ltr'><strong>terra</strong></span> <span class='ocrx_word' id='word_1_300' title='bbox 1509 2475 1612 2519; x_wconf 74' lang='lat' dir='ltr'><strong>facti</strong></span> <span class='ocrx_word' id='word_1_301' title='bbox 1632 2483 1771 2530; x_wconf 87' lang='lat' dir='ltr'><strong>erant,</strong></span> 
     </span>
    </p>
   </div>
   <div class='ocr_carea' id='block_1_6' title="bbox 386 2572 1772 2670">
    <p class='ocr_par' dir='ltr' id='par_1_7' title="bbox 386 2572 1772 2670">
     <span class='ocr_line' id='line_1_33' title="bbox 435 2572 1772 2617; baseline 0.004 -15"><span class='ocrx_word' id='word_1_302' title='bbox 435 2579 440 2593; x_wconf 89' lang='lat'>¹</span> <span class='ocrx_word' id='word_1_303' title='bbox 465 2572 544 2603; x_wconf 85' lang='lat' dir='ltr'><strong>Psal.</strong></span> <span class='ocrx_word' id='word_1_304' title='bbox 563 2584 674 2611; x_wconf 71' lang='lat' dir='ltr'><strong>czvm,</strong></span> <span class='ocrx_word' id='word_1_305' title='bbox 704 2574 755 2605; x_wconf 84' lang='lat'><strong>36.</strong></span> <span class='ocrx_word' id='word_1_306' title='bbox 779 2592 813 2597; x_wconf 74' lang='lat'><strong>-</strong></span> <span class='ocrx_word' id='word_1_307' title='bbox 832 2583 843 2596; x_wconf 78' lang='lat'>²</span> <span class='ocrx_word' id='word_1_308' title='bbox 873 2577 961 2606; x_wconf 84' lang='lat' dir='ltr'><strong>Joan.</strong></span> <span class='ocrx_word' id='word_1_309' title='bbox 991 2588 1015 2615; x_wconf 87' lang='lat'><strong>1,</strong></span> <span class='ocrx_word' id='word_1_310' title='bbox 1041 2585 1087 2607; x_wconf 78' lang='lat'><strong>12.</strong></span> <span class='ocrx_word' id='word_1_311' title='bbox 1108 2575 1170 2598; x_wconf 62' lang='lat'><strong>-3</strong></span> <span class='ocrx_word' id='word_1_312' title='bbox 1198 2576 1265 2609; x_wconf 82' lang='lat' dir='ltr'><strong>Gal.</strong></span> <span class='ocrx_word' id='word_1_313' title='bbox 1287 2587 1318 2609; x_wconf 77' lang='lat' dir='ltr'><strong>v,</strong></span> <span class='ocrx_word' id='word_1_314' title='bbox 1338 2577 1370 2608; x_wconf 74' lang='lat'><strong>6,</strong></span> <span class='ocrx_word' id='word_1_315' title='bbox 1386 2595 1426 2600; x_wconf 91' lang='lat'>—</span> <span class='ocrx_word' id='word_1_316' title='bbox 1442 2575 1456 2606; x_wconf 69' lang='grc'>4</span> <span class='ocrx_word' id='word_1_317' title='bbox 1475 2585 1494 2609; x_wconf 79' lang='lat'>2</span> <span class='ocrx_word' id='word_1_318' title='bbox 1515 2578 1586 2609; x_wconf 83' lang='lat' dir='ltr'><strong>Cor.</strong></span> <span class='ocrx_word' id='word_1_319' title='bbox 1609 2587 1657 2617; x_wconf 83' lang='grc' dir='ltr'><strong>ιιι,</strong></span> <span class='ocrx_word' id='word_1_320' title='bbox 1686 2575 1772 2608; x_wconf 83' lang='grc'><strong>5.-</strong></span> 
     </span>
     <span class='ocr_line' id='line_1_34' title="bbox 386 2626 694 2670; baseline 0.006 -13"><span class='ocrx_word' id='word_1_321' title='bbox 386 2626 400 2649; x_wconf 82' lang='lat'><strong><em>5</em></strong></span> <span class='ocrx_word' id='word_1_322' title='bbox 428 2636 438 2656; x_wconf 93' lang='lat'>1</span> <span class='ocrx_word' id='word_1_323' title='bbox 463 2630 552 2659; x_wconf 82' lang='lat' dir='ltr'><strong>Joan.</strong></span> <span class='ocrx_word' id='word_1_324' title='bbox 573 2639 607 2669; x_wconf 85' lang='lat' dir='ltr'><strong>n,</strong></span> <span class='ocrx_word' id='word_1_325' title='bbox 644 2640 694 2670; x_wconf 84' lang='lat'><strong>19.</strong></span> 
     </span>
    </p>
   </div>
   <div class='ocr_carea' id='block_1_7' title="bbox 1821 0 1884 3285">
    <p class='ocr_par' dir='ltr' id='par_1_8' title="bbox 1821 0 1884 3285">
     <span class='ocr_line' id='line_1_35' title="bbox 1821 0 1884 3285; baseline 0 0"><span class='ocrx_word' id='word_1_326' title='bbox 1821 0 1884 3285; x_wconf 95' lang='lat' dir='ltr'><strong> </strong></span> 
     </span>
    </p>
   </div>
  </div>
 </body>
</html>
