1821 3264
232 294 376 322 οπως
408 292 586 320 naman.
621 289 784 319 CONTRA
816 289 986 318 sumam.
1022 291 1104 317 Lm.
1143 290 1192 316 11.
1323 275 1409 317 443

29 368 255 428 peccatum
293 356 430 404 videri
447 390 458 411 ‚
497 370 586 401 non
626 370 755 399 omne
803 364 948 400 autem
980 363 1206 414 peccatum
1249 367 1414 413 praeva-

30 431 282 491 ricationem
310 449 323 484 ·‚
354 435 404 472 ut
433 440 511 485 per
541 424 804 469 vocabulum
838 423 1201 484 praevaricationis
1236 432 1415 483 peccato

29 511 191 551 crescat
211 499 399 553 invidia,
425 498 647 556 magisque
665 497 724 540 rei
747 512 835 541 esse
863 496 1093 540 videantur
1111 529 1122 550 ,
1147 495 1223 554 qui
1256 493 1417 537 fuerint

29 580 247 634 praecepta
262 568 517 628 trangressi,
542 582 673 626 quam
695 567 769 625 qui
794 566 884 611 sine
904 566 1030 624 Legis
1045 563 1270 609 admonitu
1284 565 1416 607 ratio-

30 643 96 689 nis
132 641 337 700 ingenitae
366 637 710 683 dissimulatione
737 636 1016 696 deliquerint.
1049 637 1161 678 Ante
1192 649 1286 678 eam
1317 649 1417 691 ergo

31 717 191 772 Legem
209 746 220 766 ‚
246 727 345 770 quae
366 725 444 769 per
459 712 644 766 Moysen
666 707 765 751 data
787 716 850 751 est
870 742 881 761 ‚
908 715 951 750 et
972 706 1223 763 consignata
1245 703 1415 758 litteris,

31 785 156 844 cujus
171 783 394 827 sanctione
412 788 590 825 actuum
608 778 747 822 forma
768 778 1018 837 praescripta
1040 785 1102 820 est
1119 810 1129 830 ,
1147 790 1278 834 quam
1294 775 1420 833 igno-

15 870 126 904 ¹rare
153 852 318 913 populo
355 852 437 896 sub
471 866 520 894 ea
555 849 730 907 degenti
767 864 856 893 non
892 847 1041 901 licuit,
1081 845 1274 890 medium
1308 844 1420 888 illud

30 935 203 985 tempus
234 925 348 968 inter
383 923 522 966 Adam
551 929 595 965 et
621 923 803 977 Moysen
824 954 834 974 ‚
866 917 1070 962 mortales
1112 917 1228 961 varia
1257 915 1422 959 studio-

31 1012 129 1045 rum
148 995 360 1055 pravitate
374 991 565 1053 pollutos
582 1026 594 1047 ‚
613 990 780 1051 peccati
795 987 1048 1050 Apostolus,
1059 1001 1148 1031 non
1164 986 1422 1046 praevarica-

33 1068 163 1115 tionis
185 1074 371 1112 accusat.
395 1082 415 1106 »
1115 1064 1118 1066 ’

93 1142 385 1184 AtctsTmt-s.
421 1133 536 1187 Quid
555 1142 618 1178 est
641 1147 766 1190 ergo,
793 1150 813 1173 «
834 1129 1049 1188 Regnavit
1070 1142 1186 1172 mors
1210 1126 1265 1171 ab
1285 1126 1427 1171 Adam

34 1224 173 1270 usque
193 1207 247 1253 ad
269 1210 452 1264 Moysen
471 1240 482 1260 ,
507 1213 550 1249 et
571 1204 616 1248 in
639 1219 710 1248 eos
739 1202 816 1262 qui
847 1216 935 1244 non
960 1206 1277 1258 peccaverunt,
1302 1198 1348 1241 in
1371 1197 1427 1240 si-

35 1280 331 1331 militudinem
355 1274 723 1337 praevaricationis
746 1273 878 1318 Adae?
904 1291 922 1313 υ
948 1268 1290 1324 Quomodolibet
1312 1267 1428 1311 enim

37 1349 337 1409 distinguam,
363 1356 514 1392 contra
534 1361 610 1390 vos
633 1344 787 1389 dixisse
807 1341 1042 1403 Apostolus
1059 1339 1295 1384 invenitur.
1319 1341 1429 1383 Nam

35 1424 98 1478 si,
124 1442 144 1465 «
166 1419 382 1480 Regnavit
404 1433 518 1462 mors
537 1427 580 1461 et
597 1417 641 1460 in
658 1431 730 1459 eos
747 1415 823 1475 qui
837 1428 928 1457 non
941 1419 1254 1472 peccaverunt,
1272 1408 1429 1452 distin-

37 1494 210 1549 xeritis3
238 1488 463 1551 quomodo
485 1488 539 1533 sit
561 1489 728 1547 justum
746 1520 757 1540 ‚
788 1484 869 1528 nisi
893 1492 1069 1542 propter
1099 1478 1305 1538 originale
1326 1493 1431 1538 pec-

39 1564 216 1609 catum?
246 1564 302 1606 Et
330 1560 428 1604 ideo
456 1569 664 1617 tanquam
695 1564 991 1616 quaereretur,
1028 1568 1162 1613 quare
1191 1550 1433 1608 regnaverit

40 1645 84 1679 et
99 1635 145 1678 in
162 1648 234 1678 eos
251 1631 328 1691 qui
346 1646 433 1675 non
452 1636 747 1689 peccaverunt
761 1661 771 1681 ‚
794 1624 1014 1685 responsio
1036 1621 1206 1667 reddita
1228 1629 1316 1674 est,
1341 1639 1362 1662 «
1382 1623 1434 1664 In

41 1704 370 1750 similitudinem
394 1699 761 1761 praevaricationis
781 1696 910 1754 Adae3
936 1714 955 1737 u
980 1695 1023 1738 id
1043 1703 1105 1738 est
1119 1729 1130 1748 ,
1150 1708 1239 1737 non
1258 1700 1435 1751 propter

42 1792 119 1822 sua
138 1774 312 1834 propria
335 1780 509 1831 peccata
531 1805 541 1824 ‚
561 1768 636 1813 sed
658 1768 865 1829 quoniam
884 1767 950 1810 sui
971 1764 1130 1809 similes
1149 1763 1298 1822 genuit
1319 1777 1434 1820 prae-

43 1846 255 1890 varicator
287 1842 423 1887 Adam
444 1862 455 1898 3
478 1841 589 1884 sicut
609 1847 905 1897 exposuerunt
928 1837 1021 1879 haec
1050 1834 1182 1878 verba
1208 1833 1337 1876 etiarn
1360 1831 1435 1890 qui

45 1924 146 1963 ante
167 1929 246 1958 nos
263 1911 466 1957 catholici
489 1910 687 1954 doctores
702 1908 898 1952 fuerunt.
925 1904 1129 1959 Quamvis
1151 1904 1265 1947 enim
1283 1916 1436 1961 pecca-

46 1996 141 2032 tum
157 1983 268 2031 illud
288 1983 479 2043 primum
497 1989 627 2040 atque
646 1993 783 2022 unum
796 2012 808 2032 ‚
828 1976 949 2036 quod
965 1990 1042 2034 per
1060 1989 1197 2018 unum
1216 1973 1438 2016 hominem

47 2055 225 2100 intravit
241 2056 287 2098 in
303 2052 540 2106 mundum,
561 2063 795 2096 commune
813 2049 867 2091 sit
885 2046 1078 2091 omnium
1094 2079 1104 2098 ,
1126 2052 1302 2103 propter
1319 2039 1440 2102 quod

49 2127 217 2172 dictum
245 2133 331 2179 est,
357 2126 409 2167 In
432 2138 522 2182 quo
549 2136 697 2165 omnes
717 2126 1038 2178 peceaverunt:
1066 2125 1212 2159 tamen
1235 2129 1311 2157 sua
1336 2128 1439 2172 pro-

49 2197 142 2257 pria
163 2193 334 2255 parvuli
363 2202 538 2252 peecata
571 2206 660 2234 non
690 2190 869 2233 habent.
902 2190 958 2231 Et
988 2186 1086 2230 ideo
1120 2184 1174 2229 de
1198 2183 1282 2229 illis
1312 2183 1442 2227 etiam

50 2269 133 2312 hoc
154 2266 364 2311 veraciter
385 2263 470 2308 dici
486 2262 652 2322 potuit,
679 2260 799 2320 quod
819 2274 907 2302 non
922 2265 1211 2317 peccaverunt
1227 2275 1238 2311 3
1255 2254 1329 2298 sed
1346 2266 1441 2309 reg·

54 2338 174 2383 navit
195 2337 240 2380 in
262 2351 334 2379 eos
357 2349 472 2378 mors
499 2333 544 2376 in
567 2329 896 2375 similitudinem
912 2363 923 2383 ‚
955 2337 1003 2371 ut
1030 2326 1195 2370 dictum
1221 2333 1305 2377 est,
1328 2338 1442 2381 prae-

56 2405 330 2453 varicationis
364 2404 486 2448 Adae.
521 2403 564 2447 Si
589 2410 757 2454 autem,
791 2418 810 2441 «
837 2398 1051 2457 Regnavit
1074 2410 1189 2438 mors
1218 2393 1272 2437 ab
1302 2392 1442 2436 Adam

57 2492 196 2537 usque
217 2475 272 2520 ad
293 2478 473 2532 Moysen
494 2482 537 2516 et
558 2473 604 2516 in
624 2486 696 2515 eos
713 2471 789 2530 qui
811 2484 899 2512 nou
922 2474 1212 2527 peccaverunt
1233 2463 1279 2506 in
1301 2460 1445 2506 simili-

59 2548 258 2595 tudinem
276 2543 639 2606 praevaricationis
657 2540 765 2586 Adae
781 2575 792 2592 ‚
816 2559 835 2579 »
860 2539 910 2583 Id
927 2546 990 2583 est
1008 2572 1018 2590 ‚
1043 2545 1086 2579 et
1102 2535 1145 2578 in
1163 2549 1233 2577 eos
1249 2533 1325 2592 qui
1345 2546 1446 2591 pec·
1487 2548 1494 2554 ·

63 2626 271 2662 caverunt
289 2615 463 2675 quidem
482 2635 493 2671 3
513 2611 588 2657 sed
610 2627 700 2655 non
716 2611 761 2654 in
784 2606 1110 2653 similitudinem
1126 2603 1445 2663 praevaricatio-
