1821 3264
268 269 411 296 OPErus
443 268 619 295 lMPERF.
653 266 817 294 CONTRA
849 268 1018 296 JuLlAN.
1055 271 1137 296 Lm.
1176 272 1204 295 1.
1342 260 1423 297 307

45 332 101 376 lia
133 333 329 389 imaginis
357 332 458 387 Dei,
494 332 680 392 separari
700 347 724 376 a
754 347 886 390 regno
913 333 1007 377 Dei.
1035 332 1121 378 Sed
1147 348 1223 378 vos
1252 334 1287 377 si
1310 333 1428 378 illam

45 412 366 464 perseveranter
387 402 600 462 negabitis
618 402 818 462 gratiam,
839 404 891 448 ad
910 404 993 448 hoc
1003 404 1216 463 judicium
1235 420 1309 449 vos
1327 420 1429 464 per-

45 474 182 518 tinere
214 474 508 519 monstrabitis
541 492 550 519 2
585 473 707 533 quod
734 474 888 533 utique
916 474 963 519 in
995 475 1186 534 parvulis
1218 476 1428 535 injustum

44 555 153 590 esset
166 580 178 599 ,
199 546 231 589 si
252 554 480 605 peccatum
502 544 709 604 originale
725 561 816 590 non
838 554 963 590 esset.
1466 575 1468 577 -

102 618 369 661 CXXXVII.
395 619 620 662 Jumnms.
646 616 777 670 Quod
807 626 856 662 ut
883 616 1042 662 claruit
1071 617 1330 675 Apostolum
1358 617 1428 662 di-

43 686 151 732 xisse
165 687 222 731 de
238 689 453 744 moribus,
478 690 537 733 ita
559 697 738 747 apparet
754 698 919 748 quanta
940 689 1290 733 testimoniorum
1306 690 1431 748 Legis

44 759 191 818 inopia
211 758 404 815 labores,
422 760 498 819 qui
520 759 576 803 ab
592 759 658 803 his
682 760 906 804 sententiis
923 770 1076 805 contra
1095 759 1279 804 fulmina
1304 761 1432 804 ratio·

45 829 110 873 nis
140 844 269 888 opem
302 831 438 889 petis,
472 845 571 890 quae
598 829 679 874 tibi
708 829 1028 888 dedignantur,
1057 832 1147 876 imo
1176 840 1332 876 natura
1366 830 1433 875 sui

45 901 276 945 subvenire
298 916 386 945 non
409 910 605 960 possunt.

103 974 395 1016 Aret-snus.
427 974 590 1017 Contra
624 970 882 1030 Apostolum
918 970 1159 1025 dicentem,
1195 987 1246 1015 ex
1280 970 1431 1015 eadem

45 1057 182 1086 massa
204 1042 323 1087 aliud
339 1058 412 1087 vas
433 1043 479 1086 in
495 1044 729 1097 honorem,
755 1042 874 1086 aliud
892 1042 937 1086 in
959 1041 1269 1087 contumeliam
1293 1045 1431 1086 Deum

44 1111 214 1170 facere·⁷
238 1128 319 1157 nec
338 1112 577 1167 dicentem,
602 1112 720 1157 aliud
741 1128 819 1157 nec
836 1113 883 1156 in
900 1114 1133 1167 honorem,
1154 1128 1234 1156 nec
1258 1112 1300 1155 in
1326 1127 1433 1156 con-

46 1182 285 1237 tumeliam,
311 1183 432 1243 quod
464 1184 616 1242 utique
639 1183 826 1238 diceret,
850 1184 884 1227 si
910 1184 995 1228 hoc
1017 1182 1138 1244 quod
1162 1197 1237 1227 vos
1258 1182 1313 1226 de
1335 1198 1435 1241 par-

45 1253 156 1298 vulis
171 1254 366 1298 crederet
383 1273 393 1299 :
414 1264 565 1299 contra
579 1255 698 1299 hunc
715 1270 818 1313 ergo
834 1253 1041 1299 divinitus
1058 1255 1331 1298 intonantem
1345 1268 1434 1298 non

8 1330 10 1332 ’
47 1333 110 1368 est
131 1322 341 1367 fulminea
361 1324 470 1369 ratio
486 1334 651 1378 vestra,
673 1323 748 1368 sed
766 1323 930 1368 fumea.

105 1397 393 1439 CXXXVIII.
413 1398 437 1439 J
444 1416 463 1439 L
473 1412 641 1440 naurs.
665 1398 722 1439 Et
736 1396 830 1439 haec
846 1395 1022 1454 quidem
1041 1403 1256 1454 quantum
1271 1402 1437 1453 spectat

48 1464 102 1509 ad
125 1466 421 1510 testimonium
437 1465 633 1525 Apostoli
649 1465 867 1524 disputata
882 1475 997 1509 sunt.
1015 1468 1232 1510 Caeterum
1248 1465 1291 1508 in
1308 1467 1438 1518 Isaia,

47 1538 166 1581 unde
187 1538 324 1596 ipsam
342 1538 599 1582 sententiam
615 1538 775 1582 Paulus
796 1537 1052 1596 assumpsit,
1081 1538 1126 1581 in
1155 1546 1325 1581 tantum
1349 1551 1438 1580 non

47 1606 236 1651 deterret
253 1611 367 1652 Deus
382 1608 683 1652 rationabilem
705 1617 947 1652 creaturam
967 1624 990 1650 a
1009 1607 1076 1651 sui
1093 1606 1438 1652 consideratione

43 1676 208 1737 judicii,
234 1687 286 1722 ut
301 1678 412 1723 sicut
426 1694 503 1737 per
518 1678 721 1722 eumdem
739 1679 1000 1737 Prophetam
1017 1677 1200 1732 dixerat,
1222 1676 1439 1730 Quiescite

48 1762 173 1805 agere
190 1763 404 1807 perverse,
422 1749 574 1792 discite
590 1749 702 1792 bene
720 1747 879 1802 facere,
905 1749 1135 1792 subvenite
1157 1763 1380 1806 oppresso,
1395 1756 1439 1792 et

47 1819 209 1873 venite,
232 1820 400 1878 arguite
416 1835 501 1874 me,
523 1818 629 1862 dicit
643 1819 869 1862 Dominus¹
886 1837 895 1863 z
910 1819 967 1862 ita
982 1819 1111 1862 etiam
1134 1819 1226 1873 hic,
1253 1834 1308 1862 ne
1332 1817 1440 1878 quid

51 1898 263 1947 potestate
285 1889 398 1943 sola,
425 1905 514 1934 non
531 1891 696 1949 justitia
721 1890 941 1933 videretur
963 1889 1128 1944 fecisse,
1150 1889 1438 1949 dispensatio-

49 1975 158 2004 num
179 1976 356 2005 suarum
379 1961 586 2019 dignatur
609 1960 775 2019 aperire
799 1960 1025 2004 rationem.
1051 1960 1225 2004 Afflicto
1247 1960 1363 2003 enim
1392 1960 1438 2002 in

49 2031 301 2090 captivitate
339 2031 504 2091 populo
546 2030 803 2075 Judaeorum
838 2031 1148 2090 redemptionis
1182 2031 1437 2090 appropiare

50 2110 239 2160 tempus,
257 2117 348 2161 quo
366 2102 420 2146 ad
443 2111 602 2146 terram
621 2117 743 2146 suam
762 2110 1097 2156 reverterentur,
1119 2101 1372 2157 annuntiat3
1392 2109 1436 2144 et

50 2187 225 2217 causam
238 2173 307 2217 vel
321 2172 664 2232 praecedentium
679 2188 893 2232 angorum
908 2182 1081 2225 reserat,
1096 2172 1165 2217 vel
1179 2171 1437 2216 instantium

51 2243 327 2301 gaudiorum.
352 2263 373 2287 «
397 2243 631 2303 Epuletur,
648 2243 810 2303 inquit,
833 2243 997 2288 coelum
1015 2243 1217 2303 desuper,
1241 2252 1284 2288 et
1302 2243 1443 2286 nubes

54 2332 75 2357 »
95 2324 297 2374 spargant
306 2315 519 2375 justitiam
538 2335 549 2373 3
566 2311 730 2360 oriatur
752 2330 804 2358 ex
826 2324 939 2359 terra
961 2314 1254 2359 misericordia
1273 2313 1443 2373 etjusti-

55 2403 76 2427 »
102 2386 160 2431 tia
182 2386 325 2431 simul.
352 2390 444 2445 Ego
461 2402 559 2431 sum
582 2387 791 2431 Dominus
808 2390 919 2431 Deus
938 2386 1169 2446 quicreavi
1193 2395 1252 2440 te,
1280 2384 1442 2429 faciens

55 2473 76 2498 >²
96 2455 332 2511 meliorem,
353 2457 595 2517 praeparavi
614 2466 654 2502 le
676 2458 787 2502 sicut
802 2456 945 2502 lutum
968 2455 1105 2514 figuli.
1123 2454 1349 2515 Numquid
1367 2454 1444 2515 qui

56 2543 76 2569 η
100 2536 218 2583 arat,
243 2528 382 2573 arabit
412 2538 572 2575 terram
604 2544 681 2589 per
705 2543 880 2574 omnem
912 2527 1053 2573 diem?
1084 2526 1310 2587 Numquid
1335 2525 1458 2571 dicit.

104 2608 110 2623 ¹
140 2601 211 2634 lsai.
239 2612 262 2643 1,
291 2601 330 2634 16
347 2605 380 2634 et
398 2612 489 2646 seqq.

1190 2655 1257 2693 ΞΓ).
