1884 3285
429 252 512 291 260
855 259 888 286 s.
925 260 1154 289 AUGUSTINI
1187 262 1366 290 EPISCOPI

424 329 546 380 bant,
570 326 771 369 libertate
801 324 1084 383 indigebant,
1111 342 1240 386 quam
1263 326 1574 386 promittebat:
1610 346 1630 370 «
1654 329 1805 374 Omnis

424 416 444 439 »
470 396 610 450 enim,
636 395 807 454 inquit,
832 410 921 439 non
950 397 1027 456 qui
1061 395 1163 441 feeit
1180 433 1191 452 3
1221 397 1296 441 sed
1328 398 1402 456 qui
1425 397 1528 441 facit
1558 408 1801 457 peccatum,

421 485 441 509 »
465 481 612 511 servus
645 475 709 510 est
745 466 913 524 peccati
944 468 975 510 1.
1015 485 1034 508 »
1072 467 1185 520 Quid
1220 468 1350 513 verba
1387 467 1531 512 lucida
1567 467 1805 527 caliginosis

416 537 782 597 disputationibus
814 538 1044 581 obscurare
1081 539 1248 583 conaris
1274 540 1292 579 ἱ)
1326 540 1579 597 Erumpunt
1608 539 1802 595 omnino,

414 617 457 652 et
478 617 521 652 te
549 606 651 652 licet
673 607 930 663 obsistente,
956 606 1127 666 fulgore
1149 625 1227 654 suo
1255 609 1438 653 vincunt
1463 608 1663 653 tenebras
1691 618 1802 654 tuas.

418 678 610 733 «Omnis,
630 677 704 733 ait,
719 678 795 737 qui
808 676 911 723 facit
922 687 1165 737 peccatum,
1186 695 1330 725 servus
1346 688 1410 723 est
1427 679 1638 737 peccati.»
1651 679 1802 734 Audis,

416 749 494 807 qui
521 747 625 792 facit
656 768 665 792 2
697 757 739 792 et
773 757 821 791 tu
853 763 943 792 non
976 763 1194 808 exponere
1211 784 1221 804 ,
1248 750 1324 794 sed
1360 764 1603 808 supponere
1622 749 1710 804 vis,
1731 749 1806 809 qui

413 816 532 861 fecit.
554 817 747 862 Audiant
769 832 892 876 ergo,
927 819 1087 878 quibus
1109 819 1200 879 ipse
1221 820 1359 879 aperit
1388 834 1586 873 sensum,
1608 829 1657 864 ut
1676 819 1805 863 intel-

411 888 550 947 ligant
568 890 810 948 Scripturas
837 909 845 933 :
875 889 1054 934 audiant
1076 910 1084 934 :
1114 909 1134 933 «
1160 892 1311 935 Omnis
1333 891 1409 951 qui
1429 891 1534 935 facit
1556 899 1801 949 peccatum,

417 977 437 1001 »
464 975 610 1005 servus
629 968 692 1003 est
722 960 884 1017 peccati
911 963 943 1003 2.
972 979 992 1001 »
1018 963 1074 1005 Et
1096 971 1293 1020 quaerant
1321 962 1517 1020 accipere
1540 961 1802 1016 libertatem,

408 1039 459 1074 ut
480 1046 570 1075 non
591 1030 753 1075 faciant
780 1039 1026 1089 peccatum,
1045 1031 1283 1075 clamantes
1306 1032 1362 1075 ad
1385 1047 1502 1085 eum⁷
1525 1032 1597 1075 cui
1616 1030 1802 1075 dicitur:

412 1119 433 1142 «
457 1101 619 1144 Itinera
641 1116 737 1145 mea
765 1100 903 1158 dirige
922 1102 1167 1144 secundum
1194 1101 1378 1145 verbum
1409 1110 1534 1144 tuum
1552 1135 1562 1155 ‚
1585 1109 1628 1143 et
1645 1115 1699 1143 ne
1730 1099 1806 1145 do-

408 1188 430 1211 »
456 1171 648 1214 minetur
680 1171 786 1214 mihi
815 1170 954 1214 omnis
986 1171 1189 1228 iniquitas
1221 1171 1252 1213 3.
1290 1188 1310 1210 »
1353 1172 1442 1214 Cur
1476 1178 1618 1214 autem
1658 1170 1806 1214 illudis

409 1241 606 1284 sensibus
628 1240 834 1294 tardi83et
853 1240 912 1284 ita
934 1240 1126 1283 insinuas
1148 1240 1280 1284 verba
1303 1240 1492 1284 Domini.
1517 1240 1638 1300 quasi
1652 1241 1806 1285 dixerit

408 1325 582 1355 servum
600 1326 691 1355 non
718 1325 807 1354 esse
830 1311 995 1369 peccati
1012 1345 1022 1365 ,
1053 1310 1134 1353 nisi
1155 1325 1255 1354 eum
1279 1311 1354 1369 qui
1376 1310 1527 1355 fecerit
1543 1311 1633 1370 ipse
1655 1326 1807 1370 pecea-

408 1389 518 1424 tum.
546 1381 718 1424 Fraude
747 1380 835 1438 agis
851 1414 862 1434 ‚
888 1394 979 1424 non
1002 1380 1086 1424 hoc
1108 1379 1216 1424 dixit
1239 1400 1247 1424 ι
1273 1394 1363 1424 non
1397 1381 1512 1424 enim
1537 1380 1596 1424 ait
1624 1400 1632 1425 :
1665 1383 1804 1426 Nemo

408 1460 471 1494 est
508 1466 654 1495 servus
695 1450 861 1510 peccati
880 1485 891 1505 ‚
922 1451 1003 1494 nisi
1041 1451 1116 1509 qui
1145 1449 1248 1495 facit
1285 1459 1512 1510 peccatum
1549 1472 1560 1508 3
1593 1451 1668 1494 sed
1706 1453 1765 1495 ait
1793 1470 1802 1496 ε

413 1522 596 1565 «Omnis
610 1522 687 1580 qui
701 1520 805 1565 facit
820 1531 1064 1580 peccatum,
1086 1537 1235 1565 servus
1258 1531 1320 1566 est
1335 1522 1545 1580 peccati.»
1559 1523 1670 1566 Sunt
1691 1523 1805 1565 enim

408 1591 519 1635 servi
531 1592 695 1650 peccati
712 1591 946 1648 originalis,
965 1592 1042 1651 qui
1060 1601 1288 1650 peecatum
1307 1593 1384 1651 ipsi
1399 1591 1597 1636 nondum
1609 1591 1776 1636 faciunt
1793 1613 1804 1651 3

410 1670 453 1705 et
473 1661 526 1705 ab
548 1662 631 1706 hoc
653 1661 824 1706 vinculo
852 1662 1068 1706 servitutis
1084 1662 1408 1719 regeneratione
1437 1661 1682 1706 solvuntur.
1708 1665 1806 1707 Non

409 1732 546 1790 igitur
566 1734 705 1777 omnis
726 1733 804 1792 qui
835 1748 982 1777 servus
1015 1741 1078 1776 est
1100 1733 1266 1791 peccati
1284 1766 1294 1786 ,
1321 1732 1426 1776 facit
1450 1741 1675 1791 peceatum
1695 1753 1707 1791 3
1731 1733 1807 1777 sed

413 1803 553 1846 omnis
580 1803 657 1862 qui
678 1801 783 1846 facit
811 1811 1037 1860 peccatum
1057 1836 1068 1857 ‚
1093 1817 1240 1847 servus
1263 1811 1327 1846 est
1347 1802 1516 1861 peccati
1541 1820 1549 1846 :
1574 1802 1686 1847 sicut
1714 1818 1804 1847 non

415 1887 545 1917 omne
579 1872 739 1916 animal
768 1888 904 1931 equus
926 1881 1022 1930 est3
1047 1872 1122 1916 sed
1147 1881 1293 1916 tamen
1320 1872 1459 1916 omnis
1486 1888 1624 1932 equus
1645 1872 1807 1917 animal

416 1953 495 1987 est.
521 1943 606 1987 Ubi
626 1952 689 1987 est
711 1942 938 1987 dialectica
961 1952 1052 1998 tua,
1077 1958 1164 2003 qua
1185 1952 1227 1987 te
1251 1944 1402 1987 inflare
1420 1944 1636 1988 consuesti
1659 1946 1677 1987 ’ἓ
1701 1947 1805 1988 Tam

419 2012 600 2057 doctum
621 2022 665 2056 et
687 2022 862 2057 acutum
886 2028 1021 2072 quare
1044 2022 1087 2057 te
1112 2014 1191 2058 ista
1218 2013 1395 2072 fugiunt
1415 2016 1433 2058 P
1461 2024 1536 2058 aut
1549 2030 1684 2074 quare
1705 2015 1808 2059 insi-

420 2083 549 2127 diaris
566 2083 751 2127 indoctis
774 2092 817 2126 et
839 2082 971 2127 tardis
987 2117 998 2138 ,
1024 2084 1058 2127 si
1081 2092 1122 2127 te
1143 2084 1222 2128 ista
1243 2099 1332 2128 non
1355 2084 1532 2143 fugiunt
1553 2086 1570 2126 ἱ)

480 2153 586 2206 Quis
615 2162 760 2197 autem
794 2161 992 2197 nostrum
1020 2153 1156 2208 dicit,
1188 2154 1512 2198 universitatem
1530 2154 1758 2199 hominum
1784 2170 1808 2199 a

422 2222 595 2267 diabolo
617 2222 824 2282 possideri
845 2244 856 2280 3
879 2239 980 2267 eum
1002 2233 1251 2268 sanctorum
1273 2234 1392 2268 tanta
1410 2225 1495 2268 sint
1512 2224 1646 2269 millia
1668 2260 1679 2280 3
1707 2240 1807 2286 quae

422 2307 512 2337 non
533 2293 808 2352 possidentur
833 2308 856 2335 a
874 2293 1049 2337 diabolo
1072 2296 1090 2337 Ξ)
1112 2296 1195 2339 Sed
1213 2294 1394 2338 dicimus
1414 2330 1424 2350 3
1445 2311 1516 2339 eos
1534 2295 1646 2340 solos
1669 2311 1691 2339 a
1715 2297 1807 2340 dia-

424 2362 526 2408 bolo
555 2380 642 2408 non
680 2363 915 2423 possideri,
953 2380 1061 2423 quos
1095 2365 1254 2410 Christi
1292 2364 1446 2409 liberat
1479 2368 1610 2424 gratia
1643 2388 1654 2424 3
1685 2368 1807 2427 cujus

424 2435 570 2492 gratiae
590 2450 666 2478 vos
689 2434 787 2477 estis
804 2433 980 2477 inimici.
1001 2434 1042 2478 Si
1061 2435 1175 2477 enim
1196 2436 1306 2478 hanc
1327 2436 1505 2493 gratiam
1528 2452 1615 2480 non
1634 2453 1806 2496 oppug-

422 2504 596 2558 naretis,
616 2503 691 2547 sed
714 2502 1036 2560 intelligeretis3
1065 2503 1214 2562 procul
1249 2504 1384 2548 dubio
1403 2505 1529 2548 etiam
1554 2514 1653 2550 ante
1670 2508 1805 2550 Vetus

471 2593 477 2608 ¹
498 2588 590 2619 Joan.
614 2597 678 2625 vni,
702 2586 752 2628 34.
776 2601 818 2610 ω
847 2588 925 2619 Luc.
946 2597 1032 2626 μιν,
1054 2585 1107 2627 45.
1127 2604 1168 2610 —-
1184 2585 1198 2610 3
1223 2585 1309 2619 ΡειΙ.
1329 2599 1442 2628 cxviii,
1466 2590 1536 2622 133.
