1884 3285
446 280 529 318 440
885 301 916 325 s.
954 299 1184 331 Aucustrnss
1218 307 1396 336 nrrscom

444 373 462 395 »
485 370 596 399 unus
624 356 825 417 fuerunt3
850 362 951 421 quia
971 374 1011 408 et
1025 365 1087 409 illi
1101 368 1436 424 duo‚rnasculus
1459 385 1501 421 et
1522 377 1720 437 foemina,
1735 399 1824 430 non
1849 391 1857 437 ⁸.-

441 443 460 464 »
482 425 571 483 jam
604 427 694 471 duo
733 440 886 486 erant,
912 434 987 478 sed
1011 451 1094 480 una
1126 453 1222 484 caro
1241 443 1271 484 ¹.
1310 461 1328 483 υ
1365 446 1421 489 Et
1445 461 1525 505 ego
1548 448 1604 492 de
1621 453 1823 499 omnibus
1876 475 1884 503 ε

437 495 592 552 genitis
610 496 728 553 dixi,
755 502 962 559 quoniam
992 508 1170 565 quando
1195 524 1417 569 peccatum
1449 526 1534 572 est,
1563 534 1712 566 omnes
1748 523 1822 569 ille

437 579 548 608 unus
563 563 742 611 fuerunt
760 588 767 613 :
784 572 981 617 nondum
996 576 1158 636 quippe
1171 579 1273 624 inde
1290 582 1431 628 fuerat
1444 585 1559 631 ullus
1573 588 1618 633 in
1639 600 1820 638 matrem
1850 604 1853 631 :

432 636 716 682 seminatione
747 643 1021 704 transfusus,-
1053 657 1096 692 et
1120 651 1270 711 utique
1305 653 1380 698 filii
1407 672 1430 700 a
1463 657 1563 703 viris
1598 662 1819 708 transfun-

432 704 600 750 duntur
618 708 663 751 in
679 708 894 757 foeminas.
913 717 1175 776 thualibet
1190 737 1308 782 ergo,
1326 734 1368 769 et
1385 729 1658 786 quantalibet
1679 743 1816 791 parte,
1849 766 1853 772 -

431 790 580 820 omnes
602 780 677 837 qui
700 795 749 823 ex
772 781 846 826 illo
870 787 959 829 nati
980 798 1098 844 sunt,
1118 789 1191 834 ille
1205 808 1317 838 unus
1339 796 1534 853 fuerunt,
1557 800 1646 845 sive
1660 817 1819 850 seeun—
1848 805 1851 810 ⁸

429 845 537 888 dum
565 847 704 892 solum
735 866 920 911 corpus,
956 857 1044 901 sive
1078 863 1318 908 secundum
1358 875 1590 929 utramque
1630 872 1818 920 hominis

431 924 596 973 partem
621 939 632 975 3
661 921 782 978 quod
819 938 888 967 me
910 928 1074 972 nescire
1096 933 1308 978 confiteor
1330 970 1341 989 ,
1373 952 1452 982 nec
1484 954 1554 983 me
1574 941 1712 1000 pudet
1730 979 1742 999 ,
1767 955 1818 990 ut

425 1001 516 1040 vos,
543 987 666 1033 fateri
688 993 852 1037 nescire
873 999 992 1055 quod
1027 1003 1171 1046 nescio
1201 1023 1208 1048 :
1242 1021 1322 1050 nec
1344 1006 1442 1052 ideo
1464 1018 1611 1057 tamen
1637 1016 1784 1060 nescio
1801 1051 1812 1072 ‚
1854 1024 1855 1028 ’

425 1054 479 1098 (16
510 1060 629 1102 omni
656 1061 834 1107 homine
865 1068 1073 1126 scriptum
1099 1087 1189 1115 esse
1217 1093 1224 1117 :
1256 1094 1274 1116 «
1302 1079 1444 1123 Homo
1465 1082 1647 1126 vanitati
1667 1085 1816 1130 similis

428 1144 446 1165 >1
473 1124 612 1172 factus
644 1141 729 1185 est,
755 1133 845 1178 dies
874 1137 964 1195 ejus
987 1140 1106 1183 velut
1129 1144 1284 1189 umbra
1307 1157 1573 1205 praetereunt
1595 1155 1613 1178 ²
1633 1172 1641 1197 ε
1671 1172 1690 1196 »
1712 1156 1815 1215 quia

422 1204 465 1237 ct
486 1196 589 1239 alibi
623 1200 772 1245 eadem
813 1216 958 1250 sancta
996 1211 1216 1270 Scriptura
1251 1215 1356 1261 dicit
1388 1237 1396 1262 :
1439 1239 1458 1260 «
1501 1223 1813 1271 Verumtamen

424 1283 442 1305 »
471 1268 668 1314 universa
692 1275 856 1319 vanitas
878 1280 1017 1324 omnis
1035 1282 1167 1329 homo
1190 1287 1364 1332 vivens3
1383 1307 1391 1333 ς
1411 1308 1431 1332 »
1452 1292 1573 1351 quod
1587 1295 1708 1353 justo
1724 1298 1813 1342 Deo
1853 1291 1858 1343 ᾗ

419 1348 591 1382 creante
617 1357 703 1386 non
728 1345 851 1389 fieret
867 1383 876 1401 ,
904 1351 937 1393 si
970 1365 1197 1410 peccatum
1221 1359 1430 1416 originale
1451 1378 1540 1407 non
1565 1375 1688 1411 esset.

424 1432 427 1434 -
477 1410 673 1455 CLXIX.
699 1416 926 1463 JULJANUS.
953 1440 972 1463 «
1002 1423 1168 1470 Deinde
1199 1429 1364 1474 etiamsi
1389 1432 1472 1476 hoc
1488 1433 1630 1479 solum
1648 1437 1704 1481 ad
1723 1453 1811 1483 car·
1856 1445 1859 1465 ¹

416 1492 517 1521 nem
533 1480 689 1526 referas
714 1504 723 1540 3
747 1501 826 1531 nec
842 1489 901 1533 sic
925 1502 1066 1549 potest
1088 1496 1181 1540 haec
1205 1498 1505 1560 intelligentiae
1529 1514 1617 1550 tuae
1633 1506 1809 1554 fatuitas

415 1551 636 1606 excusari,
663 1569 749 1611 qua
779 1555 905 1614 dicis,
934 1580 951 1600 »
980 1563 1142 1609 Omnes
1164 1567 1235 1611 ille
1258 1585 1370 1615 unus
1392 1572 1575 1621 luerunt
1608 1596 1616 1621 ε
1656 1597 1676 1620 »
1708 1595 1809 1625 cum
1856 1610 1859 1618 ·

414 1631 464 1660 eo
490 1627 683 1678 tempore
700 1640 788 1683 quo
805 1631 998 1685 peccavit
1020 1633 1160 1678 Adam
1181 1671 1191 1691 ,
1209 1639 1301 1697 jam
1319 1639 1407 1686 duo
1429 1653 1570 1688 essent
1592 1647 1803 1706 homines,
1855 1689 1859 1692 .

412 1702 500 1730 non
516 1705 646 1745 unuS,
668 1693 712 1736 id
730 1705 809 1749 est,
827 1699 917 1756 ipse
934 1711 976 1744 et
995 1718 1102 1747 uxor
1119 1707 1211 1764 ejus
1229 1728 1239 1764 3
1260 1710 1315 1753 de
1332 1728 1520 1771 quorum
1537 1717 1778 1765 substantia
1791 1757 1802 1776 ,

414 1772 501 1799 non
531 1760 674 1819 culpa,
702 1778 838 1820 genus
866 1769 1365 1829 hominum,secundum
1390 1784 1511 1843 quod
1542 1789 1656 1834 Deus
1678 1790 1804 1836 insti·
1858 1842 1859 1845 ,

413 1835 568 1882 tuerat,
596 1830 838 1889 pullulavit.
865 1857 882 1878 n

472 1901 763 1948 Amusrmns.
790 1908 886 1950 Jam
905 1908 990 1953 dixi
1010 1947 1020 1966 ‚
1047 1923 1089 1958 et
1111 1931 1210 1961 ecce
1227 1919 1385 1965 iterum
1409 1923 1506 1969 dico
1536 1945 1544 1970 ε
1565 1942 1643 1986 ego
1660 1927 1716 1972 de
1737 1931 1803 1976 his

410 1966 498 2010 dixi
526 1988 534 2012 :
561 1971 721 2016 Omnes
747 1974 819 2019 ille
842 1994 954 2024 unus
981 1983 1177 2041 fuerunt,
1198 2004 1307 2047 quos
1329 1989 1471 2038 fuerat
1492 1998 1798 2057 seminaturus,

410 2037 453 2080 id
485 2049 546 2084 est
567 2077 577 2094 ,
602 2056 885 2100 generaturus
903 2051 1056 2097 Adam.
1084 2058 1146 2100 Ex
1168 2059 1243 2104 illo
1265 2077 1368 2120 ergo
1391 2080 1479 2110 uno
1505 2069 1802 2130 principaliter
1858 2083 1861 2090 ’

409 2119 530 2153 erant
565 2116 742 2159 tracturi
765 2130 988 2166 nascentes
1012 2126 1219 2185 originale
1245 2144 1474 2191 peccatum
1496 2173 1506 2193 ,
1533 2141 1608 2199 qui
1632 2144 1794 2200 genuit.

411 2176 489 2221 Illa
517 2188 695 2242 autem(
725 2204 809 2246 qua
843 2194 1076 2253 conjuncta
1111 2198 1200 2244 duo
1223 2200 1440 2264 fuerunt)
1473 2209 1594 2268 quod
1631 2215 1798 2274 excepit

407 2252 622 2310 concepit,
646 2258 898 2318 peperitque
920 2268 1147 2324 posterior,
1174 2275 1370 2331 quamvis
1398 2282 1640 2336 peccaverit
1661 2285 1792 2343 prior.

413 2320 533 2364 Unde
555 2331 597 2366 et
624 2336 768 2371 sancta
795 2333 1012 2390 Scriptura
1032 2337 1077 2380 in
1099 2338 1260 2386 lumbis
1284 2347 1414 2403 patris
1440 2349 1660 2396 Abraham
1691 2355 1797 2400 dicit

407 2386 536 2434 fuisse
552 2393 661 2439 filios
684 2400 802 2455 Levi,
820 2411 861 2446 et
878 2403 923 2447 in
940 2405 1014 2450 illo
1033 2424 1055 2451 a
1078 2412 1301 2458 sacerdote
1316 2417 1638 2467 Melchisedech
1662 2423 1794 2471 fuisse
1859 2422 1862 2474 ’ζ

405 2457 641 2507 decimatos
668 2468 680 2490 ‘⁴
711 2487 718 2512 ;
753 2470 807 2514 ad
842 2474 1046 2521 Hebraeos
1086 2481 1324 2538 Epistolam
1347 2522 1357 2539 ,
1398 2486 1492 2547 lege
1521 2501 1563 2536 et
1596 2493 1790 2553 linguam

406 2544 585 2578 ΓΟΓΗΞὉ.

458 2624 462 2635 ’
489 2618 596 2649 Malli».
623 2633 684 2663 υς,
705 2625 737 2654 (ἱ.
756 2643 793 2647 »-·
812 2635 820 2648 2
845 2630 921 2662 psal,
943 2635 1082 2675 cunnq‘
1117 2655 1150 2658 -2
1173 2640 1177 2646 ’
1200 2639 1230 2669 1ι1
1266 2651 1398 2682 xxxvru⁷
1419 2645 1448 2676 6.
1474 2663 1501 2668 -
1526 2647 1538 2675 4
1563 2649 1659 2682 1161)ι·.
1683 2662 1734 2693 vu,
1755 2653 1786 2685 5.
