1821 3264
247 247 390 274 OPERIS
422 247 596 273 lMPERF.
632 244 794 272 CONTRA
827 247 994 273 JiLlAN.
1032 248 1112 272 Llss.
1152 248 1195 273 ΙΙ.
1335 235 1415 273 433

40 326 130 356 rem
161 312 380 357 Christum
403 326 453 355 ex
493 311 736 364 inimicitiis,
772 327 875 371 quas
914 327 1014 355 curn
1048 314 1135 355 Deo
1166 312 1414 366 habuimus,

39 382 197 427 factam
215 396 305 426 esse
326 382 542 427 concedis.
565 383 677 425 Ecce
694 380 791 425 vide
816 383 946 425 verba
968 381 1162 441 Apostoli
1186 402 1194 426 ε
1224 401 1242 423 «
1262 385 1285 426 J
1291 383 1421 426 ustifi-

42 473 62 497 »
81 454 166 499 cati
187 454 319 512 igitur
341 468 394 497 ex
421 452 533 508 fide,
557 452 724 512 inquit,
749 467 898 511 pacem
922 453 1160 497 habeamus
1178 454 1232 496 ad
1254 456 1388 496 Deum
1408 488 1418 501 ,

42 541 158 586 »per
180 526 413 571 Dominum
436 533 633 568 nostrum
666 526 810 567 Jesum
848 524 1067 568 Christum
1092 526 1122 565 ¹.
1153 542 1171 564 »
1213 526 1268 566 Et
1292 522 1421 582 paulo

40 606 133 657 post
152 616 160 642 :
181 596 378 642 «Sienim
394 597 717 650 Christus‚cum
741 594 901 638 infirmi
915 610 1118 648 essemus,
1141 594 1282 637 adhuc
1299 595 1423 653 juxta

42 677 252 726 »tempus
288 682 364 725 pro
398 665 537 725 impiis
570 675 767 709 mortuus
790 674 850 708 est
874 668 904 707 ².
938 683 955 704 υ
991 667 1099 708 Item
1133 664 1262 722 paulo
1297 673 1419 721 post:

43 755 64 779 «
83 737 372 782 Commendat
401 746 543 780 autem
564 770 574 788 ‚
612 735 752 794 inquit
771 769 781 789 ⁷
807 735 1059 778 charitatem
1082 749 1203 777 suam
1239 737 1349 776 Deus
1382 733 1424 775 in

42 826 62 850 »
83 807 223 861 nobis,
239 807 446 866 quoniam
469 820 568 850 cum
590 804 733 849 adhuc
750 813 994 863 peccatores
1012 819 1213 857 essemus,
1231 803 1426 847 Christus

42 897 62 919 »
83 893 162 937 pro
184 877 308 921 nobis
332 885 529 921 mortuus
551 884 614 919 est
640 894 648 918 z
674 874 812 918 multo
836 873 969 931 magis
998 889 1115 916 nunc
1131 872 1354 931 justificati
1381 872 1425 914 in

41 966 60 989 »
82 946 293 1006 sanguine
315 947 465 1006 ipsius,
485 944 591 990 salvi
604 945 763 989 erimus
786 943 840 987 ab
857 944 918 986 ira
937 958 1012 1001 per
1033 943 1245 1001 ipsun13.»
1272 942 1426 985 Adhuc

39 1017 246 1062 attende:
277 1035 296 1058 «
325 1016 367 1060 Si
385 1016 499 1059 enim
520 1030 619 1059 cum
642 1014 805 1058 inimici
823 1028 1025 1067 essemus,
1048 1013 1206 1071 inquit,
1237 1012 1426 1055 reconci-

40 1107 60 1130 »
82 1088 175 1132 liati
196 1102 344 1132 sumus
363 1090 452 1131 Deo
474 1101 550 1146 per
574 1094 758 1129 mortem
781 1083 879 1127 Filii
901 1084 1010 1142 ejus,
1038 1082 1175 1125 multo
1199 1082 1329 1139 magis
1360 1097 1427 1123 re-

41 1177 60 1200 »
82 1158 327 1212 conciliati,
351 1157 456 1201 salvi
474 1157 632 1200 erimus
654 1156 699 1199 in
720 1157 807 1199 vita
823 1154 959 1212 ipsius
985 1154 1016 1195 ⁴.
1038 1171 1057 1193 »
1085 1155 1206 1196 Hanc
1230 1150 1424 1195 reconci-

37 1221 1426 1286 fiafionen1‚quan1tonesconnnendavst‚enan1n1novssfinu)

41 1298 185 1358 posuit
204 1332 215 1352 ,
250 1297 397 1340 dicens
426 1316 434 1340 ;
474 1315 495 1338 «
522 1299 603 1339 Per
639 1309 770 1354 quem
801 1303 843 1336 et
878 1308 995 1336 nunc
1033 1291 1431 1335 reconciliationem·

42 1387 62 1410 »
85 1368 354 1427 accepimus:
384 1385 403 1407 »
430 1381 478 1410 ac
500 1365 657 1409 deinde
672 1362 821 1408 intulit
847 1381 855 1406 ;
887 1365 1102 1420 «Propter
1124 1362 1207 1405 hoc
1220 1361 1330 1404 sicut
1350 1374 1427 1418 per

42 1458 62 1481 »
83 1453 221 1483 unum
243 1438 467 1483 hominem
487 1444 712 1495 peccatum
729 1433 906 1477 intravit
922 1432 967 1475 in
990 1430 1248 1474 mundum⁵.
1270 1448 1288 1470 »
1309 1430 1427 1474 Sicut

39 1524 142 1568 ergo
166 1523 241 1568 per
274 1508 394 1551 hunc
424 1520 562 1550 unum
596 1502 848 1555 inimicitiae,
869 1502 928 1544 sic
952 1516 1028 1559 per
1044 1515 1183 1543 unum
1205 1499 1426 1544 Christum

41 1578 333 1624 reconcilatio.
359 1576 562 1635 Quisquis
589 1574 722 1633 igitur
743 1588 766 1615 a
790 1579 966 1630 peccato
996 1571 1040 1613 in
1073 1584 1162 1628 quo
1190 1568 1427 1612 inimicitiae

39 1651 166 1696 t'actae
186 1658 304 1704 sunt,
329 1649 489 1692 liberos
511 1662 600 1691 esse
620 1644 822 1706 parvulos
844 1642 964 1696 dicit,
985 1640 1180 1700 profecto
1203 1656 1273 1684 eos
1300 1647 1429 1697 negat

42 1722 97 1767 ad
117 1723 230 1766 hanc
249 1719 642 1764 reconciliationem
658 1751 669 1771 ‚
691 1723 867 1775 propter
886 1727 1018 1772 quam
1040 1712 1236 1756 Christus
1258 1708 1426 1753 media-

43 1801 110 1837 tor
130 1791 271 1836 factus
289 1799 352 1834 est
370 1825 380 1844 ‚
405 1789 619 1847 pertinere
642 1806 649 1830 z
681 1783 861 1844 proinde
879 1791 1046 1840 separat
1067 1796 1138 1824 eos
1161 1789 1204 1823 et
1226 1796 1247 1822 a
1267 1778 1422 1838 justifi-

43 1863 212 1908 catione
233 1876 333 1920 quae
354 1859 463 1903 sitin
476 1857 636 1903 Christi
657 1854 864 1912 sanguine
878 1888 891 1907 ,
912 1852 1032 1910 cujus
1047 1849 1261 1894 fundendi
1281 1863 1424 1901 causa,

40 1919 1250 1992 quando‹fflnnlnbenduniconnnendavn,nussarnfflin
1275 1918 1426 1960 nnnss-

44 2002 208 2047 sionem
245 2000 360 2044 dicta
388 2007 452 2043 est
473 2006 750 2056 peccatorum
773 1995 806 2035 ⁶.
840 1990 963 2035 Unde
991 1990 1041 2034 fit
1062 2003 1353 2046 consequens,
1381 1995 1428 2029 ut

45 2071 235 2133 parvulis
253 2079 427 2131 peccata
457 2084 546 2112 non
570 2064 830 2111 habentibus
860 2076 973 2106 mors
990 2059 1148 2105 Christi
1171 2058 1279 2101 nihil
1296 2057 1431 2116 prosit

47 2144 225 2189 omnino
252 2161 260 2186 :
282 2157 357 2201 per
382 2141 496 2183 hanc
512 2138 626 2182 enim
646 2132 909 2179 reconciliati
931 2146 1079 2175 sumus
1097 2133 1202 2183 Deo,
1227 2143 1326 2172 cum
1350 2127 1434 2170 ini-

48 2214 149 2258 mici
171 2226 358 2256 essemus
378 2231 389 2267 ς
412 2207 532 2269 quod
554 2204 738 2266 parvuli,
756 2201 996 2248 secundum
1019 2215 1110 2253 VOS,
1135 2213 1222 2242 non
1239 2197 1431 2241 fuerunt.

51 2286 109 2328 Ut
130 2284 244 2327 enim
268 2289 444 2340 propter
473 2280 586 2322 hanc
609 2273 1003 2320 reconciliationem
1038 2283 1305 2313 moreremur
1333 2281 1432 2324 pec-

52 2363 148 2398 cato
169 2387 180 2407 ,
210 2352 257 2395 in
278 2366 366 2410 quo
390 2348 622 2392 inimicitiae
646 2344 825 2389 fuerunt
852 2361 860 2385 :
890 2360 906 2380 «
933 2340 1206 2396 Quicumque
1231 2335 1433 2394 baptizati

57 2443 76 2466 »
103 2437 250 2468 sumus
274 2422 320 2466 in
337 2421 525 2473 Christo,
552 2418 662 2462 sieut
684 2415 799 2459 idem
823 2412 925 2456 dicit
950 2407 1197 2467 Apostolus,
1222 2407 1267 2449 in
1297 2413 1435 2449 morte

103 2531 112 2548 ¹
134 2527 224 2557 Rom.
244 2534 278 2563 v,
301 2532 329 2554 1.
347 2538 387 2544 -—-
404 2519 570 2553 ²1bid.6.
593 2534 630 2541 —
646 2515 660 2539 3
683 2516 762 2548 Ibid.
789 2515 808 2546 8
835 2517 866 2545 ct
884 2523 917 2553 9.
935 2528 974 2533 —-
995 2510 1008 2538 -ὀ
1036 2508 1114 2540 Ibid.
1143 2517 1191 2539 ιο.
1209 2523 1249 2529 --
1264 2504 1375 2537 ⁵1bid.
1400 2515 1432 2536 ιι
1461 2550 1468 2556 -

58 2585 91 2613 ct
114 2588 165 2613 12.
182 2596 220 2602 —
234 2576 249 2600 6
273 2577 384 2610 matth.
406 2587 493 2615 xxvr,
514 2574 566 2606 28.

250 2641 397 2671 cxciii.
1178 2616 1228 2653 238
