1821 3264
415 239 469 267 nn
499 239 790 268 CORREPTIONE
822 242 873 269 ET
904 240 1077 271 onnia.
1415 234 1439 269 7

62 312 207 348 tamen
224 301 353 347 etiam
369 301 634 362 loquebatur
655 303 738 358 eis,
774 312 817 348 et
847 304 1036 350 faciebat
1064 305 1137 351 illa
1171 307 1317 351 omnia
1342 323 1442 367 quae

59 372 422 430 commemoravi3
447 372 680 426 monebat,
706 372 913 428 docebat,
941 376 1220 431 hortabatur,
1244 376 1443 436 increpa-

58 442 136 487 bat
160 463 170 488 :
195 443 269 486 sed
290 442 451 487 sciebat
475 443 569 487 haec
595 443 741 487 omnia
763 458 851 488 non
884 445 1043 499 valere,
1077 462 1175 504 quae
1205 447 1445 506 plantando

59 523 102 559 et
122 513 305 572 rigando
325 511 511 558 faciebat
531 514 576 558 in
603 523 770 573 aperto,
796 516 876 558 nisi
900 531 1000 560 eum
1026 531 1104 575 pro
1122 517 1203 560 illis
1226 518 1449 563 exaudiret

61 594 274 639 orantem,
300 584 377 645 qui
394 583 470 628 dat
485 585 801 629 incrementum
818 585 863 629 in
885 585 1075 631 occulto.
1097 587 1313 639 Quoniam
1335 588 1446 632 sicut

58 654 176 699 idem
192 654 345 700 doctor
358 655 552 714 gentium
567 656 692 700 dicit:
712 659 894 717 «Neque
908 659 983 717 qui
1000 657 1168 716 plantat
1185 668 1248 701 est
1263 657 1443 717 aliquid,

59 748 80 772 n
105 745 248 790 neque
261 731 478 790 quirigat,
496 731 571 775 sed
587 732 664 791 qui
680 732 999 776 incrementum
1023 732 1096 777 dat
1113 737 1224 778 Deus
1239 736 1266 776 ¹.
1286 752 1306 774 »

118 803 192 846 IV.
228 804 325 846 Non
343 816 386 845 se
400 802 547 862 itaque
572 801 740 857 fallant,
761 804 836 861 qui
862 804 1017 847 dicunt
1037 822 1046 848 :
1074 823 1094 846 «
1118 806 1172 848 Ut
1195 804 1302 863 quid
1325 805 1448 848 nobis

56 872 318 932 praedicatur
339 881 470 932 atque
487 873 756 933 praecipitur,
777 883 826 918 ut
846 874 1117 918 declinemus
1140 891 1163 918 a
1182 875 1298 918 malo
1315 884 1358 919 et
1380 874 1448 920 fa·-

55 943 219 987 ciamus
241 943 425 998 bonum,
457 944 492 987 si
524 945 606 988 hoc
633 959 711 989 nos
736 960 825 988 non
859 945 1026 1003 agimus
1043 979 1054 999 ‚
1095 944 1169 989 sed
1196 944 1241 988 id
1262 944 1373 990 velle
1405 955 1448 989 et

55 1013 224 1072 operari
242 1016 355 1058 Deus
371 1023 574 1073 operatur
591 1014 635 1058 in
658 1015 783 1059 nobis
797 1018 814 1041 ²
829 1016 846 1056 ‘2
862 1034 882 1056 »
908 1014 991 1060 Sed
1014 1016 1160 1074 potius
1181 1014 1443 1074 intelligant,

55 1083 89 1128 si
110 1083 189 1128 filii
220 1084 298 1128 Dei
323 1094 440 1139 sunt,
468 1085 622 1144 spiritu
645 1085 723 1130 Dei
744 1101 787 1129 se
809 1085 894 1144 agi,
920 1095 969 1130 ut
995 1084 1116 1144 quod
1144 1085 1362 1144 agendum
1384 1095 1448 1129 est

56 1163 186 1214 agant
198 1175 210 1213 3
224 1164 268 1199 et
281 1170 382 1199 curn
394 1155 577 1214 egerint,
593 1155 694 1200 illia
707 1172 796 1216 quo
812 1165 950 1215 agunt
965 1157 1121 1214 gratias
1138 1158 1445 1214 agant.Agun-

59 1234 129 1270 tur
155 1226 270 1269 enim
297 1235 348 1271 ut
371 1235 518 1284 agant,
545 1242 634 1271 non
657 1236 707 1271 ut
730 1228 810 1286 ipsi
832 1228 943 1272 nihil
964 1236 1094 1286 agant
1112 1247 1122 1283 ς
1143 1236 1186 1271 et
1204 1227 1258 1270 ad
1274 1227 1358 1271 hoc
1390 1228 1448 1270 eis

56 1295 300 1340 ostenditur
321 1296 429 1355 quid
451 1311 578 1354 agere
609 1296 815 1351 debeant,
844 1307 894 1342 ut
911 1298 1091 1357 quando
1112 1297 1157 1341 id
1179 1306 1316 1356 agunt
1335 1298 1445 1341 sicut

55 1365 275 1425 agendum
292 1375 370 1420 est,
396 1365 442 1410 id
464 1375 542 1420 est,
564 1381 665 1410 cum
689 1366 924 1411 dilectione
944 1377 988 1410 et
1015 1367 1305 1410 delectatione
1321 1367 1446 1425 justi-

56 1436 141 1491 tiae,
162 1436 417 1481 suavitatem
440 1451 572 1497 quam
589 1435 710 1480 dedit
734 1437 962 1491 Dominus,
983 1445 1034 1480 ut
1050 1445 1164 1480 terra
1185 1451 1337 1480 eorum
1365 1435 1445 1480 da-

55 1516 122 1551 ret
133 1505 326 1552 fructum
341 1522 487 1562 suum,
512 1508 724 1567 accepisse
745 1522 788 1551 se
810 1507 1072 1565 gaudeant3.
1099 1506 1286 1560 Quando
1302 1514 1448 1550 autem

54 1593 145 1622 non
178 1587 336 1637 agunt,
366 1578 455 1623 sive
475 1579 654 1623 omnino
682 1578 901 1633 faciendo,
928 1578 1017 1622 sive
1041 1593 1128 1622 non
1161 1592 1213 1622 ex
1234 1577 1447 1622 charitate

54 1663 144 1692 non
173 1647 402 1706 faciendo3
428 1657 569 1703 orent,
595 1657 644 1692 ut
667 1647 786 1708 quod
809 1647 1004 1693 nondum
1030 1647 1194 1692 habent
1216 1646 1442 1707 accipiant.

55 1718 173 1773 Quid
193 1719 310 1763 enim
331 1719 576 1775 habebunt,
601 1719 722 1779 quod
744 1734 834 1763 non
852 1719 1073 1778 accepturi
1097 1720 1224 1764 sunt?
1243 1728 1319 1763 aut
1339 1718 1449 1777 quid

53 1788 236 1845 habent,
263 1790 384 1849 quod
405 1805 495 1834 non
517 1798 778 1849 acceperunt
794 1791 837 1833 4?

114 1861 167 1903 V.
207 1861 391 1918 «Ergo,
426 1860 661 1919 inquiunt,
702 1859 956 1918 praecipiant
989 1858 1295 1903 tantummodo
1319 1858 1444 1902 nobis

55 1929 162 1990 quid
185 1929 327 1974 facere
350 1929 588 1974 debeamus
610 1928 687 1988 qui
708 1929 834 1973 nobis
856 1938 1074 1988 praesunt,
1100 1938 1144 1972 et
1164 1938 1215 1972 ut
1239 1927 1446 1972 faciamus

56 2009 180 2045 orent
202 2015 280 2059 pro
311 1999 440 2044 nobis
468 2018 477 2044 ε
498 2015 587 2044 non
610 2008 754 2044 autem
789 2014 868 2043 nos
900 1998 1136 2058 corripiant
1160 2007 1204 2042 et
1228 2008 1440 2056 arguant,

54 2072 88 2116 si
109 2087 200 2116 non
229 2070 475 2115 fecerimus.
511 2089 531 2112 »
564 2074 659 2115 Imo
682 2071 828 2115 omnia
851 2071 959 2114 fiant
985 2089 993 2115 :
1019 2070 1226 2129 quoniam
1246 2069 1444 2114 doctores

55 2142 346 2188 Ecclesiarum
377 2141 576 2201 Apostoli
607 2142 754 2186 omnia
781 2141 1028 2196 faciebant,
1059 2151 1102 2185 et
1134 2141 1445 2200 praecipiebant

55 2229 156 2274 quae
174 2213 344 2267 fierent,
373 2221 416 2272 et
435 2212 728 2272 corripiebant
751 2212 785 2257 si
807 2227 897 2256 non
921 2212 1098 2266 fierent,
1124 2221 1167 2256 et
1190 2212 1374 2256 orabant
1395 2221 1444 2255 ut

54 2286 226 2330 fierent.
260 2285 462 2344 Praecipit
482 2283 716 2344 Apostolus
742 2284 919 2328 dicens:
944 2302 962 2325 «
983 2285 1139 2328 Omnia
1172 2293 1311 2327 vestra
1343 2298 1442 2328 cum

58 2356 268 2401 charitate
285 2357 433 2400 fiant⁵.
458 2374 477 2397 »
499 2356 690 2415 Corripit
706 2355 870 2409 dicens,
900 2373 920 2396 «
943 2357 1039 2399 Jam
1061 2354 1239 2414 quidem
1268 2355 1446 2398 omnino

59 2446 79 2469 »
108 2425 318 2471 delictum
341 2436 404 2470 est
428 2427 474 2470 in
505 2426 654 2481 vobis,
683 2425 785 2486 quia
814 2425 978 2485 judicia
1009 2425 1177 2470 habetis
1201 2425 1440 2469 vobiscum.

102 2535 113 2551 ¹
138 2539 149 2561 1
170 2530 248 2562 Cor.
267 2539 313 2569 ιιι,
332 2537 364 2570 7.
380 2545 420 2552 ——
436 2534 450 2551 2
474 2527 585 2568 Philip.
605 2540 639 2570 ιι,
666 2529 717 2569 ι3,
734 2532 766 2560 et
784 2530 875 2559 Rom.
893 2539 962 2566 vni,
985 2527 1036 2567 ¹4-
1051 2538 1091 2550 -ἱ-
1109 2524 1123 2548 3
1142 2526 1222 2559 Psal.
1243 2537 1368 2563 umv,
1393 2527 1429 2557 13

59 2598 99 2606 ·-
115 2583 131 2610 4
155 2592 164 2613 ,ι
188 2585 262 2616 Cor·
282 2593 329 2623 tv,
354 2593 384 2624 7.
401 2600 440 2608 -—
457 2582 536 2616 51d.
558 2593 623 2621 κνι,
652 2584 699 2622 14.
