1884 3285
429 250 512 288 298
863 262 896 286 s.
931 258 1163 289 Aucus'nm
1194 261 1377 290 Episcom

427 325 585 369 militer
601 340 736 370 vanus
755 360 766 380 ,
785 327 922 370 Deum
942 341 1194 384 regenerare
1210 343 1319 388 quos
1336 326 1542 375 damnet:
1564 345 1667 375 cum
1687 332 1805 380 sitin

426 398 517 456 ejus
532 397 863 456 omnipotentiae
881 406 1092 455 potestate
1109 433 1119 452 ‚
1139 408 1372 458 antequam
1388 399 1656 446 damnabiles
1671 402 1802 461 fiant,

425 485 497 513 eos
519 469 573 513 de
592 468 905 513 tentationibus
924 469 1116 513 mortalis
1130 470 1228 514 vitae
1250 470 1378 529 hujus
1396 470 1579 516 auferre.
1600 473 1643 517 Si
1659 482 1805 520 autem
1850 507 1855 523 .

425 556 513 585 non
551 549 672 599 potes
699 541 777 584 ista
811 540 981 594 dicere,
1020 555 1097 585 nec
1126 544 1214 586 Deo
1242 542 1558 598 contradicere,
1591 558 1671 588 nec
1690 543 1806 590 illius
1858 564 1859 569 ¹

425 612 645 671 sapientiae
669 622 791 655 tuum
812 611 1005 671 praebere
1025 611 1278 669 consilium3
1305 630 1323 653 «
1345 612 1450 665 Quis
1464 613 1580 657 enim
1600 615 1808 673 cognovit
1851 606 1855 622 ’

430 705 446 725 »
474 698 646 728 sensum
670 683 867 737 Domini,
893 691 968 726 aut
989 683 1089 741 quis
1111 683 1377 728 consiliarius
1399 684 1489 743 ejus
1511 682 1650 729 fuit1?
1673 702 1695 726 ι»
1726 684 1808 730 de-
1853 682 1866 740 ,’

423 755 515 799 sine
542 754 668 798 nobis
698 752 976 797 introducere
1006 752 1191 798 alterum
1222 754 1436 812 figulum,
1471 755 1549 815 qui
1585 770 1673 800 non
1703 754 1809 802 facit

423 840 523 872 vasa
555 826 601 868 in
633 823 972 882 contumeliam3
1003 833 1047 868 et
1076 824 1130 868 ab
1161 824 1242 869 isto
1274 825 1351 884 qui
1371 840 1420 869 ea
1446 824 1551 870 facit
1573 827 1809 885 reprehen-
1854 820 1857 832 '

423 895 569 940 dendo
591 895 749 939 cohibe
772 904 814 938 te
839 913 848 939 ι
874 904 916 938 et
939 910 1123 953 agnosce
1144 904 1215 953 te,
1244 895 1346 954 quia
1367 904 1417 939 ut
1438 911 1527 940 non
1549 904 1593 940 te
1613 895 1809 956 implices
1855 901 1858 952 ξ

423 967 506 1011 hoc
538 965 760 1024 sacrilegio
778 1000 790 1021 ,
821 964 919 1010 ideo
948 966 1027 1010 tibi
1054 964 1161 1010 dicit
1191 966 1423 1026 Apostolus
1449 985 1459 1012 ε
1489 986 1508 1009 «
1534 967 1573 1011 Ο
1595 967 1728 1013 homo
1757 977 1811 1014 tu
1856 1003 1858 1020 .

425 1056 445 1080 »
473 1037 568 1097 quis
591 1051 634 1079 es
648 1071 659 1090 ‚
686 1037 763 1096 qui
785 1037 1043 1095 respondeas
1066 1038 1213 1080 De02?
1238 1055 1258 1078 »

483 1110 686 1153 CXXXI.
707 1109 936 1152 humus,
959 1126 980 1149 «
998 1107 1082 1152 Sed
1095 1108 1185 1166 jam
1197 1106 1457 1165 Apostolicae
1473 1108 1699 1153 sententiae
1712 1108 1810 1169 dig·
1857 1128 1861 1153 ι

423 1178 534 1221 nitas
559 1187 772 1221 asseratur
788 1211 799 1232 ,
822 1192 877 1220 ne
895 1185 1071 1236 putetur
1099 1177 1167 1220 vel
1188 1177 1242 1221 de
1263 1176 1482 1236 aliquibus
1503 1177 1587 1223 hoc
1606 1179 1806 1236 sensisse,
1857 1190 1860 1204 ¹

421 1248 540 1309 quod
569 1258 615 1292 tu
639 1250 693 1292 de
721 1249 926 1292 omnibus
955 1248 1191 1292 aestimasti*
1219 1249 1452 1306 Apostolus
1474 1249 1621 1309 itaque
1650 1250 1811 1295 Paulus

422 1320 648 1377 disputans
669 1333 769 1363 cum
797 1318 1112 1378 quaestionibus
1142 1317 1397 1363 Judaeorum
1415 1354 1427 1372 ,
1457 1320 1534 1379 qui
1555 1321 1721 1378 generis
1743 1321 1812 1366 sui
1858 1312 1867 1346 '¹

420 1389 633 1449 dignitate
657 1399 903 1449 turgentes,
928 1389 1283 1448 dedignabantur
1299 1392 1517 1451 coaequari
1538 1391 1621 1436 sibi
1641 1407 1693 1436 ex
1710 1407 1812 1451 gen-

422 1462 538 1506 tibus
566 1461 744 1517 fideles,
779 1471 821 1505 et
843 1461 1055 1521 justitiam
1090 1463 1165 1506 Dei
1197 1462 1498 1518 commendat,
1529 1472 1573 1507 et
1600 1464 1809 1522 gratiam,

423 1533 650 1592 disputans
685 1531 740 1575 ad
774 1547 921 1576 earum
957 1534 1297 1578 munificentiam
1332 1534 1548 1593 pertinere
1562 1568 1574 1589 ‚
1612 1533 1732 1594 quod
1768 1544 1813 1580 et

422 1604 564 1662 primo
578 1605 600 1647 J
607 1603 754 1647 udaeos
769 1602 1074 1647 nobilitaverat
1090 1602 1194 1660 legis
1208 1604 1370 1662 agnitio
1381 1639 1392 1658 ,
1413 1613 1457 1648 et
1468 1604 1587 1663 quod
1606 1603 1813 1665 deinceps

422 1675 553 1718 etiarn
592 1683 740 1733 gentes
778 1675 984 1718 asciverat
1024 1674 1183 1719 Christi
1224 1674 1490 1734 praedicatio.
1538 1677 1658 1720 Unus
1694 1677 1812 1720 enim

421 1745 649 1804 utriusque
670 1745 820 1803 populi
840 1745 1042 1789 conditor
1060 1745 1335 1804 judicaturus
1359 1755 1404 1789 et
1419 1745 1516 1790 illos
1537 1761 1614 1806 per
1637 1745 1780 1805 legem
1797 1780 1810 1803 ,

422 1824 465 1858 et
481 1815 583 1859 istos
599 1816 688 1858 sine
701 1815 797 1873 lege
814 1849 824 1870 ,
843 1824 884 1859 et
902 1816 1005 1860 istos
1027 1816 1070 1859 in
1087 1815 1204 1873 lege3
1226 1817 1328 1876 quia
1345 1831 1435 1860 non
1450 1826 1539 1861 erat
1555 1819 1579 1860 J
1585 1815 1812 1862 udaeorum

422 1889 536 1932 Deus
561 1895 760 1941 tantum,
785 1886 862 1930 sed
883 1887 1011 1931 etiam
1035 1887 1256 1945 gentium,
1278 1887 1464 1931 reddens
1490 1902 1619 1932 suum
1640 1888 1815 1933 unicui-
1870 1938 1872 1951 ζ

421 1973 507 2017 que
529 1959 620 2001 sine
642 1956 823 2015 fraude,
848 1959 940 2002 sine
957 1958 1091 2016 gratia
1106 1960 1121 1983 ²⁵
1137 1993 1147 2012 ,
1172 1959 1214 2002 id
1237 1968 1327 2014 est,
1353 1960 1444 2003 sine
1465 1960 1725 2019 cujusquam
1744 1975 1813 2005 ac·
1863 1990 1868 2001 .

421 2030 622 2087 ceptione
646 2044 862 2088 personae,
892 2029 1038 2089 (quod
1060 2030 1260 2087 exprimit
1281 2045 1442 2082 nomen
1461 2031 1610 2089 gratiae
1631 2030 1676 2074 in
1701 2031 1812 2075 defi·
1863 2026 1871 2096 θ’

421 2100 587 2144 nitione
604 2100 783 2159 justitiae
797 2135 809 2153 ,
826 2101 843 2157 )
860 2100 918 2144 ita
940 2099 995 2143 de
1017 2101 1179 2144 semine
1201 2101 1423 2145 venientes
1443 2101 1663 2145 Abraham
1677 2135 1688 2156 ,
1709 2115 1813 2146 cum

422 2171 628 2230 nequiter
661 2171 840 2225 vivunt,
866 2171 966 2230 jure
990 2170 1255 2215 condemnat
1272 2206 1282 2224 ‚
1316 2186 1365 2215 ae
1389 2172 1444 2215 de
1464 2188 1539 2216 sua
1560 2172 1814 2217 haereditate

422 2241 653 2300 proturbat
672 2275 683 2295 ,
704 2241 815 2285 sicut
835 2241 964 2284 etiam
987 2242 1168 2298 gentiles
1186 2242 1229 2284 in
1247 2241 1373 2285 simili
1397 2242 1648 2299 operatione
1663 2242 1814 2302 depre-
1872 2279 1873 2282 ,

423 2312 602 2369 hensos3
626 2321 668 2355 et
685 2327 708 2355 e
725 2312 915 2369 regione,
933 2311 1161 2371 utriusque
1182 2312 1334 2370 populi
1351 2313 1485 2356 bonas
1502 2311 1749 2357 voluntates
1769 2322 1814 2358 et

424 2399 570 2428 veram
589 2383 721 2427 sidem
744 2383 1095 2442 probitatemque
1113 2383 1333 2426 actionum
1353 2381 1489 2426 donat
1512 2382 1679 2441 gaudiis
1699 2398 1815 2428 sem·
1872 2386 1875 2392 ’

423 2455 617 2514 piternis.
648 2455 908 2513 Comprimit
929 2454 1063 2512 igitur
1097 2456 1290 2511 gentium
1320 2454 1522 2513 magister
1554 2454 1813 2499 Judaeorum
1866 2481 1870 2497 2

426 2533 643 2568 tumorem
662 2559 673 2579 ‚
695 2534 738 2569 et
765 2524 956 2569 ostendit
977 2539 1069 2568 non
1091 2523 1137 2567 in
1157 2523 1396 2568 seminibus
1419 2524 1597 2569 humani
1619 2525 1810 2584 generis,
1881 2526 1884 2532 '

475 2614 483 2631 ¹
506 2608 600 2639 Rom.
621 2618 664 2649 xi,
686 2608 737 2649 34.
753 2625 793 2632 --
811 2615 822 2630 ²
844 2608 955 2649 Id.1x,
977 2616 1029 2641 20.
1045 2625 1085 2631 —-
1102 2606 1114 2630 ³
1135 2607 1180 2639 Id.
1201 2618 1248 2645 ru,
1269 2615 1322 2649 29.
