1821 3264
594 275 928 304 Annon‘riousss.
1365 272 1439 308 501

69 339 210 381 minus
232 337 428 381 referunt
449 339 643 382 homiliae
664 342 840 385 Joannis
866 342 1160 398 Chrysostomi
1190 343 1389 402 quaedam
1424 361 1448 388 e

67 422 206 466 graeco
229 407 274 450 in
295 407 481 451 latinum
503 408 738 467 interprete
762 411 932 455 Aniano
955 412 1184 457 translatae.
1212 414 1446 459 Enimvero

68 493 155 522 non
178 477 318 521 solum
342 493 529 536 pronum
546 479 631 522 fuit
648 482 982 526 amanuensibus
1003 483 1047 525 in
1069 484 1254 527 auctoris
1272 485 1448 528 nomine

67 547 176 602 labi,
209 557 258 591 ut
291 557 493 607 corrupta
517 564 593 607 per
616 564 687 593 eos
718 550 884 607 syllaba
914 553 1051 607 prima
1076 552 1269 611 prodiret
1292 569 1341 597 ex
1367 557 1390 597 J
1396 571 1448 599 u-

67 617 182 662 liano
206 619 401 662 Anianus
425 637 434 662 :
468 618 543 662 sed
569 619 697 663 etiam
726 620 887 664 Juliani
910 622 1132 680 ingenium
1155 623 1200 666 in
1224 626 1448 681 praemissis

67 687 122 730 ad
145 686 316 731 easdem
340 687 538 732 homilias
559 688 748 747 epistolis
770 693 1121 750 nuncupatoriis,
1153 695 1384 738 sententias
1407 703 1449 738 et

0 773 1 786 ³
66 757 258 816 proprias
279 758 410 816 ipsius
432 757 643 802 dictiones
672 760 808 804 inesse
837 761 1129 807 observamus.
1154 763 1221 807 Ad
1249 764 1366 818 haec,
1391 765 1450 807 si-

0 839 1 842 ’
66 836 141 871 cut
164 828 454 885 Hieronymus
477 828 531 871 de
556 828 906 886 pseudodiacono
937 831 1164 876 Celedensi
1189 834 1357 877 Aniano
1381 834 1454 877 di-

0 889 1 956 ]
67 897 215 952 cebat,
248 897 585 956 Copiosz'ssime
603 901 848 956 pascitur,
874 911 921 943 ut
943 900 1114 945 alsense
1143 902 1451 961 blasplzemz'ce

0 963 3 975 f
66 966 216 1011 verba
235 966 427 1029 frivola
455 966 781 1012 subministret
805 986 816 1012 .·
841 970 898 1013 sic
921 973 1186 1029 Augustinus
1220 973 1265 1015 in
1298 974 1450 1016 subse—

66 1040 219 1097 quenti
247 1055 376 1099 opere
406 1039 634 1098 aliquoties
664 1040 852 1099 objectat
887 1041 1060 1086 Juliano
1078 1077 1088 1095 ,
1119 1044 1231 1100 pasci
1262 1045 1402 1101 ipsum
1428 1060 1451 1087 a

66 1109 258 1169 deceptis
274 1109 460 1165 miseris,
487 1119 536 1153 ut
557 1109 677 1154 libris
698 1126 777 1169 pro
796 1111 1025 1170 Pelagiana
1046 1113 1199 1157 haeresi
1217 1113 1454 1158 scribendis

69 1190 206 1225 vacet.

470 1338 725 1400 ANNOTATIQ
747 1340 812 1395 (3)
832 1352 928 1396 pag.
970 1345 1069 1382 202.

143 1480 404 1525 Amsancti
428 1478 593 1535 vallis,
617 1480 662 1524 in
687 1481 899 1539 Hirpinis,
935 1482 1011 1541 qui
1039 1482 1156 1541 apud
1179 1483 1379 1541 Apuliam
1410 1485 1464 1527 ab

67 1552 261 1607 Oriente,
296 1551 579 1609 Campaniam
608 1551 662 1594 ab
691 1551 930 1595 Occidente
963 1553 1129 1596 habent
1160 1571 1169 1596 :
1203 1552 1347 1596 medio
1372 1552 1462 1597 fere

68 1623 229 1682 spatio,
254 1622 370 1666 inter
386 1637 504 1665 mare
528 1636 734 1679 superum
757 1622 844 1665 sive
863 1622 1159 1666 Hadriaticum
1180 1657 1190 1675 ,
1211 1631 1254 1666 et
1270 1622 1458 1666 inferum

67 1692 155 1736 sive
174 1692 452 1748 Tyrrhenum
469 1725 479 1744 ‚
501 1699 564 1734 est
580 1689 724 1744 vallis,
744 1690 788 1732 in
804 1707 889 1749 qua
904 1690 1022 1734 lacus
1041 1694 1299 1734 Amsanctus
1312 1726 1322 1744 ‚
1342 1707 1460 1735 nunc

0 1757 9 1765 ’
67 1761 253 1823 Mufitz',
279 1778 301 1806 a
322 1760 529 1820 Mephitis
548 1761 712 1819 templo
732 1761 854 1820 quod
875 1760 935 1804 ibi
953 1759 1036 1804 fuit
1054 1760 1156 1804 olim
1171 1795 1181 1815 ‚
1203 1760 1459 1819 sulphureas

69 1832 236 1877 habens
265 1847 397 1892 aquas
419 1841 460 1876 et
490 1831 632 1890 nigras
653 1866 663 1886 ‚
690 1832 964 1891 pestilentem
988 1830 1167 1875 odorem
1191 1846 1239 1875 ac
1261 1832 1459 1875 mortife-

69 1919 168 1947 rum
202 1905 440 1963 spirantes,
474 1903 520 1946 in
553 1903 699 1947 medio
722 1903 839 1946 lacus
873 1902 927 1946 ad
952 1902 1031 1946 viri
1052 1902 1356 1962 proceritatem
1388 1902 1459 1945 in-

70 1975 209 2033 genti,
235 1973 404 2032 fragore
429 1972 701 2017 ebullientes.
729 1975 874 2017 Unum
894 1989 945 2016 ex
963 1973 1081 2017 ostiis
1103 1972 1341 2016 inferorum
1362 1972 1457 2016 Itali

70 2045 290 2090 credidere
304 2054 347 2088 et
360 2044 462 2089 inde
475 2045 772 2089 Amsanctus
786 2043 927 2088 dictus
939 2053 1017 2098 est,
1032 2043 1077 2086 id
1090 2052 1168 2097 est,
1185 2045 1363 2087 circum
1383 2058 1460 2085 sa-

70 2131 166 2170 cer,
187 2113 322 2158 ambi
337 2115 469 2169 enim,
487 2113 557 2158 vel
574 2113 732 2169 ambe,
750 2113 968 2157 veteribus
988 2111 1071 2157 fuit
1092 2113 1267 2157 circum
1287 2112 1341 2156 ab
1366 2126 1459 2170 ἀμφι..

70 2188 132 2228 De
148 2186 232 2229 hoc
259 2183 356 2229 loco
375 2186 434 2229 sic
449 2185 581 2228 habet
598 2183 800 2242 Virgilius
814 2183 891 2228 lib,
915 2183 1086 2227 AEneid.
1110 2186 1211 2237 VH,
1232 2198 1340 2226 vers.
1361 2188 1459 2225 563·

76 2260 173 2298 567.

272 2382 327 2412 Est
344 2379 446 2421 locus,
466 2377 564 2411 Italiae
584 2378 615 2410 in
632 2378 737 2410 medio
756 2378 815 2409 sub
833 2378 993 2410 montibus
1011 2378 1095 2417 altis,

270 2434 393 2467 Nobilis
412 2439 444 2467 et
460 2434 544 2466 fama
562 2433 667 2466 multis
684 2437 877 2465 memoratus
894 2434 926 2464 in
943 2433 1018 2471 oris,

270 2491 434 2522 Amsancti
453 2489 572 2522 valles:
593 2487 698 2521 densis
716 2488 799 2519 hunc
815 2487 980 2519 frondibus
999 2491 1100 2519 atrum

274 2547 371 2586 Urget
388 2544 535 2587 utrinque
554 2544 636 2576 latus
655 2543 806 2584 nemoris,
829 2543 998 2585 medioque
1015 2542 1150 2584 fragosus

274 2605 334 2634 Dat
354 2601 490 2633 sonitum
511 2601 592 2632 saxis
611 2603 642 2631 et
656 2603 742 2632 torto
756 2599 880 2632 vortice
897 2604 1033 2630 fot-rone.
