1884 3285
448 240 531 280 224
883 250 916 274 s.
953 244 1182 274 Atetsnm
1214 246 1395 273 Eplscom

448 314 617 358 venire?
639 313 768 364 Quod
789 320 934 355 autem
965 312 1023 355 ait
1057 311 1313 369 Apostolus,
1351 329 1370 352 a
1398 310 1482 362 Qui
1516 312 1628 355 eruit
1655 325 1734 355 nos
1763 310 1818 354 de
1857 362 1861 370 ἱ

450 403 469 426 »
497 393 706 443 potestate
726 382 1020 437 tenebrarum,
1054 391 1097 425 et
1118 381 1336 426 transtulit
1357 380 1402 423 in
1421 395 1600 438 regnum
1631 380 1727 424 Filii
1750 381 1819 424 di-
1838 437 1846 447 „

449 472 469 494 »
492 453 684 497 lectionis
706 455 818 497 suae¹
848 472 856 497 :
896 470 915 493 »
940 451 1035 509 lege
1064 459 1269 511 quartum
1294 450 1432 508 operis
1454 451 1538 493 mei
1573 450 1758 505 librum,
1778 458 1822 494 et
1857 466 1862 500 ε

448 532 552 567 tunc
569 523 648 567 tibi
667 521 775 582 quid
796 522 998 580 Magister
1020 521 1214 579 gentium
1235 520 1412 564 senserit
1433 520 1686 564 innotescet.
1709 538 1729 561 »
1859 513 1861 522 ²

505 597 796 639 Arousrm-rs.
835 595 961 638 Sexto
982 600 1129 636 nostro
1163 606 1417 651 responsum
1444 600 1508 635 est
1530 599 1685 651 quarto
1716 599 1820 645 tuo,
1859 593 1863 639 ξ

447 672 491 707 et
511 679 629 708 nunc
656 678 734 721 ego
758 663 892 721 magis
915 663 1153 717 admoneo,
1177 671 1226 706 ut
1251 661 1324 705 illa
1350 670 1425 705 tua
1455 670 1497 705 et
1525 676 1620 705 mea
1647 660 1820 719 legant,
1876 606 1884 716 i

447 735 523 794 qui
545 733 698 779 volunt
719 733 842 787 scire,
868 741 1080 792 quantum
1103 732 1162 775 ibi
1181 730 1311 775 fueris
1333 747 1357 775 a
1376 731 1556 776 veritate
1576 730 1727 775 devius
1744 765 1756 785 ,
1781 737 1825 774 et

446 814 609 863 quanta
643 805 697 848 sis
725 806 903 848 veritate
939 803 1176 848 convictus.
1215 805 1275 846 De
1310 803 1390 846 hac
1427 810 1572 846 autem
1600 800 1822 856 chartula,
1860 812 1865 853 2

446 875 490 917 in
511 890 597 933 qua
620 890 673 918 ex
706 875 792 918 tuis
823 874 945 917 libris
972 874 1173 932 quaedam
1200 873 1403 931 decerpta
1436 872 1677 931 conscripta
1705 880 1822 926 sunt,

444 945 630 990 libernm
675 946 755 990 tibi
797 955 859 990 est
894 944 1000 989 mihi
1040 945 1254 1003 imputare
1291 943 1411 1003 quod
1451 943 1523 987 ille
1564 942 1667 987 fecit
1694 977 1705 998 ‚
1748 942 1824 1000 qui
1861 934 1884 995 {1¹

444 1030 538 1060 eam
571 1016 686 1059 misit
723 1016 916 1070 homini,
963 1030 985 1058 a
1017 1030 1106 1074 quo
1134 1015 1260 1057 missa
1299 1023 1362 1057 est
1399 1013 1520 1057 mihi.
1543 1012 1622 1057 Ille
1663 1013 1827 1072 quippe
1861 1020 1884 1056 ωε·

443 1085 563 1144 quod
598 1085 760 1140 voluit,
794 1085 839 1128 in
875 1100 924 1128 ea
954 1084 1097 1142 posuit
1126 1099 1176 1127 ex
1213 1098 1343 1141 opere
1381 1092 1479 1137 tuo,
1515 1091 1559 1126 et
1589 1081 1710 1142 quod
1745 1098 1826 1127 vo-
1862 1098 1884 1130 ε

443 1154 526 1198 luit
553 1155 826 1213 praetermisit
861 1174 869 1198 2
896 1153 1013 1197 unde
1043 1153 1121 1196 tibi
1145 1154 1236 1212 jam
1258 1167 1387 1210 supra
1419 1152 1606 1196 breviter
1640 1152 1826 1211 satisque

443 1224 657 1283 respondi.
685 1224 801 1277 Quid
831 1233 873 1268 te
906 1223 1099 1267 obscuris
1131 1223 1213 1265 tuis
1233 1222 1436 1267 adversus
1462 1222 1660 1281 Apostoli
1684 1222 1826 1266 mani·
1862 1217 1884 1270 {i

440 1294 549 1337 festa
583 1294 749 1338 conaris
770 1293 1021 1338 involvere?
1050 1292 1127 1335 Ille
1165 1295 1302 1335 Deum
1337 1292 1576 1350 praedicans
1615 1293 1700 1346 ait,
1744 1292 1828 1345 Qui

440 1364 553 1407 eruit
575 1379 652 1407 nos
684 1363 738 1407 de
771 1371 984 1422 potestate
1014 1361 1315 1415 tenebrarum,
1346 1371 1389 1405 et
1412 1361 1631 1406 transtulit
1657 1362 1700 1405 in
1730 1375 1825 1419 reg·
1863 1371 1884 1404 i·

440 1450 547 1478 num
576 1435 673 1478 Filii
700 1435 919 1478 charitatis
945 1436 1059 1477 suae‘2
1083 1442 1153 1477 :et
1176 1441 1223 1476 tu
1244 1432 1350 1477 dicis
1371 1433 1455 1477 hoc
1477 1434 1532 1476 ab
1553 1432 1652 1488 illo,
1672 1447 1827 1492 excep·
1863 1421 1884 1503 ξι

440 1505 490 1548 tis
515 1504 720 1562 parvulis,
742 1504 923 1548 dictum.
954 1503 996 1548 Si
1013 1518 1115 1561 ergo
1135 1518 1225 1546 non
1247 1512 1460 1546 eruuntur
1483 1502 1653 1562 parvuli
1667 1502 1721 1546 de
1743 1518 1823 1561 po·-
1863 1511 1867 1560 ᾗ

443 1583 590 1618 testate
612 1574 908 1628 tenebrarum,
930 1589 1020 1617 non
1036 1582 1137 1617 sunt
1157 1572 1319 1616 mortui
1337 1591 1347 1617 ;
1368 1573 1400 1616 si
1418 1587 1506 1616 non
1523 1581 1625 1616 sunt
1646 1573 1822 1628 mortui,
1863 1572 1884 1643 ᾗ

1864 1662 1868 1681 l

1864 1716 1867 1733 Ι

1864 1786 1868 1806 l

1864 1867 1869 1893 ε

440 1660 528 1688 non
559 1661 637 1703 pro
668 1646 727 1689 eis
762 1654 958 1689 mortuus
982 1652 1045 1688 est
1068 1643 1263 1688 Christus
1291 1663 1299 1687 :
1331 1652 1380 1687 tu
1402 1652 1547 1688 autem
1582 1644 1710 1688 etiam
1748 1657 1827 1702 pro
1865 1646 1867 1701 j

440 1714 539 1772 ipsis
557 1715 777 1760 Christum
804 1723 1026 1758 mortuum
1055 1714 1280 1771 confiteri3
1305 1723 1348 1757 et
1368 1713 1484 1758 idem
1507 1713 1612 1757 dicit
1635 1716 1824 1772 Aposto-
1864 1739 1867 1762 2,

439 1784 521 1839 lus,
547 1804 566 1827 «
593 1788 713 1829 Unus
732 1800 810 1844 pro
826 1785 1029 1829 omnibus
1052 1792 1250 1828 mortuus
1270 1792 1356 1838 est,
1377 1799 1480 1842 ergo
1498 1799 1648 1829 omnes
1665 1783 1827 1828 mortui
1864 1770 1868 1784 ¹

440 1872 460 1895 n
487 1857 629 1899 sunt3.
658 1874 677 1897 »
699 1856 932 1901 Conclusio
949 1855 1042 1898 haec
1060 1853 1257 1913 Apostoli
1271 1854 1432 1898 invicta
1448 1864 1509 1899 est
1534 1874 1542 1899 :
1572 1871 1620 1899 ac
1644 1870 1720 1915 per
1742 1854 1827 1899 hoc
1865 1886 1884 1907 ⁴·

438 1926 539 1984 quia
561 1935 604 1969 et
623 1941 702 1985 pro
730 1925 921 1985 parvulis
942 1934 1141 1969 mortuus
1166 1933 1251 1978 est,
1279 1924 1476 1982 profecto
1506 1928 1634 1969 etiam
1656 1924 1825 1984 parvuli
1865 1921 1884 1975 ξ’

440 1995 599 2038 mortui
629 2004 744 2038 sunt.
778 1998 978 2039 Mortuus
1007 2004 1070 2038 est
1102 2009 1231 2052 porro
1264 1995 1480 2048 Christus,
1522 2004 1568 2038 ut
1599 2003 1826 2038 evacuaret
1865 1994 1869 2043 ᾗ

439 2080 538 2108 eum
558 2066 634 2123 qui
676 2073 934 2123 potestatem
962 2064 1152 2107 habebat
1182 2065 1352 2119 mortis,
1396 2064 1441 2108 id
1464 2074 1542 2119 est,
1579 2064 1822 2109 diabolum.

441 2135 541 2179 Sine
563 2135 691 2192 igitur
713 2134 933 2193 parvulos,
961 2143 1010 2177 ut
1035 2134 1210 2188 vivant,
1247 2135 1302 2177 de
1336 2143 1548 2193 potestate
1578 2135 1671 2178 erui
1702 2143 1824 2178 tene·
1865 2123 1869 2197 i

437 2203 629 2247 brai-um.
657 2204 773 2256 Quid
790 2212 853 2247 est
875 2212 1020 2247 autem
1037 2237 1048 2258 ‚
1073 2204 1192 2261 quod
1217 2204 1322 2247 mihi
1349 2203 1636 2263 Calliphontis
1659 2218 1825 2249 morem

437 2274 610 2333 objicis,
635 2274 705 2318 vel
726 2289 914 2318 errorem
931 2308 941 2328 ,
962 2273 1008 2316 in
1030 2288 1081 2317 eo
1099 2273 1217 2332 quod
1240 2289 1309 2317 me
1329 2283 1482 2332 putare
1499 2274 1604 2318 dicis
1619 2274 1826 2319 virtutem
1867 2287 1884 2322 :2

438 2352 480 2387 ct
498 2344 616 2398 vitia,
631 2345 841 2404 justitiam
859 2353 902 2387 et
924 2343 1197 2403 iniquitatem
1220 2344 1415 2388 oratione
1432 2359 1526 2388 mea
1543 2360 1666 2404 posse
1679 2344 1725 2388 in
1742 2343 1825 2388 soe-

438 2415 539 2457 dera
556 2415 814 2458 convenire?
847 2415 939 2471 Ego
962 2413 1137 2472 quidem
1169 2412 1280 2457 absit
1317 2422 1366 2457 ut
1395 2414 1478 2458 hoc
1506 2414 1576 2459 vel
1597 2415 1727 2459 corde
1758 2423 1824 2458 te-
1866 2417 1870 2471 l

438 2499 581 2540 neam,
606 2486 677 2530 vel
691 2500 888 2530 sermone
909 2484 1112 2528 suadeam
1140 2503 1148 2528 ι
1169 2483 1243 2528 sed
1262 2493 1349 2528 tam
1367 2485 1478 2530 bene
1500 2495 1542 2529 te
1563 2485 1823 2531 intellexisse

496 2583 504 2598 ¹
521 2576 640 2609 coloss.
659 2588 684 2618 1,
706 2576 757 2610 13.
777 2593 818 2600 —
834 2583 847 2601 ³
866 2574 1027 2609 lbid.—3
1047 2577 1162 2609 2'Cor.
1182 2586 1216 2614 v,
1248 2574 1299 2617 ¹4·
1866 2579 1870 2630 J
