1821 3264
6 98 13 167 Ξ

244 291 388 320 OPERIS
420 288 596 324 ιινιΡιιιιιΡ.
631 283 795 314 CONTRA
832 285 1000 313 summ.
1038 285 1119 311 Lm.
1156 285 1203 310 11.
1333 271 1418 310 1139

6 181 11 246 ἒ

0 254 10 353 l.

0 336 9 419 {l
39 358 204 413 misisti,
219 353 420 415 negando
433 369 457 397 a
470 361 514 397 te
529 351 781 412 propulsare
797 351 978 396 coneris.
992 350 1064 394 Ais
1082 350 1197 393 enim
1211 367 1220 393 z
1236 349 1422 393 »Dicunt

41 439 185 477 autem
208 442 287 472 nos
314 426 555 470 animarum
593 422 817 466 traducem
840 420 1038 466 confiteri
1059 440 1070 478 3
1094 419 1212 478 quod
1237 420 1280 462 in
1303 420 1424 478 cujus

39 501 159 547 libris
174 497 358 557 legerint
379 494 522 539 nescio
544 496 558 520 1
587 513 596 539 ι
628 512 649 535 «
682 502 728 536 ut
749 509 772 536 a
795 501 836 536 te
864 491 1068 536 videlicet
1097 488 1207 532 nihil
1229 489 1314 532 dici
1339 488 1424 531 tale

42 572 219 631 dejeres.
240 571 375 612 Porro
403 574 452 610 ut
470 563 630 609 salsitas
652 572 727 607 tua
748 571 925 606 tuorum
945 561 1176 605 verborum
1197 557 1426 602 collatione

41 642 265 701 prodatur,
282 637 504 699 quomodo
523 634 747 680 traducem
761 634 1020 686 animarum,
1041 629 1266 690 profanam
1281 643 1430 673 revera

43 712 293 773 opinionem
314 745 325 765 ‚
350 709 436 752 tuis
457 706 562 751 dicis
587 705 783 749 sensibus
800 718 889 748 non
908 702 1046 747 teneri
1072 721 1083 758 3
1110 715 1208 744 cum
1227 699 1430 758 profitea-

44 785 117 839 ris,
143 796 292 826 omnes
305 778 502 824 homines
518 776 642 820 illum
662 790 799 819 unum
821 774 976 818 fuisse?
991 772 1033 816 Si
1051 771 1162 814 enirn
1187 783 1277 813 non
1295 767 1433 812 credis

45 863 212 915 partem
230 853 385 896 animae
402 848 638 894 seminibus
651 846 857 904 illigatam
877 866 887 902 3
903 859 991 903 quo
1013 857 1087 887 ore
1100 841 1265 895 scribis,
1284 853 1433 883 omnes

47 925 246 970 homines
264 922 404 967 Adam
425 919 567 964 solum
586 918 736 972 fuisse,
764 930 864 960 cum
878 916 1010 959 homo
1027 913 1180 972 utique
1197 911 1278 954 nisi
1294 910 1436 954 anima

49 1005 93 1041 et
107 1009 265 1055 corpus
282 991 412 1037 simul
423 1006 513 1036 esse
533 1005 622 1035 non
638 989 796 1049 possit?
817 1005 837 1028 »

0 1052 5 1162 ς
110 1069 401 1110 AteuszrmUS.
453 1065 584 1106 Putas
617 1059 840 1104 hominem
873 1070 962 1100 non
1005 1067 1129 1113 posse
1172 1051 1257 1095 dici
1301 1050 1440 1094 solum

0 1165 2 1179 ι
49 1136 237 1183 hominis
254 1149 411 1194 corpus
439 1153 447 1178 ι
484 1147 586 1178 cum
607 1132 714 1176 scias
731 1131 873 1189 ipsum
891 1127 1030 1171 filium
1052 1125 1131 1169 Dei
1151 1124 1331 1167 unicum
1352 1124 1441 1165 Do-

0 1190 4 1273 Ι
54 1209 224 1253 minum
243 1215 442 1250 nostrum
455 1207 479 1249 J
484 1218 603 1249 esum
627 1201 849 1247 Christum
861 1234 872 1254 ‚
890 1198 971 1242 sub
986 1195 1139 1240 Pontio
1153 1193 1290 1237 Pilato
1304 1191 1442 1235 cruci-

53 1280 207 1333 fixum,
227 1286 271 1320 et
287 1276 507 1335 sepultum
525 1309 535 1329 ‚
560 1273 671 1317 sicut
694 1280 781 1315 tota
803 1270 896 1329 ejus
919 1265 1107 1311 Ecclesia
1132 1263 1381 1316 confitetur,
1402 1269 1445 1304 et

0 1280 4 1438 Ι
55 1351 239 1394 haereses
261 1346 434 1401 multae,
459 1345 505 1388 in
526 1344 684 1403 quibus
704 1350 747 1385 et
772 1348 913 1385 vestra
939 1346 1003 1382 est
1027 1357 1038 1394 3
1058 1345 1100 1379 et
1126 1343 1271 1378 tamen
1303 1330 1445 1376 solum

0 1477 2 1493 k
57 1434 214 1478 corpus
247 1417 408 1462 Christi
444 1414 666 1474 sepultum
693 1421 771 1456 est.
802 1409 962 1454 Debuit
993 1422 1096 1465 ergo
1132 1402 1373 1448 secundum
1404 1410 1448 1444 te

0 1530 1 1541 ,
60 1493 184 1535 Jesus
214 1488 411 1534 Christus
434 1485 549 1529 filius
575 1484 653 1528 Dei
676 1483 831 1526 unicus
854 1480 1063 1524 Dominus
1083 1484 1228 1520 noster
1250 1489 1339 1517 non
1363 1471 1450 1515 dici

60 1561 254 1620 sepultus
284 1579 295 1616 3
327 1555 536 1617 quoniam
554 1569 645 1598 non
676 1567 728 1596 ex
755 1550 846 1595 solo
872 1562 1055 1607 corpore
1081 1581 1091 1600 ‚
1124 1543 1200 1588 sed
1230 1558 1283 1587 ex
1302 1542 1449 1585 Verbo

61 1631 139 1684 Dei
169 1640 212 1674 et
241 1629 384 1673 anima
406 1624 608 1670 rationali
636 1631 679 1667 et
703 1635 885 1680 corpore
906 1627 970 1662 est
999 1615 1195 1662 Christus
1225 1612 1304 1657 Dei
1336 1610 1452 1654 filius

63 1703 217 1746 unicus
245 1699 456 1744 Dominus
493 1704 639 1739 noster
663 1713 672 1737 ε
698 1692 772 1737 sed
799 1706 901 1735 cum
920 1690 1105 1733 venisset
1127 1684 1181 1729 ad
1208 1685 1302 1727 haec
1321 1681 1454 1726 verba

65 1771 294 1825 confessio,
315 1769 396 1813 sub
407 1767 561 1812 Pontio
584 1764 723 1808 Pilato
742 1761 974 1806 crucifixus
991 1767 1078 1814 est3
1099 1755 1252 1814 subjici
1276 1752 1451 1805 debuit,

0 1876 1 1881 =
67 1854 111 1888 et
132 1857 288 1901 corpus
310 1841 400 1900 ejus
433 1836 668 1896 sepultum.
698 1835 786 1877 Nec
821 1831 875 1874 de
899 1831 992 1889 ipso
1013 1827 1154 1887 primo
1183 1823 1375 1877 homine,
1401 1820 1456 1864 de

0 1914 1 1961 ἶ
68 1929 157 1974 quo
179 1914 319 1971 agitur
335 1945 346 1965 ,
367 1909 511 1953 dicere
535 1906 755 1964 Scriptura
778 1901 933 1946 debuit
953 1919 962 1944 ι
979 1918 998 1941 «
1019 1897 1163 1942 Finxit
1182 1899 1295 1939 Deus
1311 1892 1455 1937 homi-

73 2005 94 2028 »
117 2000 220 2030 nem
241 1982 468 2044 pulverem
490 1987 617 2022 terrae
640 1980 658 2002 2
690 1994 699 2020 :
726 1994 746 2016 »
774 1974 876 2033 quia
913 1971 1053 2016 solum
1078 1966 1269 2012 hominis
1300 1977 1458 2023 corpus

72 2073 124 2102 ex
150 2065 262 2100 terra
285 2062 361 2097 est.
387 2054 536 2111 Ipsum
571 2047 761 2106 denique
782 2048 923 2088 Deum
947 2054 1107 2085 errasse
1136 2038 1317 2082 clamate
1340 2069 1350 2089 ‚
1383 2033 1459 2092 qui

71 2136 258 2173 mortem
281 2123 490 2169 minando
507 2155 518 2175 ,
543 2118 653 2163 dixit
669 2115 835 2161 homini
856 2133 865 2159 :
892 2132 912 2155 «
938 2116 1067 2156 Terra
1084 2125 1148 2163 es,
1172 2118 1215 2152 et
1239 2108 1285 2151 in
1304 2115 1463 2150 terram

77 2218 98 2241 n
125 2198 207 2241 ibis
229 2198 244 2222 3
273 2215 281 2240 2
305 2213 325 2236 »
353 2207 455 2238 cum
483 2189 626 2250 potius
657 2202 710 2230 ex
739 2195 814 2230 tua
846 2182 1043 2228 doctrina
1068 2178 1268 2223 debuerit
1288 2175 1459 2221 dicere:

78 2271 208 2312 Terra
231 2274 294 2310 est
320 2277 477 2323 corpus
502 2270 628 2304 tuum
647 2292 657 2312 ‚
683 2266 725 2300 et
751 2257 797 2299 in
815 2264 973 2298 terram
995 2251 1090 2296 ibit.
1118 2249 1229 2302 Quia
1251 2261 1354 2304 ergo
1378 2243 1466 2288 fuit

78 2339 218 2384 Adam
235 2372 246 2392 ‚
277 2345 320 2380 et
341 2336 387 2379 in
408 2333 484 2377 illo
501 2330 663 2375 fuimus
686 2327 879 2381 omnes4,
904 2322 1024 2384 quod
1042 2330 1142 2366 ante
1164 2334 1241 2363 nos
1263 2314 1467 2361 catholici

79 2409 278 2454 doctores
299 2403 539 2450 secundum
572 2399 813 2458 Scripturas
843 2403 1011 2440 sanctas
1041 2393 1088 2436 in
1108 2398 1255 2434 sancta
1276 2385 1467 2430 Ecclesia

81 2479 331 2525 didicerunt
350 2511 360 2531 ‚
387 2484 517 2533 atque
549 2472 795 2515 docuerunt
820 2487 831 2523 3
862 2465 961 2510 ideo
999 2463 1087 2507 dixi
1120 2480 1129 2505 :
1166 2479 1185 2501 «
1210 2460 1370 2502 Omnes
1397 2453 1470 2498 ille

133 2589 141 2605 ¹
164 2580 242 2613 Vide
269 2579 326 2610 lib.
347 2589 379 2609 ιιι
405 2579 519 2609 contra
538 2573 616 2604 duas
635 2570 734 2612 Epist.
762 2567 917 2609 Pelagian.
948 2576 1021 2607 cap.
1052 2574 1101 2596 ιο.
1117 2567 1184 2583 —2
1205 2562 1284 2592 Gen.
1311 2569 1354 2595 ιι,
1383 2568 1412 2596 7.
1431 2558 1481 2576 -“

91 2636 104 2660 3
128 2637 178 2669 Id.
196 2648 246 2674 ιιι,
272 2646 320 2676 ¹9.
335 2651 376 2656 -
389 2632 405 2661 4
420 2630 564 2664 Ambros.
586 2626 642 2658 lib.
666 2637 711 2658 vn
728 2624 758 2656 in
777 2626 853 2655 Luc.
869 2633 940 2664 cap.
957 2632 1013 2661 xv,
1033 2631 1066 2651 v.
1085 2618 1139 2658 24.
