1821 3264
421 243 473 269 DE
505 241 796 269 coum-:wrtozffl
829 244 880 271 BT
912 245 1084 272 υιιΑΤιΑ.
1396 238 1447 273 :53⁹

67 306 215 351 sentiri
237 325 246 351 2
271 319 351 364 ego
371 314 515 350 autem
534 305 633 350 dico
650 305 695 349 id
715 320 806 349 esse
827 318 1075 366 peccatum,
1100 309 1230 353 fidem
1253 325 1352 370 quae
1374 327 1450 371 per

0 391 1 440 ζ
64 375 340 421 dilectionem
363 383 593 435 operatur,
624 376 823 419 deserere
851 392 990 437 usque
1017 379 1073 422 ad
1102 389 1302 424 mortem.
1336 383 1448 426 Huic

65 455 240 506 peccato
261 445 376 490 ultra
397 460 486 490 non
513 446 729 500 serviunt,
760 461 849 490 non
870 447 1007 505 prima
1036 449 1308 505 conditione,
1337 451 1447 495 sicut

64 517 159 572 ille,
190 516 345 575 liberi3
379 518 455 562 sed
478 531 554 577 per
581 517 822 561 secundum
846 517 987 562 Adam
1012 519 1088 562 Dei
1107 521 1240 576 gratia
1259 521 1445 578 liberati,

64 596 106 632 et
138 589 217 632 ista
244 587 500 632 liberatione
530 589 741 632 habentes
768 587 957 632 liberum
985 589 1211 632 arbitrium
1242 605 1331 648 quo
1358 606 1448 635 ser—

62 658 184 703 viant
205 660 295 703 Deo
311 689 323 713 ,
352 674 437 703 non
456 674 545 718 quo
571 659 845 718 captiventur
862 674 883 702 a
909 658 1100 703 diabolo.
1122 659 1313 704 Liberati
1334 661 1449 705 enim

63 744 88 773 a
109 738 287 788 peccato
308 730 419 773 servi
441 729 545 774 facti
566 738 666 773 sunt
683 730 910 789 justitiae¹‚
936 729 981 773 in
1005 745 1092 788 qua
1114 730 1291 774 stabunt
1312 746 1450 791 usque

63 800 109 844 in
131 800 289 855 finem,
313 801 505 844 donante
527 800 606 844 sibi
630 799 706 844 illo
727 800 1110 859 perseverantiam,
1136 802 1212 860 qui
1235 816 1306 845 eos
1339 817 1451 860 prae—

62 870 211 925 scivit,
236 878 279 914 et
305 869 652 929 praedestinavit,
678 880 720 914 et
749 869 989 914 secundum
1018 871 1288 929 propositum
1321 887 1450 917 voca—

62 939 153 995 vit,
194 940 474 999 justificavit,
519 949 563 984 et
593 939 873 999 glorifieavit,
910 941 1116 1000 quoniam
1156 940 1228 984 illa
1261 956 1360 1000 quae
1397 942 1451 987 de

63 1011 128 1054 his
165 1012 388 1070 promisit,
432 1012 563 1055 etiam
605 1011 754 1055 futura
781 1013 869 1071 jam
904 1010 1006 1056 fecit
1034 1031 1043 1056 ε
1079 1012 1150 1056 cui
1182 1013 1453 1070 promittenti

66 1101 88 1124 «
119 1082 305 1127 credidit
345 1082 564 1127 Abraham
592 1118 603 1137 ,
646 1092 689 1127 et
731 1082 989 1142 deputatum
1034 1092 1098 1127 est
1138 1082 1202 1126 illi
1239 1083 1293 1127 ad
1320 1085 1450 1144 justi-

66 1170 87 1194 »
112 1152 217 1196 tiam
231 1156 263 1196 ².
292 1153 418 1197 Dedit
453 1155 567 1197 enim
601 1153 781 1212 gloriam
814 1156 929 1207 Deo,
967 1152 1212 1212 plenissime
1239 1155 1447 1210 credens,

67 1239 89 1263 »
114 1223 227 1266 sieut
259 1223 466 1282 scriptum
499 1233 586 1278 est,
620 1223 731 1276 Quia
765 1239 864 1283 quae
886 1224 1104 1283 promisit,
1137 1234 1290 1283 potens
1318 1234 1383 1270 est
1410 1235 1453 1270 et

68 1311 86 1334 »
115 1290 295 1335 ίὶιοετε3.
325 1310 345 1333 »

122 1363 329 1406 XXXVI.
366 1365 464 1421 Ipse
486 1377 589 1421 ergo
614 1361 710 1406 illos
740 1363 878 1406 bonos
899 1363 1003 1408 facit
1018 1398 1029 1417 ,
1064 1373 1114 1407 ut
1136 1365 1250 1408 bona
1274 1364 1450 1409 faciant.

64 1434 214 1492 Neque
232 1433 346 1476 enim
369 1442 598 1492 propterea
619 1447 690 1477 eos
713 1432 909 1491 promisit
930 1433 1116 1477 Abrahae
1129 1468 1139 1487 ,
1160 1434 1259 1493 quia
1283 1436 1456 1492 praesci—

64 1504 127 1548 vit
158 1520 181 1548 a
209 1520 252 1548 se
281 1504 383 1563 ipsis
409 1505 546 1548 bonos
574 1505 762 1548 futuros.
794 1507 903 1549 Nam
928 1505 962 1548 si
984 1504 1043 1548 ita
1073 1513 1157 1559 est,
1185 1519 1274 1548 non
1296 1520 1422 1548 suum
1442 1541 1453 1561 ,

64 1575 139 1619 sed
171 1590 322 1619 eorum
358 1585 422 1619 est
456 1575 577 1635 quod
606 1576 816 1634 promisit.
856 1578 953 1620 Non
989 1584 1135 1618 autem
1175 1575 1234 1619 sic
1272 1575 1458 1621 credidit

64 1645 310 1701 Abraham,
328 1646 404 1690 sed
419 1681 430 1700 ‚
460 1665 479 1688 «
505 1661 594 1690 nou
613 1655 676 1690 est
693 1646 935 1689 infirmatus
952 1646 996 1689 in
1013 1646 1122 1699 fide,
1149 1644 1256 1689 dans
1276 1645 1456 1703 gloriam

68 1734 88 1758 »
114 1719 204 1761 Deo
233 1727 276 1761 et
303 1717 550 1776 plenissime
577 1716 782 1771 credens,
809 1717 911 1777 quia
936 1732 1034 1776 quae
1056 1717 1275 1776 promisit,
1302 1726 1456 1777 potens

69 1804 89 1828 n
116 1795 159 1830 et
185 1786 367 1831 facere3.
398 1805 418 1828 »
450 1790 549 1832 Non
577 1788 657 1841 ait,
686 1803 785 1846 quae
809 1787 1047 1845 praescivit,
1073 1797 1227 1845 potens
1259 1795 1323 1830 est
1351 1803 1454 1845 pro—

66 1857 261 1914 mittere,
286 1867 387 1912 aut,
419 1873 519 1917 quae
545 1858 747 1917 praedixit
765 1893 775 1912 ,
803 1866 955 1916 potens
981 1866 1045 1900 est
1072 1856 1322 1913 ostendere,
1355 1866 1452 1911 aut,

65 1943 166 1987 quae
189 1928 408 1987 promisit,
434 1938 588 1987 potens
611 1937 674 1971 est
691 1928 912 1986 praescire3
935 1926 1009 1970 sed
1025 1961 1036 1981 ,
1065 1945 1084 1967 «
1110 1941 1210 1985 quae
1233 1926 1452 1985 promisit,

67 2016 88 2041 »
114 2006 269 2057 potens
289 2007 352 2042 est
374 2007 418 2042 et
439 1998 596 2043 facere.
627 2016 647 2039 »
680 2000 775 2057 Ipse
804 1997 937 2056 igitur
964 2012 1035 2040 eos
1057 1995 1161 2040 facit
1184 2011 1456 2055 perseverare

65 2070 112 2113 in
132 2069 272 2124 bono,
295 2070 371 2130 qui
393 2070 499 2114 facit
520 2070 672 2114 bonos.
698 2070 784 2122 Qui
809 2077 954 2112 autem
983 2067 1146 2111 cadunt
1177 2076 1218 2111 et
1241 2077 1453 2126 pereunt,

65 2142 111 2186 in
132 2142 542 2201 praedestinatorum
572 2157 756 2186 numero
784 2157 874 2185 non
897 2140 1089 2184 fuerunt.
1124 2140 1331 2192 Quamvis
1353 2155 1456 2199 ergo

67 2211 122 2256 de
144 2213 347 2256 omnibus
370 2212 632 2271 regeneratis
650 2221 692 2256 et
715 2212 784 2272 pie
801 2211 1050 2256 viventibus
1071 2210 1324 2270 loqueretur
1341 2214 1458 2270 Apo-

66 2283 203 2328 stolus
217 2317 229 2338 ,
249 2283 396 2327 dicens
418 2301 428 2328 z
457 2301 477 2325 «
501 2286 565 2327 Tu
587 2284 684 2343 quis
704 2299 747 2328 es
769 2283 845 2343 qui
862 2282 1030 2343 judices
1049 2282 1240 2326 alienum
1258 2285 1458 2326 servum?

69 2371 90 2395 »
119 2356 205 2398 Suo
227 2353 407 2399 domino
427 2363 509 2398 stat
531 2363 606 2398 aut
630 2354 769 2399 cadit*
795 2374 804 2400 :
828 2373 848 2396 »
875 2355 1085 2399 continuo
1107 2362 1255 2397 tamen
1273 2355 1457 2412 respexit

67 2423 124 2469 ad
144 2423 496 2483 praedestinatos,
518 2434 561 2470 et
577 2426 637 2470 ait
658 2444 666 2471 ε
692 2444 711 2467 «
738 2425 877 2470 Stabit
894 2433 1040 2469 autem
1063 2443 1070 2468 z
1095 2442 1115 2464 »
1142 2432 1185 2467 et
1202 2438 1256 2466 ne
1274 2423 1357 2468 hoc
1374 2424 1457 2468 sibi

117 2531 127 2548 ¹
148 2528 305 2565 Rom.v1‚
328 2527 378 2559 18.
397 2544 438 2549 --
455 2534 467 2548 ²
493 2527 603 2567 1‹l.1v‚
635 2527 652 2558 3
678 2532 710 2558 et
727 2536 780 2559 20.
800 2525 868 2549 -3
892 2525 970 2557 lbid.
997 2537 1054 2567 ις),
1075 2535 1117 2559 'zo
1137 2531 1168 2557 et
1196 2536 1248 2558 21.
1266 2524 1335 2553 —so
1362 2527 1451 2556 Rom.

70 2589 135 2617 xiv,
155 2580 187 2621 4.
