1884 3285
451 298 532 336 106
870 303 903 332 S.
939 303 1168 334 Aucusnm
1202 305 1381 333 muscom

507 389 569 417 esc
586 371 737 416 dobus
753 371 848 431 piis
859 405 874 427 ,
894 369 1004 415 huic
1021 385 1331 430 perseverare
1355 368 1574 426 donetur,
1598 386 1693 416 non
1717 370 1789 417 illi
1810 390 1821 419 :

504 441 592 487 sed
606 440 728 486 illud
741 450 903 487 tamen
919 443 1248 498 certissimum,
1270 442 1395 486 liunc
1416 457 1516 486 esse
1539 457 1602 486 ex·
1617 441 1826 501 proedes-

508 514 698 568 tinatis,
730 511 860 556 illum
892 527 988 558 non
1024 528 1139 557 esse.
1172 511 1621 557 Proedestinationis
1651 523 1824 574 myste-

508 586 629 629 rium
651 582 919 629 Dominicis
936 582 1091 629 verbis
1114 582 1175 628 de
1201 583 1360 644 Tyriis
1377 592 1422 628 et
1443 581 1670 640 Sidoniis,
1691 585 1736 629 si
1749 600 1827 630 ea-

507 656 616 702 dem
640 654 777 715 apud
806 654 909 700 illos
937 670 1042 714 quoe
1070 653 1207 714 apud
1230 653 1501 701 Cliorozai'n
1527 656 1668 717 signa
1671 655 1827 718 facta

507 735 682 781 essent,
713 725 1047 784 poenitentiam
1074 726 1277 780 acturis,
1301 725 1562 768 monstrari
1588 723 1822 770 observat.

504 795 802 856 Exemplum
836 794 1149 855 parvulorum
1182 794 1254 840 ad
1282 793 1747 855 proedestinationis,
1781 804 1828 842 et

501 869 676 930 gratice
700 868 748 911 in
780 865 1043 927 majoribus
1069 868 1320 911 veritatem
1342 864 1647 927 firmandam
1664 865 1829 911 valere

504 938 711 984 ostendit
732 956 743 983 .·
767 947 913 996 atque
947 937 1017 982 ad
1036 936 1190 982 locum
1213 935 1322 981 libri
1349 938 1425 981 sui
1444 935 1502 980 de
1531 934 1679 981 libero
1695 933 1828 980 arbi-

505 1010 595 1054 trio
614 1008 742 1054 tertii
756 1007 820 1053 ab
838 1006 1132 1053 adversariis
1153 1005 1280 1051 male
1302 1005 1394 1051 ltuc
1411 1004 1618 1051 allatum
1637 1021 1830 1066 respon-

504 1079 597 1125 det.
619 1080 794 1125 Altera
814 1088 985 1139 postea
1007 1080 1164 1138 operis
1182 1077 1321 1139 liujus
1340 1087 1483 1137 parte
1506 1076 1681 1139 refellit
1703 1075 1834 1136 quod
1860 1107 1862 1109 -

504 1150 575 1195 illi
604 1153 755 1207 citant,
794 1150 1244 1195 Proedestinationis
1282 1149 1603 1209 definitionem
1636 1146 1833 1193 utilitati

506 1219 857 1267 exhortationis
894 1231 939 1265 et
972 1221 1286 1279 correptionis
1327 1217 1598 1264 adversam.
1643 1218 1833 1263 Asserit

501 1302 670 1338 contra
715 1291 1190 1351 prcedestinationem
1238 1289 1416 1335 utiliter
1453 1288 1741 1349 praedicari,
1782 1299 1832 1334 ut

502 1363 644 1409 liomo
679 1379 776 1408 non
806 1365 855 1408 in
891 1379 940 1409 se
968 1364 1093 1422 ipso,
1131 1361 1221 1407 sed
1251 1363 1299 1405 in
1335 1360 1546 1406 Domino
1578 1359 1827 1424 glorietur.

508 1435 630 1496 Quoe
662 1443 822 1477 autem
858 1430 921 1477 ab
951 1432 1044 1477 illis
1087 1431 1321 1477 adversus
1355 1430 1832 1491 proedestinationem

502 1503 821 1566 objectantur)
856 1502 1025 1548 eadem
1055 1520 1151 1548 non
1182 1501 1466 1548 absimiliter
1497 1501 1574 1546 vel
1603 1500 1831 1547 adversus

501 1574 600 1620 Dei
624 1576 999 1634 praescientiam,
1043 1573 1120 1619 vel
1154 1572 1383 1619 adversus
1421 1574 1638 1634 gratiam
1666 1571 1826 1628 illam,

501 1662 649 1705 quam
671 1644 742 1690 ad
756 1655 935 1691 caetera
960 1644 1086 1690 bona
1108 1648 1141 1705 ζ
1151 1654 1351 1704 excepto
1375 1646 1508 1689 initio
1514 1642 1644 1705 fidei
1659 1651 1706 1687 et
1717 1659 1829 1702 per-

500 1718 779 1761 seoerantice
798 1716 1138 1777 perfectione)
1160 1716 1486 1760 necessariam
1504 1730 1606 1759 esse
1625 1729 1827 1758 consen-

502 1789 643 1843 tiunt,
678 1803 820 1847 posse
859 1789 1082 1846 torqueri.
1130 1786 1620 1831 Prcedestinationem
1654 1785 1829 1844 quippe

500 1868 777 1902 sanctorum
807 1857 931 1902 nilzil
949 1856 1088 1902 aliud
1113 1873 1213 1902 esse
1241 1873 1387 1914 quam
1402 1855 1761 1917 praescientiam
1785 1863 1832 1899 et

493 1929 907 1988 proeparationem
940 1927 1274 1987 beneficiorum
1303 1927 1401 1973 Dei
1407 1963 1423 1983 ,
1457 1925 1626 1985 quibus
1660 1926 1827 1970 certis-

499 2001 615 2044 sime
666 1998 942 2056 liberantur,
993 2001 1277 2058 quicumque
1315 1998 1596 2063 liberasstur.
1643 1996 1830 2043 Verum

494 2069 971 2130 prcedestinationem
1002 2087 1219 2133 congrua
1257 2072 1444 2115 ratione
1470 2066 1830 2128 proediaariju-

501 2141 594 2197 bet,
619 2157 680 2186 ac
698 2157 795 2186 non
814 2157 868 2186 eo
886 2141 1029 2188 modo
1046 2151 1096 2186 ut
1118 2141 1255 2202 apud
1275 2142 1550 2202 imperitam
1570 2138 1830 2186 multitudi-

499 2229 607 2257 nem
647 2211 879 2276 redargui
913 2215 1021 2273 ipsa
1068 2230 1157 2258 sua
1194 2213 1545 2273 proeclicatione
1587 2211 1824 2258 videatur.
1882 2243 1884 2274 ³

503 2283 752 2328 Postremo
794 2283 1161 2328 illustrissimum
1189 2282 1629 2343 proedestinationis
1662 2298 1827 2329 exem·

494 2352 626 2413 plum
661 2354 797 2400 nobis
827 2357 1038 2416 positum
1067 2355 1127 2401 ob
1161 2354 1323 2402 oculos
1359 2355 1623 2401 Dominum
1660 2353 1828 2401 Jesum
1883 2381 1884 2395 ι

497 2425 818 2472 commendat.
