1884 3285
426 286 509 326 454
869 308 902 334 s.
938 307 1169 339 Avensa-tm
1202 313 1380 342 Emscom

422 363 504 406 sub
521 373 697 421 peccato
719 367 936 414 nascimur
951 405 963 426 ,
990 388 1179 432 quorum
1202 376 1292 435 ipse
1312 388 1433 424 ortus
1455 381 1499 425 in
1519 383 1624 429 vitio
1643 395 1706 431 est
1721 389 1733 413 ¹
1747 422 1758 441 ‚
1783 407 1802 430 »

421 433 496 491 qui
519 431 648 490 dixit,
672 437 940 485 Manichaeus
966 456 1056 487 non
1076 443 1182 503 fuit,
1211 446 1286 491 sed
1309 449 1419 495 sieut
1440 454 1568 497 vestri
1590 455 1806 501 doctoris²
1846 503 1850 519 A

420 517 495 547 ore
527 503 756 563 laudatur,
782 509 895 555 inter
929 513 1156 574 scriptores
1183 519 1487 567 ecclesiasticos
1513 524 1592 569 flos
1628 528 1806 587 quidam

417 575 635 633 speciosus
660 578 830 625 enituit.
861 584 1092 635 Quomodo
1107 598 1252 634 autem
1274 589 1399 647 dieis,
1421 609 1510 639 non
1525 611 1675 642 omnes
1698 599 1805 644 Adae
1847 604 1852 618 '

416 646 772 704 praevaricatione
806 652 997 711 pollutos
1011 690 1023 712 ,
1067 667 1109 702 et
1153 660 1272 719 quod
1313 665 1432 723 pejus
1465 675 1553 721 est,
1596 671 1804 728 Apostolo

413 715 616 776 imputas,
642 719 762 779 quod
780 730 829 766 tu
842 724 1094 784 insipienter
1113 731 1250 789 sapis?
1264 735 1374 777 Cum
1390 733 1463 779 ille
1483 735 1598 781 dicat
1619 758 1627 783 :
1651 759 1670 781 «
1692 743 1803 800 Reg-

415 803 436 827 »
460 788 580 832 navit
603 804 717 835 mors
739 792 795 836 ab
817 795 980 852 Adam,
1007 813 1146 858 usque
1167 801 1222 846 ad
1244 805 1448 861 Moysen,
1479 815 1522 851 et
1555 808 1599 852 in
1621 824 1693 855 eos
1723 813 1801 871 qui
1849 804 1854 823 ⁹

412 873 433 897 »
460 872 550 901 non
569 867 910 922 peccaveruntss,
935 885 954 909 »
977 869 1125 915 volens
1144 872 1323 932 intelligi
1345 876 1562 934 parvulos,
1586 881 1661 939 qui
1680 881 1799 928 nulla

410 929 584 987 propria
599 941 775 989 peecata
796 933 996 983 fecerunt
1017 958 1026 985 :
1043 949 1087 985 et
1108 941 1256 999 addat,
1276 945 1319 988 in
1333 947 1616 994 similitudine
1630 967 1799 1011 praeva-

409 998 627 1045 ricationis
662 1002 792 1060 Adae,
827 1009 1060 1054 ostendens
1087 1026 1165 1056 cur
1195 1015 1240 1057 in
1274 1031 1345 1059 eos
1377 1022 1618 1076 regnaverit
1642 1037 1756 1068 mors
1788 1045 1796 1070 ε

406 1068 527 1127 quod
537 1071 626 1130 jam
641 1075 838 1132 superius
857 1078 958 1122 satis
976 1081 1175 1138 egimus&
1191 1085 1422 1136 Quomodo
1440 1090 1553 1134 enim
1570 1107 1646 1151 per
1662 1110 1797 1140 unum
1854 1141 1857 1151 ,

404 1138 626 1186 hominem
645 1154 872 1202 peccatum
895 1148 1073 1195 intravit
1094 1152 1139 1196 in
1157 1155 1371 1200 mundum
1386 1192 1396 1212 ‚
1416 1168 1458 1203 et
1476 1175 1553 1219 per
1570 1174 1797 1222 peceatum

403 1223 545 1268 mors;
570 1211 603 1255 si
635 1212 679 1257 in
705 1213 873 1276 aliquos
898 1219 952 1263 ad
982 1221 1066 1266 hoe
1089 1224 1219 1270 unius
1243 1226 1432 1274 hominis
1455 1243 1683 1290 peecatum
1707 1252 1796 1282 non

401 1281 667 1339 pertinentes
686 1290 882 1345 regnavit
906 1299 1053 1337 tamen
1075 1299 1221 1342 mors?
1240 1301 1290 1343 In
1305 1317 1414 1360 quos
1429 1304 1544 1348 enim
1561 1320 1677 1351 mors
1699 1324 1796 1368 reg-
1855 1308 1860 1324 ‘

399 1353 549 1410 navit,
586 1357 808 1414 pertinent
843 1361 898 1406 ad
928 1375 1153 1423 peccatum
1191 1384 1269 1429 per
1312 1373 1432 1432 quod
1462 1376 1640 1423 intravit
1671 1399 1680 1425 :
1719 1383 1794 1441 qui

399 1436 503 1468 vero
526 1424 580 1468 ad
597 1438 842 1486 peecatum,
868 1447 945 1492 per
967 1436 1088 1495 quod
1105 1453 1218 1483 mors
1235 1441 1428 1499 intravit,
1449 1461 1538 1490 non
1556 1450 1790 1508 pertinent,

398 1495 488 1553 quo
505 1496 624 1555 justo
639 1499 808 1559 judicio
833 1503 885 1548 ad
916 1516 1101 1552 mortem
1132 1512 1378 1569 pertinent?
1400 1519 1496 1562 Non
1525 1530 1670 1564 autem
1691 1537 1791 1582 per·

396 1565 538 1610 tinent
561 1569 617 1612 ad
638 1582 891 1630 peecatum,
917 1578 1037 1636 quod
1060 1595 1136 1638 per
1158 1598 1296 1626 unum
1314 1586 1532 1633 hominem
1552 1591 1729 1638 intravit
1745 1595 1789 1639 in

395 1638 641 1696 mundum,
666 1643 742 1701 qui
779 1660 868 1690 non
901 1647 947 1690 in
976 1652 1339 1708 praevaricationis
1367 1658 1482 1703 illius
1508 1662 1790 1710 similitudine

394 1721 710 1768 peceaverunt,
734 1714 952 1776 sicutipse
970 1718 1113 1765 dixisti
1134 1742 1143 1767 ;
1167 1726 1403 1785 nonigitur
1420 1730 1463 1773 in
1497 1746 1569 1776 eos
1594 1738 1790 1793 regnavit

392 1791 524 1822 mors.
549 1780 665 1833 Quid
688 1792 751 1828 est
772 1800 875 1844 ergo
891 1822 902 1842 ,
929 1792 1125 1848 regnavit
1145 1809 1261 1839 mors
1283 1798 1410 1842 etiam
1435 1800 1480 1844 in
1503 1817 1576 1847 eos
1597 1806 1673 1865 qui
1699 1823 1787 1852 non

391 1861 684 1906 peecaverunt
722 1854 767 1898 in
808 1856 1092 1906 similitudine
1127 1867 1491 1923 praevanicationis
1525 1873 1631 1918 Adae
1653 1898 1664 1934 3
1703 1878 1784 1923 nisi

391 1919 492 1977 quia
515 1924 710 1979 regnavit
734 1940 849 1971 mors
877 1937 921 1973 et
944 1929 990 1974 in
1012 1947 1084 1977 eos
1113 1936 1189 1994 qui
1211 1951 1298 1982 non
1328 1955 1617 1998 peecaverunt
1635 1982 1646 2001 ,
1670 1964 1784 2008 quo-

388 1987 506 2032 niam
528 1990 648 2036 nulla
666 2005 842 2052 peccata
860 2002 1032 2059 propria
1050 2007 1391 2053 commiserunt?
1409 2015 1622 2072 Regnavit
1639 2028 1782 2063 autem

387 2057 434 2102 in
455 2059 743 2110 similitudine
765 2071 1130 2126 praevaricationis
1157 2077 1264 2123 Adae
1284 2101 1294 2137 3
1318 2083 1420 2140 quia
1442 2084 1542 2130 licet
1564 2087 1685 2132 nulla
1704 2090 1783 2150 ipsi

387 2131 560 2189 propria
583 2145 759 2192 peccata
783 2142 1107 2201 commiserint,
1135 2149 1355 2207 pertinent
1376 2163 1522 2200 tamen
1549 2158 1602 2202 ad
1625 2175 1781 2219 peeca-

386 2206 481 2244 tum
504 2217 580 2260 per
600 2206 720 2264 quod
749 2224 864 2255 mors
886 2211 1067 2260 intravit
1087 2217 1131 2261 in
1155 2221 1394 2277 mundum,
1420 2227 1638 2273 trahentes
1659 2232 1780 2277 simi-

384 2267 617 2318 litudinem
642 2279 1031 2340 praevaricationis,
1062 2302 1152 2331 non
1176 2293 1574 2348 praevaricationem
1602 2313 1778 2359 peccato

382 2342 558 2400 proprio
593 2350 909 2406 perpetrando,
950 2355 1024 2399 sed
1056 2357 1111 2401 de
1142 2364 1472 2417 praevaricatore
1492 2403 1502 2422 ,
1538 2385 1614 2428 per
1643 2388 1774 2432 quem

383 2420 539 2456 natura
561 2414 752 2462 humana
774 2427 863 2465 tota
881 2431 942 2466 est
963 2425 1130 2483 vitiata,
1154 2433 1384 2478 nascendo.

442 2484 598 2529 CCIII.
625 2489 852 2536 «IULIANUS.
884 2512 902 2535 «
937 2495 1047 2541 Vide
1078 2514 1181 2558 ergo
1214 2513 1361 2548 utrum
1403 2506 1546 2554 adhue
1586 2511 1769 2559 dubium

429 2591 440 2606 1
464 2585 608 2618 Ambros.
627 2577 684 2621 ΗΕ.
714 2602 723 2623 1
747 2592 788 2625 de
815 2595 1013 2637 Poenstentia,
1033 2611 1105 2643 cap.
1129 2611 1148 2635 2
1168 2600 1219 2635 vel
1248 2605 1276 2636 3,
1316 2626 1329 2629 -
1354 2614 1365 2629 2
1389 2610 1516 2651 Pelagii.
1548 2631 1562 2636 -
1587 2613 1598 2635 3
1623 2616 1701 2648 Rom
1737 2631 1766 2659 v,

385 2639 434 2680 14.
451 2641 518 2671 -4
544 2644 622 2676 Vide
641 2656 746 2689 supra,
766 2659 798 2681 n.
828 2662 901 2692 ¹9¹·
