1821 3264
287 227 429 254 OPERIS
461 226 636 254 IMPERF.
670 226 833 255 CONTRA
863 225 1031 256 JULIAN.
1069 229 1151 255 LlB.
1189 229 1235 255 11.
1369 218 1454 258 379

140 294 429 336 Atat-snmus.
455 293 548 350 Ego
566 290 673 344 dixi,
697 306 782 334 una
802 292 1112 336 resurrectione
1128 293 1354 338 beatorum
1371 309 1458 338 am-

79 361 158 406 bas
173 369 332 404 mortes
356 359 472 414 tolli,
497 370 540 404 et
561 360 680 404 istam
704 375 758 403 nc
784 361 837 404 sit
862 361 1002 405 anima
1029 363 1120 405 sine
1149 378 1328 422 corpore
1350 379 1453 419 suo,

81 441 124 476 et
143 429 261 475 illam
280 446 334 474 ne
351 440 621 489 aggravetur,
646 430 715 474 vel
738 431 952 489 affligatur
969 432 1110 476 anima
1130 433 1257 477 etiam
1278 449 1458 492 corpore

79 516 173 546 suo.
199 502 266 545 Sic
284 512 423 545 autern
446 501 525 546 ista
541 499 744 545 fidelibus
761 500 814 545 ad
835 510 1004 560 tempus
1022 502 1302 561 relinquitur,
1323 513 1371 547 ut
1385 505 1458 549 ha-

78 573 182 616 beat
203 587 279 630 per
300 570 419 615 illam
438 570 544 616 fides
565 570 864 630 adjumentum
883 592 894 630 3
917 571 1288 632 quemadmodum
1310 583 1459 632 postea

78 641 160 686 reis
182 640 370 695 tollitur,
401 650 451 686 ut
473 639 592 701 quod
614 639 668 684 de
690 656 768 686 suo
797 656 975 701 corpore
998 657 1087 686 non
1111 642 1350 697 recedunt,
1375 643 1460 689 mi-

78 711 198 756 seriae
221 711 274 755 sit
292 710 623 755 incrementum.
649 714 711 754 Ac
733 726 809 770 per
830 712 912 755 hoc
942 713 1001 756 eis
1016 746 1026 766 ,
1054 712 1129 771 qui
1151 721 1461 771 regenerantur

77 781 123 825 in
145 781 317 826 Christo
333 816 343 835 ,
369 791 412 825 et
436 780 491 825 de
515 780 596 824 isto
617 781 777 824 saeculo
800 781 988 839 maligno
1010 781 1134 826 electi
1156 791 1338 836 exeunt,
1371 797 1463 827 ma-

77 850 284 896 nifestum
303 861 366 896 est
384 850 480 911 plus
504 850 705 911 prodesse
723 852 901 908 gratiam
917 886 927 906 ,
949 868 1080 912 quam
1101 855 1297 897 nocuisse
1315 868 1463 912 pccca-

78 923 171 966 tfim
188 957 198 977 ,
225 921 344 982 quod
373 937 450 980 per
479 937 616 966 unum
640 922 862 966 hominem
886 923 931 965 in
954 924 1168 967 mundum
1196 924 1394 978 intravit,
1421 933 1463 968 et

79 1007 177 1037 cum
202 1001 340 1036 morte
362 1007 437 1052 per
459 1008 608 1036 omnes
625 993 823 1036 homines
842 993 1104 1052 pertransiit.
1127 994 1360 1051 Apostolus
1378 994 1462 1038 ita-

79 1078 164 1123 que
187 1061 388 1121 redargui
419 1078 507 1106 non
529 1072 696 1121 potest,
730 1064 829 1122 quia
858 1079 1009 1107 verum
1039 1063 1146 1108 dixit
1171 1083 1178 1108 ;
1207 1063 1282 1108 sed
1306 1073 1355 1107 tu
1377 1079 1465 1107 non

79 1131 310 1190 intelligis,
347 1143 422 1177 aut
455 1144 605 1178 contra
641 1135 685 1178 id
716 1134 835 1194 quod
866 1134 1091 1193 intelligis,
1129 1150 1312 1179 asserere
1346 1134 1466 1194 quod

81 1202 238 1248 falsum
258 1212 346 1258 est,
371 1204 573 1249 haeretica
596 1206 875 1249 contentione
897 1205 1078 1249 conaris.

140 1276 213 1319 CI.
240 1275 467 1320 JrLLm-us.
501 1294 520 1317 «
544 1275 775 1335 Apostolus
790 1275 921 1330 dixit,
942 1276 1074 1334 magis
1091 1276 1272 1334 gratiam
1287 1275 1463 1330 Christi,

84 1359 217 1404 quam
236 1344 344 1389 Adae
366 1344 609 1389 abundasse
633 1345 804 1405 culpam
835 1365 842 1390 :
869 1361 958 1390 non
979 1346 1111 1404 igitur
1134 1354 1289 1389 natura
1310 1346 1364 1389 ab
1386 1360 1437 1389 eo
1453 1379 1464 1399 ,

84 1431 173 1461 non
204 1415 424 1474 generatio
442 1450 452 1471 ,
489 1431 578 1460 non
615 1415 875 1460 foecunditas
892 1451 903 1470 ‚
936 1416 1011 1460 sed
1051 1416 1252 1460 voluntas
1270 1451 1280 1472 ,
1317 1416 1468 1459 electio

84 1485 214 1540 mali,
236 1501 407 1530 morum
431 1486 617 1545 pravitas
639 1495 879 1530 accusatur.
909 1504 929 1527 »

145 1561 438 1602 Amusmcs.
470 1558 511 1602 Si
533 1557 640 1601 nihil
658 1558 807 1602 nocuit
830 1558 1066 1616 generatio,
1087 1556 1196 1600 nihil
1213 1564 1388 1615 praestat
1402 1570 1472 1598 re-

87 1630 305 1687 generatio
327 1648 337 1674 :
356 1629 390 1672 si
407 1644 495 1672 non
513 1638 577 1672 est
595 1637 748 1672 natura
767 1628 913 1672 vitiata
928 1662 938 1681 ,
962 1643 1051 1671 non
1067 1628 1117 1670 ha
1130 1627 1232 1670 bent
1250 1627 1472 1670 Christum

87 1698 257 1758 parvuli
277 1699 531 1743 salvatorem
559 1718 569 1743 2
595 1699 628 1742 si
651 1698 814 1742 malum
836 1708 878 1741 et
905 1698 1070 1742 bonum
1096 1699 1298 1742 meritum
1323 1698 1473 1754 singu-

88 1770 231 1816 lorum
249 1771 293 1813 in
314 1786 465 1814 eorum
486 1771 657 1829 propria
680 1779 743 1814 est
764 1770 989 1814 voluntate
1007 1805 1018 1824 ,
1041 1785 1128 1828 quo
1150 1770 1306 1813 merito
1328 1767 1475 1813 Chris-

91 1852 161 1887 tus
183 1858 368 1901 regnum
390 1843 465 1886 Dei
487 1841 678 1901 parvulis
700 1841 868 1886 confert
886 1876 897 1896 ,
919 1842 993 1901 qui
1020 1842 1063 1884 in
1087 1851 1286 1884 neutram
1309 1849 1476 1898 partem

90 1929 168 1958 sua
198 1912 423 1957 voluntate
451 1914 516 1956 usi
548 1914 673 1956 sunt?
702 1915 924 1956 Postremo
955 1911 1161 1970 quoniam
1197 1912 1306 1954 duos
1334 1908 1478 1968 posuit

91 1982 342 2044 Apostolus,
362 1999 499 2027 unum
519 1982 571 2027 ad
588 1992 832 2043 peccatum,
854 1997 943 2025 non
960 1980 1202 2035 diabolum,
1221 1979 1295 2024 sed
1313 1979 1475 2037 Adam,

93 2065 136 2100 et
165 2070 304 2099 unum
328 2054 382 2098 ad
399 2055 634 2115 justitiam,
661 2069 750 2098 non
773 2052 906 2106 Abel,
934 2053 1007 2097 sed
1035 2052 1251 2095 Christum
1274 2072 1285 2108 3
1313 2060 1360 2094 ut
1389 2064 1479 2094 non

96 2126 302 2186 exemplis
323 2126 530 2179 imitatio,
551 2125 626 2170 sed
645 2124 911 2183 generationi
933 2123 1200 2182 regeneratio
1221 2120 1477 2178 referretur3

97 2199 130 2242 si
153 2213 241 2242 non
261 2197 416 2257 trajicit
436 2205 664 2256 peccatum
681 2196 728 2239 in
750 2194 945 2238 homines
963 2202 1187 2251 generatos
1204 2192 1341 2236 Adam
1359 2226 1370 2246 ,
1392 2206 1482 2235 non

98 2269 233 2314 donat
265 2268 461 2312 Christus
489 2266 681 2327 parvulis
711 2265 972 2325 regeneratis
995 2264 1236 2323 justitiam,
1269 2263 1370 2323 quia
1403 2277 1483 2306 nec

100 2339 316 2398 generati,
338 2354 418 2383 nec
436 2340 672 2397 regenerati
689 2336 859 2396 parvuli
878 2337 942 2380 usi
958 2345 1060 2378 sunt
1075 2336 1247 2394 propria
1264 2334 1480 2378 libertate.

100 2414 165 2456 Ite
193 2426 311 2455 nunc
333 2412 365 2454 si
387 2410 517 2456 vultis
535 2446 546 2465 ,
583 2420 626 2454 et
654 2409 836 2454 clamate
859 2408 893 2452 si
917 2406 1083 2450 audetis
1101 2441 1111 2461 ,
1140 2405 1352 2466 justitiam
1384 2419 1482 2463 par-

102 2481 211 2526 vulis
229 2497 317 2526 non
336 2481 514 2538 donari,
535 2496 614 2524 nec
631 2496 702 2525 eos
715 2480 941 2524 habituros
959 2492 1047 2521 esse
1059 2476 1267 2537 justitiam
1281 2511 1291 2530 ,
1309 2475 1487 2536 quando

104 2551 364 2597 habitabunt
397 2553 442 2596 in
471 2551 546 2596 illo
569 2567 726 2610 regno,
756 2551 830 2594 ubi
854 2557 997 2604 erunt,
1024 2548 1134 2593 sicut
1161 2547 1367 2606 scripturn
1401 2554 1485 2595 est,
