1884 3285
444 283 526 322 370
868 288 899 314 s.
937 284 1166 313 Auousnm
1198 282 1377 310 Eplscorl

441 364 654 403 monstrat
672 389 684 409 ‚
708 363 752 398 et
772 364 822 398 tu
843 355 948 412 ipse.
989 350 1222 411 Apostolus
1256 346 1376 408 quod
1398 347 1458 391 ait
1489 365 1499 390 :
1544 364 1565 388 «
1597 348 1742 405 Usque
1769 347 1824 391 ad

436 447 457 471 »
485 431 645 487 Legem
672 433 899 484 peccatum
930 424 976 467 in
1007 422 1172 466 mundo
1209 420 1292 464 fuit
1329 421 1339 443 ¹
1379 438 1388 462 ε
1430 436 1450 460 »
1483 432 1574 462 non
1609 415 1820 475 originale

439 508 609 543 tantum
627 532 637 551 ‚
665 496 740 540 sed
761 511 891 540 omne
912 502 1139 555 peccatum
1161 490 1346 548 intelligi
1367 487 1506 533 voluit
1531 506 1540 532 ε
1565 497 1610 532 et
1629 487 1730 531 ideo
1751 501 1825 531 us-

436 586 523 630 que
545 569 600 614 ad
622 572 783 627 Legem
807 565 890 611 fuit
909 601 920 622 ‚
952 566 1054 625 quia
1082 578 1163 608 nec
1185 566 1273 607 Lex
1304 561 1450 621 potuit
1478 557 1649 604 auferre
1670 572 1822 618 pecca·
1859 577 1863 581 ’

436 651 531 686 tum
549 645 582 684 2.
618 642 765 699 Usque
787 637 842 682 ad
869 641 1028 696 Legem
1058 635 1221 696 quippe
1243 634 1410 677 dictum
1432 639 1511 685 est,
1537 639 1587 675 ut
1609 629 1738 674 etiam
1754 629 1824 689 ip-
1864 683 1866 686 v

436 726 525 756 sam
550 714 710 769 Legem
733 708 946 753 sententia
965 707 1044 750 ista
1062 703 1345 750 concluderet
1369 722 1378 747 z
1404 700 1627 762 quomodo
1659 699 1825 744 dictum
1860 720 1861 724 =

435 791 498 825 est
518 782 565 824 in
587 778 826 838 Evangelio
851 796 859 822 ε
901 796 920 819 «
945 778 1106 821 Omnes
1129 790 1231 834 ergo
1264 775 1319 818 ab
1342 773 1563 818 Abraham
1598 785 1737 830 usque
1771 769 1826 814 ad

439 870 461 894 »
482 851 621 896 David
641 850 940 909 generationes
956 846 1314 908 quatuordeeim
1334 864 1343 890 :
1370 863 1390 885 »
1408 858 1496 888 non
1515 842 1632 886 enim
1648 849 1827 900 excepto

438 922 591 975 David,
620 920 696 965 sed
720 920 813 979 ipso
832 920 960 963 etiam
975 926 1227 977 computato
1239 929 1446 962 numerus
1463 915 1542 958 iste
1562 911 1823 972 completur.

439 993 560 1037 Sicut
573 1006 676 1049 ergo
689 1005 791 1034 cum
810 989 1011 1034 audimus
1029 987 1362 1048 quatuordecim
1379 984 1674 1043 generationes
1688 995 1827 1041 usque
1860 1007 1862 1018 ι

438 1062 491 1106 ad
508 1061 662 1117 David,
687 1076 774 1105 non
788 1060 1025 1119 excipimus
1039 1057 1192 1111 David,
1209 1056 1282 1100 sed
1299 1056 1439 1115 ipsum
1457 1055 1585 1098 etiam
1601 1061 1829 1112 computa-

439 1147 536 1176 mus
559 1151 566 1175 :
604 1132 663 1174 ita
687 1146 785 1174 cum
818 1128 1018 1173 audimus
1035 1162 1045 1178 ‚
1070 1130 1216 1186 Usque
1248 1126 1302 1170 ad
1328 1129 1486 1183 Legem
1511 1133 1742 1185 peccatum
1782 1123 1828 1168 in

437 1201 605 1245 mundo
629 1199 727 1254 fuit,
744 1215 833 1244 non
853 1199 1051 1257 excipere
1062 1201 1239 1256 Legem,
1255 1197 1330 1240 sed
1346 1196 1474 1240 etiam
1492 1197 1626 1254 ipsam
1641 1209 1828 1255 compu-

440 1282 532 1316 tare
556 1271 781 1314 debemus.
812 1270 924 1322 Quia
946 1270 1056 1313 sicut
1077 1267 1213 1312 David
1241 1282 1331 1312 non
1353 1276 1415 1312 est
1436 1276 1554 1311 extra
1574 1280 1825 1322 numerum,

437 1343 514 1403 qui
536 1342 677 1387 dictus
696 1351 760 1385 est
781 1356 921 1400 usque
943 1342 998 1384 ad
1019 1341 1186 1399 ipsum3
1209 1340 1268 1384 sic
1290 1343 1378 1383 Lex
1397 1355 1486 1384 non
1508 1347 1572 1383 est
1593 1348 1710 1383 extra
1729 1352 1829 1397 per-

440 1413 710 1457 mansionem
728 1412 910 1471 peccati,
921 1409 1042 1470 quod
1056 1409 1185 1454 fuisse
1202 1410 1368 1454 dictum
1381 1418 1442 1453 est
1455 1424 1593 1469 usque
1606 1409 1661 1452 ad
1674 1409 1825 1468 ipsam.

440 1488 503 1528 Ac
522 1499 597 1543 per
617 1485 716 1538 hoc,
747 1498 877 1526 nemo
900 1480 1015 1526 tollit
1037 1490 1282 1540 peccatum,
1306 1479 1427 1540 quod
1445 1495 1525 1524 nec
1546 1483 1650 1535 Lex,
1676 1493 1828 1539 quam-

441 1555 504 1598 vis
524 1563 670 1598 sancta
687 1553 857 1612 etjusta
877 1561 920 1595 et
941 1551 1072 1605 bona,
1098 1551 1241 1611 potuit
1263 1549 1451 1605 auferre,
1472 1550 1553 1594 nisi
1573 1549 1645 1594 ille
1661 1548 1719 1593 de
1738 1564 1828 1610 quo

441 1625 607 1669 dictum
645 1633 709 1668 est
737 1642 746 1667 ε
776 1642 795 1664 «
831 1626 944 1667 Ecce
967 1625 1118 1681 Agnus
1140 1622 1249 1677 Dei,
1276 1637 1375 1666 ecce
1403 1622 1479 1681 qui
1519 1621 1632 1666 tollit
1654 1629 1830 1680 peccata

444 1714 464 1737 »
490 1693 644 1739 mundi
674 1695 705 1736 4.
731 1712 751 1734 »
774 1692 905 1736 Tollit
932 1702 1077 1736 autem
1107 1701 1149 1736 et
1170 1691 1434 1736 dimittendo
1450 1707 1550 1752 quae
1572 1690 1685 1736 facta
1707 1700 1826 1747 sunt,

441 1766 520 1810 ubi
541 1775 584 1809 et
605 1762 814 1822 originale
845 1762 1255 1822 comprehenditur,
1280 1771 1323 1806 et
1345 1761 1596 1822 adjuvando
1625 1777 1681 1806 ne
1702 1763 1826 1818 fiant,

442 1845 486 1880 et
504 1834 786 1895 perducendo
815 1834 868 1878 ad
889 1834 1024 1878 vitam
1048 1834 1123 1877 ubi
1144 1834 1238 1877 fieri
1267 1834 1445 1878 omnino
1478 1848 1567 1878 non
1587 1833 1767 1892 possint.

504 1908 777 1951 LXXXV&
790 1923 956 1950 mimis.
968 1904 1086 1949 «Sed
1096 1904 1318 1948 videamus
1333 1913 1376 1948 et
1395 1905 1577 1965 reliqua.
1594 1908 1830 1964 Postquam
1866 1886 1869 1893 Ι

443 1993 547 2036 ergo
569 1977 713 2021 dixisti
729 1978 765 2021 ⁵:
782 1996 801 2018 »
824 1979 928 2021 Haec
950 1974 1089 2020 forma
1110 1991 1201 2019 non
1231 1976 1349 2020 omni
1372 1991 1424 2019 ex
1447 1985 1572 2035 parte
1595 1975 1830 2021 conformis
1866 1970 1870 2010 i

446 2058 525 2103 est,
548 2048 747 2108 adjungis
768 2066 776 2091 :
803 2046 929 2091 Unde
944 2046 1015 2090 hic
1029 2046 1262 2105 Apostolus
1275 2056 1446 2090 secutus
1458 2047 1682 2107 adjunxit:
1705 2065 1724 2089 «
1747 2045 1830 2092 Sed
1867 2053 1871 2080 ὲ

449 2138 468 2160 »
494 2135 583 2163 non
598 2119 708 2163 sicut
727 2117 953 2172 delictum,
973 2117 1031 2161 ita
1047 2126 1090 2161 et
1104 2116 1281 2161 donatio
1296 2118 1312 2143 ⁶
1328 2136 1335 2161 ε
1353 2117 1388 2161 si
1404 2118 1518 2161 enim
1533 2118 1591 2161 ob
1602 2117 1733 2161 unius
1750 2116 1830 2161 de-

446 2208 467 2231 »
490 2190 642 2234 lictum
659 2189 786 2233 multi
803 2190 966 2233 mortui
980 2197 1096 2243 sunt,
1116 2188 1256 2233 multo
1278 2189 1410 2246 magis
1431 2189 1566 2248 gratia
1588 2189 1664 2233 Dei
1683 2198 1727 2233 et
1747 2187 1829 2234 do-

446 2280 466 2302 »
489 2276 594 2305 num
609 2261 653 2304 in
673 2260 808 2319 gratia
825 2260 955 2304 unius
974 2261 1161 2304 hominis
1177 2263 1279 2305 Jesu
1293 2260 1453 2306 Christi
1465 2261 1510 2304 in
1523 2259 1669 2320 plures
1685 2261 1829 2305 abun-

445 2349 468 2374 »
490 2331 625 2376 davit.
660 2351 673 2371 ›
702 2334 843 2384 Quam
866 2332 1123 2375 sententiam
1139 2332 1223 2376 hoc
1237 2331 1368 2376 modo
1385 2332 1564 2391 exponis
1583 2331 1725 2385 :Quid
1747 2340 1825 2388 est,
1868 2361 1871 2368 =

442 2403 584 2447 multo
599 2402 731 2461 magis
746 2400 1012 2446 abundavit?
1028 2402 1106 2446 nisi
1129 2402 1229 2462 quia
1245 2417 1393 2446 omnes
1412 2404 1488 2462 qui
1511 2418 1588 2463 per
1607 2403 1830 2448 Christum
1868 2427 1871 2438 ‹

441 2473 699 2527 liberantur,
718 2471 1013 2531 temporaliter
1029 2481 1207 2532 propter
1220 2473 1358 2517 Adam
1376 2474 1640 2529 moriuntur,
1650 2483 1829 2534 propter

491 2583 496 2597 ¹
519 2579 610 2608 Itoni.
633 2588 667 2614 v,
696 2576 744 2607 13.
761 2592 800 2597 -
818 2583 830 2598 ²
852 2576 935 2608 Beda
957 2580 989 2608 ct
1015 2576 1134 2616 Florus,
1162 2576 1240 2608 ibid.
1261 2594 1299 2598 —
1317 2574 1330 2598 3
1349 2575 1462 2608 Matth.
1484 2588 1504 2614 1,
1525 2577 1576 2619 37.
1597 2575 1665 2606 ——lo
1693 2579 1783 2609 Joan.
1803 2587 1824 2613 ι,

438 2640 492 2672 90.
511 2648 545 2654 —
568 2629 580 2654 ⁵
600 2631 679 2663 Vile
696 2631 752 2663 lib.
772 2641 793 2663 11
812 2632 851 2663 de
869 2631 1003 2673 Nuptiis,
1029 2642 1098 2674 cap.
1121 2640 1174 2672 ας.
1191 2631 1257 2653 ——0
1281 2633 1369 2664 Rom·
1390 2643 1424 2672 v,
1447 2631 1495 2663 15.

1864 1730 1869 1795 l

1865 1815 1869 1840 l
