1884 3285
436 257 486 295 14
864 258 1161 287 s.Acc;1Js'rlm
1197 257 1374 283 nmscom

432 351 452 373 »
478 338 636 390 perunt
657 329 838 370 verbum
864 323 1056 376 Domini,
1079 331 1121 365 et
1142 319 1423 365 crediderunt
1443 324 1664 377 quotquot
1684 322 1811 358 erant

432 421 451 444 »
478 400 663 445 ordinati
690 399 734 440 in
755 397 889 440 vitam
911 405 1118 438 aeternam
1144 394 1157 418 ¹
1181 393 1198 435 Ξ)
1218 409 1238 432 »
1259 390 1394 444 Quis
1384 405 1429 433 in
1447 398 1657 433 aeternam
1677 386 1811 430 vitam

430 471 570 530 potuit
592 467 799 522 ordinari,
820 466 900 510 nisi
917 463 1245 542 perseverantia}
1263 461 1381 506 dono
1403 463 1421 505 Ξ)
1443 455 1813 518 Quandoquidem

432 560 452 583 «
477 540 554 601 qui
575 539 858 617 perseraverit
880 551 1018 597 usque
1033 537 1079 579 in
1097 536 1247 587 finem,
1267 533 1338 577 hic
1359 531 1502 577 salvus
1522 531 1649 574 erit2.
1671 546 1691 571 »
1717 530 1814 581 Qua

431 611 586 665 salute,
612 610 694 654 nisi
715 610 907 653 aeterna?
930 610 1041 652 Cum
1069 621 1172 650 vero
1193 604 1239 649 in
1261 603 1468 647 Oratione
1489 600 1707 645 dominica
1723 601 1814 643 Deo

430 681 546 726 Patri
577 680 760 725 dicimus
797 699 805 724 :
840 698 860 721 «
899 677 1201 723 Sanctificetur
1234 689 1394 719 nomen
1428 682 1553 716 tuum
1572 673 1622 700 3·
1613 690 1623 716 :
1650 689 1671 712 »
1704 667 1814 730 quid

431 752 550 796 aliud
569 750 769 805 dicimus,
786 764 919 809 quam
934 758 985 792 ut
995 763 1156 792 nomen
1173 748 1267 806 ejus
1282 744 1577 789 sanctificetur
1592 743 1639 786 in
1659 741 1813 786 nobis?

429 823 556 876 Quod
579 837 679 867 cum
690 823 780 881 jam
803 836 880 880 per
899 820 1120 864 lavacrum
1143 815 1482 877 regenerationis
1508 815 1718 859 effectum
1739 814 1811 868 sit,

430 907 563 952 quare
599 891 797 952 quotidie
820 907 844 935 a
872 889 1075 934 fidelibus
1106 888 1297 949 poscitur
1316 922 1327 941 ,
1359 887 1440 931 nisi
1469 895 1519 930 ut
1541 886 1588 929 in
1611 900 1663 930 eo
1693 884 1814 945 quod

429 964 592 1009 factum
614 972 678 1009 est
698 964 745 1007 in
761 962 902 1017 nobis,
928 969 1226 1021 perseveretur
1248 975 1272 1004 a
1294 958 1418 1003 nobis
1435 959 1452 1000 ‘3
1468 960 1578 1003 Nam
1595 966 1640 1001 et
1660 956 1814 1002 beatus

430 1036 673 1094 Cyprianus
701 1035 784 1079 hoc
816 1034 874 1078 sic
910 1032 1143 1092 intelligit:
1173 1046 1392 1091 exponens
1426 1030 1589 1089 quippe
1611 1029 1812 1074 eamdem

431 1107 670 1152 orationem
702 1124 711 1150 :
739 1123 760 1148 «
796 1105 985 1150 Dicimus
1006 1139 1017 1160 ,
1051 1104 1220 1164 inquit,
1264 1122 1285 1145 «
1320 1102 1621 1148 Sanctificetur
1653 1116 1814 1145 nomen

434 1196 455 1220 »
476 1187 601 1222 tuum
627 1197 638 1235 3
662 1196 680 1219 n
696 1191 786 1221 non
806 1176 926 1236 quod
941 1185 1140 1235 optemus
1157 1177 1261 1228 Deo,
1282 1183 1331 1217 ut
1350 1173 1643 1217 sanctificetur
1657 1172 1816 1216 oratio-

430 1249 560 1294 nibus
591 1249 746 1293 nostris
775 1269 785 1305 3
810 1249 886 1292 sed
917 1247 1037 1307 quod
1067 1256 1262 1305 petamus
1287 1261 1309 1289 a
1340 1248 1445 1299 Deo,
1471 1253 1522 1288 ut
1542 1258 1704 1288 nomen
1724 1244 1817 1303 ejus

429 1320 721 1365 sanctificetur
740 1320 786 1363 in
802 1319 942 1363 nobis.
968 1320 1187 1363 Caeterum
1213 1333 1236 1361 a
1254 1331 1343 1376 quo
1370 1319 1484 1360 Deus
1505 1316 1814 1371 sanctificatur,

430 1392 506 1452 qui
526 1393 616 1451 ipse
640 1391 878 1436 sanctificat
901 1391 919 1431 ‘l
943 1388 1026 1434 Sed
1049 1389 1151 1448 quia
1177 1388 1268 1447 ipse
1290 1387 1427 1432 dixit:
1456 1406 1477 1429 α
1498 1387 1644 1432 Sancti
1661 1395 1814 1442 estote,

433 1479 455 1503 n
481 1463 689 1523 quoniam
711 1471 754 1506 et
771 1476 850 1519 ego
869 1469 1042 1505 sanctus
1057 1475 1152 1504 sum
1167 1461 1199 1514 ⁴,
1216 1477 1235 1501 »
1263 1459 1307 1502 id
1330 1459 1517 1518 petimus
1538 1468 1581 1503 et
1597 1472 1814 1517 rogamus,

432 1542 482 1577 ut
515 1534 591 1593 qui
616 1534 662 1578 in
683 1533 897 1592 baptismo
929 1531 1180 1576 sanctificati
1213 1545 1362 1574 sumus
1379 1564 1390 1584 ,
1425 1530 1471 1573 in
1501 1544 1552 1573 eo
1580 1527 1701 1588 quod
1729 1543 1818 1574 esse

431 1604 644 1664 coepimus
660 1617 994 1663 perseveremus.
1019 1620 1039 1640 s»
1067 1604 1177 1645 Ecce
1200 1601 1527 1658 gloriosissimus
1544 1602 1712 1657 Martyr
1731 1600 1816 1644 hoc

433 1676 577 1729 sentit,
603 1674 723 1734 quod
753 1675 799 1718 in
820 1675 886 1718 his
903 1674 1046 1719 verbis
1068 1672 1264 1733 quotidie
1293 1671 1443 1717 fideles
1464 1671 1622 1717 Christi
1641 1680 1814 1731 petunt,

432 1755 481 1790 ut
502 1754 776 1805 perseverent
802 1746 849 1788 in
870 1760 922 1789 eo
952 1743 1073 1804 quod
1106 1759 1194 1787 esse
1226 1752 1469 1802 coeperunt.
1506 1742 1638 1788 Nullo
1670 1751 1818 1786 autem

432 1815 676 1870 dubitante,
703 1816 899 1874 quisquis
918 1830 941 1858 a
966 1815 1150 1858 Domino
1178 1822 1226 1857 ut
1248 1814 1291 1856 in
1310 1814 1428 1857 bono
1451 1822 1696 1871 perseveret
1720 1827 1820 1871 pre-

431 1895 570 1940 catur,
594 1886 762 1930 donum
791 1886 882 1945 ejus
904 1900 994 1929 esse
1018 1884 1149 1928 talem
1173 1884 1535 1943 perseverantiam
1565 1884 1814 1928 confitetur.

490 1959 568 2000 XI.
602 1959 710 2008 Quae
727 1971 828 1999 cum
849 1956 907 1999 ita
928 1957 1028 2009 sint,
1054 1955 1310 2014 corripimus
1335 1964 1480 1999 tamen
1505 1970 1593 2008 eos,
1614 1955 1818 2014 justeque

433 2026 703 2085 corripimus,
728 2025 804 2085 qui
826 2041 927 2070 cum
949 2026 1060 2069 bene
1081 2026 1292 2080 viverent,
1323 2040 1411 2069 non
1432 2024 1477 2069 in
1498 2040 1550 2069 eo
1569 2040 1819 2084 persevera-

435 2107 551 2142 runt.
570 2100 633 2141 Ex
647 2098 761 2142 bona
775 2098 938 2157 quippe
959 2098 1005 2140 in
1027 2096 1186 2141 malam
1207 2097 1343 2141 vitam
1366 2111 1443 2141 sua
1465 2095 1691 2141 voluntate
1718 2112 1822 2141 mu·

436 2170 513 2212 tati
543 2177 647 2213 sunt
673 2187 680 2212 :
706 2177 750 2212 et
775 2167 875 2212 ideo
911 2168 1212 2227 correptione,
1243 2177 1285 2211 et
1312 2168 1346 2211 si
1374 2167 1485 2212 nihil
1516 2168 1575 2212 eis
1603 2168 1818 2227 correptio

434 2239 662 2300 profuerit,
688 2238 763 2284 sed
790 2239 835 2282 in
858 2240 944 2283 vita
963 2239 1130 2299 perdita
1157 2253 1294 2298 usque
1322 2237 1377 2282 ad
1408 2248 1592 2283 mortem
1621 2254 1822 2298 perseve-

434 2312 641 2366 raverint,
659 2312 788 2355 etiam
809 2309 954 2355 divina
970 2311 1015 2354 in
1032 2319 1244 2354 aeternum
1264 2309 1543 2355 damnatione
1558 2320 1661 2355 sunt
1679 2310 1815 2369 digni.

435 2386 523 2430 Nec
547 2398 590 2427 se
607 2383 875 2427 excusabunt
891 2381 1082 2426 dicentes
1097 2417 1108 2437 ,
1133 2382 1244 2425 sicut
1264 2381 1395 2425 modo
1417 2381 1570 2426 dicunt
1595 2401 1602 2426 :
1631 2400 1651 2423 «
1676 2384 1822 2435 Quare

437 2453 721 2513 corripimur?
740 2471 761 2494 »
779 2453 837 2497 ita
854 2461 976 2507 tunc,
1002 2455 1146 2506 Quare
1167 2451 1443 2507 damnamur,
1461 2451 1821 2512 quandoquidem

439 2535 488 2571 ut
506 2541 557 2571 ex
574 2525 692 2571 bono
710 2533 1025 2570 reverteremur
1045 2523 1102 2569 ad
1128 2524 1318 2580 malum,
1349 2525 1711 2584 perseverantiam
1730 2539 1821 2569 non

488 2617 493 2633 ¹
515 2612 588 2644 Act.
610 2621 672 2652 xm,
693 2609 746 2652 48.
763 2626 803 2632 -
817 2615 828 2632 ²
851 2608 961 2642 Matth.
987 2619 1018 2647 x,
1037 2617 1091 2641 22.
1106 2606 1172 2632 ..3
1194 2608 1241 2641 Id.
1258 2619 1300 2642 vi.
1319 2619 1404 2650 9.-
1419 2615 1430 2632 ²
1446 2609 1548 2642 L‘evit.
1567 2618 1632 2650 xix,
1655 2617 1686 2642 2.
