1821 3264
238 262 381 289 orimus
414 262 591 289 nummu.
628 261 772 289 con‘rA
810 260 982 290 sumam.
1020 264 1105 290 Lis.
1149 266 1195 290 ιι.
1330 253 1414 293 323

27 323 175 370 nullus
195 326 570 385 inpraesentiarum
586 336 844 385 sequeretur
865 328 1045 373 effectus
1057 363 1068 384 ,
1093 338 1259 374 aeterna
1277 345 1419 375 remu-

25 396 250 441 neratione
273 397 465 443 donavit.
495 416 514 440 »

83 469 378 514 Aucusans.
415 468 646 523 Quomodo
668 469 784 514 levat
798 472 913 514 Deus
939 470 1086 514 ruinas
1107 471 1319 516 malarum
1341 487 1419 517 vo-

22 537 262 596 luntatum,
280 543 377 600 (per
391 557 500 602 quas
514 540 667 601 utique
684 550 879 600 tempora
894 542 1213 600 vituperantur,
1240 543 1420 603 quando

7 614 139 654 ‘recte
169 611 476 671 vituperantur
498 647 509 667 ,
536 613 650 670 )nisi
672 611 808 656 bonas
842 611 1089 656 voluntates
1122 613 1344 672 operando
1374 615 1421 658 in

22 680 229 725 cordibus
251 682 484 727 hominum
506 684 524 726 Ξ)
543 685 633 726 Aut
660 682 692 726 si
708 691 912 741 possunt,
936 683 1041 741 ipsae
1063 698 1107 727 se
1127 682 1291 739 levent,
1310 685 1422 730 sicut

23 750 347 796 dementissime
374 752 602 797 sentiendo
623 787 634 808 ,
670 769 829 812 magna
867 754 992 797 ruina
1018 754 1144 798 ruina
1165 754 1270 799 facti
1303 756 1418 800 estis.

23 823 149 867 Unde
176 839 258 883 pro
281 825 406 869 vobis
428 824 572 883 ipsum
604 840 805 883 rogamus
830 844 839 869 :
865 834 996 884 atque
1015 825 1181 869 utinam
1205 827 1266 870 sic
1285 827 1416 871 etiam

21 892 77 937 de
102 903 162 950 te,
182 895 561 955 quemadmodum
586 894 642 939 de
664 895 795 939 fratre
819 896 1062 941 Turbantio
1082 931 1092 951 ,
1119 913 1197 941 nos
1219 898 1423 942 exaudire

21 963 248 1024 dignetur.

80 1039 428 1082 ΧΙΙᾸυιῙΑΜ-ε.
467 1056 488 1080 α
524 1040 613 1082 Hac
626 1038 759 1096 igitur
781 1038 885 1082 fidei
901 1037 1198 1082 consolatione
1221 1040 1418 1097 gauden-

22 1114 87 1151 tes
109 1107 415 1152 immineamus
433 1117 580 1167 coepto
599 1110 717 1167 operi
735 1143 744 1163 ,
768 1118 811 1152 et
839 1109 1184 1167 disputationum
1205 1110 1418 1169 promissa

24 1177 261 1222 reddamus
295 1197 304 1223 :
341 1195 431 1223 non
458 1179 726 1237 ambigentes
756 1179 842 1223 hoc
885 1179 1029 1238 ipsum
1063 1181 1294 1224 maximam
1328 1197 1420 1225 esse

23 1249 193 1308 praemii
215 1259 384 1309 partem
406 1285 417 1305 ,
443 1250 545 1309 quia
566 1251 612 1294 in
639 1251 730 1309 ejus
758 1249 973 1309 dogmatis
994 1266 1093 1295 arce
1124 1253 1396 1297 constitimus
1412 1286 1423 1303 ,

21 1319 143 1379 quod
158 1335 260 1364 cum
278 1329 367 1364 tam
389 1319 633 1364 multorum
650 1319 777 1375 livor,
799 1321 876 1364 sed
898 1320 1090 1379 plurium
1112 1338 1232 1366 error
1253 1337 1422 1381 oppug-

21 1399 96 1435 net
114 1412 126 1449 3
152 1401 299 1436 tamen
316 1391 376 1435 ita
395 1407 526 1450 supra
549 1406 671 1435 casus
694 1391 831 1435 evasit
847 1392 1071 1450 ancipites,
1091 1403 1140 1436 ut
1157 1393 1418 1438 invincibilis

21 1461 139 1506 cluat
153 1462 418 1522 possessione
440 1461 647 1506 victoriae.

81 1535 374 1578 Acersrmus.
412 1536 509 1592 Ipse
533 1532 613 1575 tibi
635 1531 710 1574 das
731 1530 921 1589 palmam
947 1541 1098 1575 contra
1126 1541 1192 1576 tot
1210 1534 1420 1578 antitistes

20 1603 115 1658 Dei,
143 1603 222 1663 qui
241 1613 342 1648 ante
367 1619 445 1647 nos
465 1638 475 1658 ,
496 1618 546 1646 ea
568 1618 668 1661 quae
690 1616 941 1660 oppugnas,
969 1602 1013 1645 in
1044 1602 1235 1647 Ecclesia
1257 1604 1416 1649 Christi

19 1672 285 1730 didicerunt,
311 1683 443 1733 atque
471 1673 734 1725 docuerunt,
765 1671 965 1715 bibentes
984 1681 1027 1715 et
1049 1673 1342 1718 ministrantes
1361 1675 1413 1719 de

17 1742 212 1788 fontibus
242 1743 376 1788 Israel
402 1746 430 1786 ¹.
462 1745 556 1787 Hoc
587 1757 688 1799 ergo
710 1741 831 1800 quod
854 1740 959 1786 facis
980 1776 991 1796 ,
1023 1757 1112 1787 non
1137 1753 1201 1787 est
1221 1744 1410 1789 victoriae

18 1816 283 1874 possessione
323 1814 470 1859 cluere
490 1849 501 1869 ,
541 1812 618 1858 sed
654 1814 698 1857 in
735 1812 896 1857 odiosae
929 1814 1187 1872 arrogantiae
1220 1815 1410 1861 cloacam

17 1885 272 1931 deformiter
294 1887 447 1930 fluere.
474 1885 633 1931 Cluere
664 1884 843 1943 quippe,
876 1883 1040 1942 poliere
1063 1894 1126 1929 est
1152 1904 1161 1930 ι
1188 1888 1411 1946 quomodo

17 1966 165 2002 autem
189 1967 312 2018 potes
340 1957 532 2002 victoriae
558 1955 822 2015 possessione
845 1954 1024 2014 pollere,
1045 1957 1122 2016 qui
1144 1959 1314 2003 conaris
1335 1975 1409 2004 ca-

15 2029 177 2073 tholica
201 2030 422 2087 dogmata,
447 2028 640 2087 antiqua,
667 2036 711 2071 et
732 2027 892 2071 invicta
912 2026 1108 2086 polluere
1126 2029 1143 2071 P

73 2102 442 2145 xinde-umes.
479 2118 499 2141 «
529 2101 638 2144 Nam
661 2099 711 2153 si,
743 2106 793 2142 ut
815 2107 859 2141 et
879 2097 1075 2156 superior
1109 2114 1250 2144 sermo
1280 2113 1406 2160 pate-

15 2169 137 2221 fecit,
169 2180 213 2214 et
241 2179 466 2215 secuturus
484 2168 681 2224 docebit,
710 2167 926 2227 quidquid
947 2168 1057 2213 ratio
1084 2180 1163 2225 est,
1188 2171 1407 2232 quidquid

16 2240 219 2297 eruditio,
240 2240 458 2301 quidquid
473 2240 655 2300 justitia,
671 2238 889 2299 quidquid
909 2239 1061 2298 pietas,
1081 2240 1299 2301 quidquid
1318 2252 1403 2286 tes-

16 2313 298 2357 timoniorum
321 2327 559 2366 sacrorum,
580 2311 682 2354 huic
705 2309 826 2369 quod
842 2319 1017 2354 tuemur
1039 2310 1234 2370 dogmati
1250 2314 1403 2358 suffra-

15 2393 141 2443 gatur
158 2403 168 2428 ι
188 2383 298 2427 nihil
318 2382 437 2427 aliud
450 2382 614 2426 inimici
632 2381 768 2426 nostri
787 2389 879 2425 toto
900 2380 1200 2441 adipiscuntur
1217 2394 1397 2441 conatu,

13 2470 146 2515 quam
165 2464 215 2499 ut
230 2455 369 2499 doctis
383 2453 633 2514 quibusque
647 2451 1052 2511 imprudentissimi,
1067 2454 1225 2498 sanctis
1245 2464 1396 2500 contu-

12 2524 254 2582 macissimi,
279 2525 326 2570 in
345 2528 484 2571 Deum
507 2522 797 2584 profanissimi
819 2522 1177 2580 comprobentur.
1206 2542 1227 2566 υ

59 2615 68 2633 ¹
96 2610 180 2644 Psat.
199 2621 301 2652 vau,
321 2619 375 2650 27.

1146 2663 1187 2689 3«
