1821 3264
410 257 463 285 mi:
493 253 787 283 connzrnom:
819 256 870 282 m·
903 248 1074 283 oncru-
1407 243 1435 281 9

50 331 142 391 Jam
160 326 238 372 tibi
253 333 356 370 nota
370 338 460 368 non
482 321 602 378 facis,
618 330 661 366 et
683 320 841 380 corripi
859 336 949 366 non
970 321 1051 376 vis,
1068 319 1197 365 etiam
1215 328 1446 381 propterea

54 396 356 458 corripiendus
379 409 448 450 es,
475 395 576 455 quia
607 392 764 452 corripi
792 407 880 436 non
903 393 981 436 vis.
1013 395 1111 438 Non
1133 392 1197 438 vis
1225 392 1341 437 enim
1367 391 1447 436 tibi

59 483 130 517 tua
150 470 253 515 vitia
272 467 558 512 demonstrari
585 485 594 511 :
629 480 718 510 non
743 465 805 508 vis
829 472 879 509 ut
907 462 1123 509 feriantur
1138 499 1148 518 ‚
1182 465 1345 525 fiatque
1366 463 1445 508 tibi

56 539 171 587 utilis
201 539 348 594 dolor,
375 553 464 598 quo
491 535 709 581 medicum
737 551 905 596 quaeras
934 554 944 581 z
969 550 1058 580 non
1081 534 1144 579 vis
1170 534 1249 578 tibi
1279 543 1328 578 tu
1357 534 1448 593 ipse

57 611 250 666 ostendi,
282 619 331 655 ut
349 624 449 655 cum
471 608 714 653 deformem
738 616 781 652 te
802 606 923 652 vides
941 642 952 663 ‚
977 604 1308 650 reformatorem
1329 606 1444 649 desi-

58 685 179 729 deres
200 718 211 738 ‚
250 682 377 742 eique
411 680 655 741 supplices,
698 694 753 723 ne
782 681 829 723 in
862 678 934 723 illa
971 693 1194 722 remaneas
1226 674 1442 721 foeditate.

63 757 205 799 Tuum
228 752 391 812 quippe
412 751 567 796 vitium
590 749 790 811 estquod
812 749 951 794 malus
979 764 1023 793 es
1038 784 1049 804 ,
1075 758 1117 793 et
1136 748 1274 807 majus
1296 746 1451 792 vitium

60 824 217 885 corripi
234 822 351 868 nolle
369 824 469 883 quia
487 821 627 867 malus
649 837 692 866 es
710 842 718 867 :
739 821 862 882 quasi
885 820 1105 866 laudanda
1115 819 1183 865 vel
1199 819 1455 864 indifferen-

65 908 127 942 ter
144 895 345 940 habenda
360 895 446 939 sint
467 895 570 940 vitia
585 929 596 949 ‚
621 902 670 938 ut
693 908 836 954 neque
857 891 1094 936 laudentur
1115 905 1259 950 neque
1276 890 1451 950 vitupe-

62 975 214 1013 rentur
239 987 249 1023 3
277 975 352 1010 aut
388 981 492 1011 vero
519 964 625 1010 nihil
656 974 755 1024 agat
780 965 906 1008 timor
928 963 1117 1022 correpti
1145 961 1332 1006 hominis
1348 996 1359 1016 ,
1383 960 1453 1005 vel

64 1040 221 1104 pudor,
246 1037 313 1089 vel
334 1037 479 1085 dolor:
498 1046 573 1082 aut
592 1035 710 1081 aliud
733 1044 845 1094 agat,
867 1050 965 1079 cum
990 1033 1220 1078 salubriter
1241 1030 1451 1088 stimulat,

64 1117 144 1161 nisi
164 1126 214 1160 ut
237 1123 412 1172 rogetur
430 1111 587 1164 bonuS,
606 1118 649 1153 et
674 1124 725 1152 ex
747 1107 869 1152 malis
885 1108 960 1168 qui
978 1106 1296 1166 corripiuntur,
1318 1104 1457 1148 bonos

65 1187 194 1232 faciat
222 1186 298 1247 qui
327 1184 576 1229 laudentur.
613 1179 743 1234 Quod
778 1180 893 1223 enirn
928 1177 1023 1223 vult
1056 1194 1136 1238 pro
1173 1193 1217 1222 se
1255 1176 1349 1221 fieri
1382 1176 1457 1235 qui

65 1258 223 1316 corripi
245 1272 333 1300 non
355 1253 467 1308 vult,
489 1261 532 1296 et
550 1251 656 1296 dicit
685 1271 693 1296 ι
720 1252 803 1295 Ora
819 1251 964 1310 potius
988 1265 1066 1309 pro
1097 1264 1167 1293 me
1193 1270 1204 1306 3
1229 1247 1328 1292 ideo
1357 1262 1456 1291 cor-

66 1327 286 1388 ripiendus
309 1334 402 1380 est,
424 1334 475 1368 ut
504 1322 633 1366 faciat
661 1322 789 1365 etiam
824 1322 914 1380 ipse
935 1337 1014 1380 pro
1046 1336 1105 1365 se.
1137 1319 1270 1364 Dolor
1295 1319 1458 1378 quippe

68 1399 156 1453 ille,
178 1414 267 1458 quo
283 1396 364 1441 sibi
381 1393 595 1453 displicet,
608 1392 786 1453 quando
801 1391 1221 1449 sentitcorreptionis
1239 1389 1456 1443 aculeum,

70 1470 226 1515 excitat
246 1482 345 1512 eum
361 1467 406 1510 in
428 1466 602 1525 majoris
625 1463 830 1508 orationis
855 1462 1061 1506 affectum
1080 1464 1092 1487 ¹
1117 1483 1127 1519 3
1152 1469 1202 1505 ut
1220 1463 1310 1505 Deo
1331 1460 1460 1504 mise-

69 1551 192 1586 rante
213 1577 223 1596 ,
254 1540 526 1584 incremento
560 1535 780 1580 charitatis
815 1533 988 1593 adjutus
1017 1533 1185 1579 desinat
1213 1546 1340 1590 agere
1372 1546 1460 1590 pu-

72 1612 212 1657 denda
233 1620 276 1655 et
297 1608 502 1662 dolenda,
524 1617 566 1651 et
594 1615 692 1666 agat
718 1604 937 1649 laudanda
959 1613 1091 1664 atque
1113 1601 1335 1661 gratanda.
1359 1602 1462 1645 Haec

72 1692 135 1727 est
153 1681 437 1741 correptionis
456 1678 635 1732 utilitas,
652 1692 752 1737 quae
771 1691 891 1720 nunc
908 1676 1061 1735 major,
1088 1688 1206 1718 nunc
1226 1673 1375 1716 minor·
1385 1686 1464 1731 pro

74 1763 352 1814 peccatorum
382 1750 629 1795 diversitate
651 1747 884 1792 salubriter
907 1745 1140 1790 adhibetur
1165 1766 1176 1803 3
1202 1753 1245 1788 et
1275 1752 1381 1788 tunc
1403 1751 1466 1787 est

74 1825 286 1879 salubris,
319 1822 497 1884 quando
526 1835 737 1880 supernus
772 1818 967 1862 medicus
995 1816 1182 1876 respicit.
1220 1817 1318 1860 Non
1350 1814 1467 1858 enim

75 1896 241 1956 aliquid
272 1894 442 1954 proficit
461 1928 472 1946 ‚
499 1892 580 1935 nisi
604 1905 703 1935 cum
727 1888 857 1933 iaciat
884 1898 933 1933 ut
960 1888 1125 1948 peccati
1153 1886 1219 1930 sui
1247 1899 1467 1945 quemque

78 1966 300 2026 poeniteat.
336 1967 392 2008 Et
425 1962 522 2022 quis
547 1961 629 2005 hoc
659 1960 766 2013 dat,
792 1959 872 2002 nisi
895 1959 971 2018 qui
1006 1956 1191 2015 respexit
1223 1954 1470 2015 apostolum

78 2042 254 2082 Petrum
278 2043 510 2094 negantem
531 2067 541 2087 ‚
568 2042 611 2076 et
640 2030 742 2075 fecit
775 2029 1009 2073 flentem?
1033 2027 1158 2072 Unde
1185 2036 1229 2071 ct
1252 2024 1471 2085 apostolus

80 2107 240 2154 Paulus
258 2115 544 2167 posteaquam
567 2103 690 2158 dixit,
711 2117 811 2147 cum
837 2100 1046 2146 modestia
1069 2097 1366 2158 corripiendos
1384 2112 1472 2141 esse

80 2179 244 2224 diversa
261 2177 494 2222 sentientes
514 2210 524 2229 ,
550 2174 749 2234 protinus
767 2171 936 2216 addidit
964 2189 973 2215 :
1001 2190 1021 2213 ι(
1045 2169 1290 2230 Nequando
1317 2168 1391 2213 det
1415 2167 1474 2211 eis

85 2269 104 2292 »
130 2253 244 2293 Deus
267 2247 568 2308 poenitentiam
594 2244 648 2288 ad
672 2242 1019 2302 cognoscendam
1038 2241 1279 2296 veritatem,
1312 2248 1355 2284 et
1376 2238 1477 2283 resi-

86 2342 104 2364 »
133 2322 299 2381 piscant
316 2319 371 2363 de
394 2317 556 2362 diaboli
578 2316 743 2377 laqueis
768 2316 798 2359 3.
822 2334 841 2356 »

154 2395 272 2437 VIII.
325 2392 415 2435 Cur
453 2398 598 2433 autem
635 2388 702 2432 isti
738 2388 814 2447 qui
845 2386 1003 2446 corripi
1048 2385 1207 2430 nolunt
1232 2419 1242 2439 ‚
1286 2382 1439 2427 dicunt
1467 2402 1477 2429 ι

92 2483 111 2505 «
138 2466 324 2507 Tantum
345 2462 532 2520 praecipe
555 2460 687 2513 mihi,
708 2468 752 2502 et
773 2474 847 2503 ora
870 2473 948 2517 pro
963 2472 1049 2512 me,
1075 2466 1125 2501 ut
1147 2454 1267 2516 quod
1283 2453 1480 2514 praecipis

90 2533 272 2578 faciam?
287 2551 305 2574 »
321 2533 410 2577 Cur
424 2547 513 2576 non
534 2530 679 2590 potius
696 2529 937 2573 secundum
960 2543 1086 2572 suum
1109 2541 1293 2586 pravum
1307 2539 1480 2571 sensum

137 2626 146 2642 ¹
168 2620 272 2652 Forte
292 2619 458 2659 majorem.
481 2635 513 2640 --
527 2624 539 2640 ⁹
560 2618 635 2648 Luc.
660 2626 740 2657 xxii,
757 2615 812 2648 61.
832 2632 870 2636 —-
887 2612 898 2638 3
918 2623 936 2646 2
956 2613 1036 2646 Tim.
1056 2624 1093 2655 11,
1113 2613 1167 2645 25.
