1821 3264
278 246 422 275 OPERIS
454 247 631 274 mezur.
666 246 829 275 CONTRA
861 248 1033 276 summ.
1070 247 1152 274 nn.
1189 249 1218 274 1.
1358 236 1440 275 313

60 331 80 356 »
106 313 151 357 in
180 328 342 357 semen.
377 313 671 358 Promissionis
699 313 812 357 enim
843 314 1026 358 verbum
1057 315 1142 358 hoc
1164 323 1257 372 est3
1282 313 1336 358 ad
1359 314 1442 359 hoc

59 403 78 427 >›
103 393 274 443 tempus
306 382 476 428 veniam
494 420 504 439 ‚
528 393 570 428 et
597 383 677 427 erit
705 386 818 428 Sarae
840 384 999 430 filius¹.
1029 404 1048 426 »
1086 388 1201 429 Tene
1227 386 1272 429 in
1294 394 1441 429 mente

55 454 165 499 filios
196 456 515 515 promissionis,
551 455 757 516 quoniam
791 456 867 517 qui
900 457 1097 516 promisit
1128 466 1280 516 potens
1307 466 1370 501 est
1400 467 1443 502 et

55 524 236 570 facere&
278 544 297 568 «
324 528 420 571 Non
448 526 587 571 solum
611 536 778 582 autem,
803 527 966 587 inquit,
995 528 1069 571 sed
1097 536 1139 571 et
1162 528 1358 572 Rebecca
1392 543 1442 571 ex

58 615 78 639 >›
104 612 192 641 uno
225 598 465 642 concubitu
487 597 653 642 habens
682 600 820 653 Isaac,
853 598 985 657 patris
1008 598 1142 641 nostri
1168 616 1176 642 :
1203 613 1299 641 cum
1325 598 1440 642 enim

59 688 77 709 »
105 668 301 712 nondum
338 669 426 712 nati
459 667 668 722 fuissent,
704 678 780 712 aut
816 667 980 729 aliquid
1013 669 1199 727 egissent
1236 668 1339 712 boni
1372 669 1439 712 vel

57 755 78 780 »
101 738 202 782 mali
215 773 226 793 ,
248 747 297 783 ut
311 738 550 783 secundum
568 737 826 783 electionem
845 739 1114 798 propositum
1131 738 1209 783 Dei
1227 747 1438 791 maneret,

54 827 75 852 »
101 825 190 854 non
207 825 258 854 ex
276 812 481 870 operibus
497 846 508 866 ,
529 811 604 855 sed
623 826 675 854 ex
693 819 876 854 vocante
893 810 1057 854 dictum
1077 818 1163 864 est,
1182 810 1283 869 quia
1307 810 1442 868 major

55 898 75 922 »
100 881 254 926 serviet
280 882 479 926 minoriss.
509 900 527 924 »
554 885 611 926 Et
631 882 701 925 hic
723 891 823 925 tene
843 883 888 925 in
910 890 1056 925 mente
1078 882 1334 926 electionem
1352 896 1439 924 non

51 966 103 994 ex
138 952 371 1011 operibus,
408 967 539 1013 quam
578 952 771 1012 quodam
814 951 945 996 modo
987 952 1186 1011 exposuit
1223 951 1438 1010 Propheta

51 1022 287 1081 posterior3
313 1023 434 1083 quod
454 1023 724 1084 subjungens
741 1023 974 1083 Apostolus
996 1023 1055 1067 ait
1077 1042 1087 1068 2
1114 1041 1133 1064 «
1161 1022 1281 1067 Sicut
1304 1021 1438 1081 scrip-

52 1110 73 1134 »
100 1101 193 1137 tum
216 1103 278 1137 est
299 1113 306 1138 ;
332 1094 467 1138 Jacob
488 1093 643 1149 dilexi,
664 1094 778 1138 Esaii
801 1103 947 1138 autem
968 1092 1072 1138 odio
1090 1092 1266 1137 habui-⁴.
1297 1110 1316 1133 »

109 1164 190 1208 Hic
219 1167 408 1210 occurrit
429 1166 639 1226 quaestio,
666 1181 765 1225 quae
798 1165 1051 1224 perturbare
1073 1172 1217 1224 posset
1249 1178 1336 1207 non
1370 1162 1437 1207 in-

49 1234 293 1294 telligentes
320 1237 594 1282 altitudinem
627 1237 776 1296 gratiae
808 1257 817 1282 2
848 1252 1030 1296 eamque
1052 1236 1130 1280 sibi
1165 1237 1254 1295 ipse
1276 1249 1437 1294 propo-

49 1321 181 1361 nens,
212 1308 293 1362 ait,
330 1327 349 1349 «
374 1308 490 1361 Quid
521 1324 623 1368 ergo
652 1309 846 1352 dicemus
865 1343 875 1362 ,
901 1307 1119 1368 numquid
1143 1306 1347 1366 iniquitas
1373 1314 1436 1350 est

51 1395 69 1420 n
97 1378 215 1437 apud
238 1381 401 1423 Deum?
424 1379 573 1423 absit⁵.
601 1397 619 1420 »
647 1382 703 1423 Et
724 1388 774 1423 ut
795 1378 971 1423 doceret
989 1377 1109 1439 quod
1131 1376 1238 1421 dixit
1254 1412 1264 1431 ‚
1291 1377 1402 1420 absit
1423 1394 1433 1422 ι

47 1450 247 1507 Moyses6
274 1450 414 1504 enim,
446 1451 610 1510 inquit,
649 1449 757 1494 dicit
789 1469 797 1494 :
835 1469 854 1491 «
880 1450 1116 1494 Miserehor
1142 1448 1436 1492 cuimisertus

51 1539 71 1562 »
97 1536 193 1575 ero,
230 1530 273 1565 et
303 1521 641 1566 misericordiam
677 1522 892 1580 praestabo
925 1521 994 1566 cui
1027 1520 1264 1565 misericors
1292 1518 1433 1562 fuero.

51 1610 71 1633 »
96 1592 235 1650 Igitur
256 1607 344 1636 non
360 1592 563 1647 volentis,
590 1607 734 1652 neque
759 1593 994 1647 currentis,
1021 1590 1095 1635 sed
1113 1589 1352 1634 miserentis
1374 1597 1437 1632 est

52 1680 72 1704 »
98 1662 216 1707 Dei⁷.
240 1681 258 1703 »
284 1665 377 1708 Hoc
394 1665 428 1707 si
447 1663 691 1708 attenderes
704 1699 714 1718 ‚
736 1679 825 1707 non
844 1662 1071 1707 extolleres
1087 1671 1236 1706 contra
1255 1661 1435 1719 gratiam

47 1735 200 1778 merita
223 1735 459 1779 voluntatis
486 1755 494 1780 ι
521 1735 595 1779 ubi
626 1735 747 1779 audis
773 1771 783 1790 ,
809 1737 905 1780 Non
930 1733 1116 1778 volentis
1132 1768 1143 1787 ,
1169 1747 1312 1791 neque
1338 1747 1437 1775 cur-

48 1806 202 1860 rentis,
228 1806 304 1849 sed
327 1806 564 1849 miserentis
590 1814 653 1849 est
672 1806 766 1849 Dei.
789 1807 887 1850 Non
910 1819 1011 1862 ergo
1032 1803 1132 1847 ideo
1154 1803 1353 1846 misertus
1375 1810 1438 1845 est

49 1878 185 1931 Deus,
209 1876 312 1936 quia
326 1876 465 1921 voluit
483 1890 526 1920 et
543 1877 737 1920 cucurrit
752 1877 911 1929 Jacob3
932 1875 1004 1919 sed
1031 1874 1129 1918 ideo
1150 1872 1288 1917 voluit
1307 1882 1349 1916 et
1365 1888 1438 1916 cu-

49 1946 186 1990 currit
202 1947 363 2002 Jacob,
391 1947 492 2007 quia
516 1947 717 1991 misertus
733 1956 797 1990 est
820 1949 945 1989 Deus.
977 1964 996 1987 «
1023 1948 1202 1988 Paratur
1220 1942 1335 1987 enim
1358 1958 1437 1987 vo·-

53 2035 73 2059 »
98 2017 242 2061 luntas
263 2033 287 2061 a
302 2017 487 2062 Domino
502 2019 538 2062 8:
555 2036 574 2059 n
591 2026 650 2072 et,
679 2037 697 2059 «
723 2022 755 2061 Α
778 2017 962 2061 Domino
981 2029 1146 2073 gressus
1163 2014 1349 2058 hominis
1371 2013 1439 2057 di-

53 2106 74 2129 »
100 2087 355 2147 riguntur0‚
381 2098 423 2133 et
439 2088 555 2133 viam
578 2089 669 2147 ejus
695 2089 873 2132 voletffl.
901 2105 921 2127 »
949 2084 1113 2130 Deinde
1137 2084 1238 2143 quia
1262 2092 1438 2143 propter

51 2159 187 2203 Jacob
211 2158 325 2203 dicta
355 2168 416 2202 est
440 2161 517 2203 ista
541 2159 752 2202 sententia
783 2158 990 2216 generalis
1019 2178 1027 2202 :
1058 2177 1075 2198 «
1103 2158 1199 2200 Non
1228 2155 1435 2209 volentis,

54 2248 74 2272 ))
102 2245 244 2290 neque
261 2230 489 2283 currentis,
512 2230 587 2273 sed
609 2229 847 2273 miserentis
870 2229 1020 2272 estDei
1038 2230 1068 2254 ¹¹
1091 2247 1099 2272 ι
1124 2247 1143 2268 »
1162 2226 1291 2271 datur
1308 2226 1435 2270 etiam

51 2301 297 2360 exemplum
331 2300 386 2344 de
416 2301 665 2355 Pharaone,
694 2310 871 2360 propter
900 2299 944 2343 id
978 2298 1099 2359 quod
1132 2299 1296 2342 dictum
1332 2305 1395 2340 est
1426 2316 1434 2340 ε

56 2392 76 2415 «
104 2373 219 2417 Esaii
244 2381 388 2416 autem
414 2372 515 2416 odio
543 2371 710 2426 habui,
740 2390 759 2413 »
794 2381 836 2416 et
856 2371 1084 2430 subjicitur
1102 2405 1113 2424 ,
1142 2387 1162 2410 «
1185 2367 1298 2412 Dicit
1323 2367 1437 2410 enim

102 2500 110 2515 ¹
131 2493 325 2532 Rotn⁴1x‚6
353 2497 385 2525 et
404 2504 480 2536 seqq
511 2510 549 2515 —-
567 2493 711 2530 ²1d,1v,
734 2502 788 2524 ¹21.
813 2509 845 2514 —-
864 2489 1008 2530 31d‚1<,
1036 2501 1073 2521 10
1100 2494 1131 2521 et
1151 2500 1238 2531 seqq.
1256 2486 1328 2515 -4
1357 2486 1437 2518 lbid.

59 2550 111 2588 13,
127 2555 159 2581 et
175 2549 309 2582 Malach.
330 2561 351 2587 1,
373 2559 403 2582 2.
420 2567 460 2573 --
474 2548 488 2572 5
506 2552 596 2581 Rom.
619 2560 665 2590 ix,
689 2548 725 2589 14
741 2553 775 2580 et
795 2559 884 2591 seqq.
896 2544 961 2570 -5
980 2547 1088 2578 Forte
1106 2545 1213 2587 Moysi.
1228 2551 1290 2577 ——7
1310 2544 1393 2576 Beda
1408 2547 1442 2575 ct
1457 2562 1464 2566 ·

56 2606 173 2639 Florus.
192 2605 257 2629 —-8
277 2608 368 2638 Prov.
389 2617 460 2639 vni.
479 2622 517 2628 -—
532 2613 546 2637 9
571 2605 646 2638 Psal.
671 2616 714 2646 vi,
735 2605 790 2637 23.
807 2622 847 2627 —
864 2611 894 2626 ¹⁰
919 2606 1009 2636 Rom.
1029 2613 1073 2644 ix,
1098 2602 1148 2634 16.
1166 2618 1205 2625 -—-
1225 2607 1250 2624 ¹¹
1279 2600 1359 2632 lbid.
1386 2599 1435 2631 13.
