1821 3264
255 265 397 295 opums
431 268 607 294 mvi-:nn
643 267 806 294 CONTRA
839 267 1007 296 JuuAiv.
1046 271 1127 296 Lm.
1166 271 1196 297 1.
1339 260 1424 299 233

41 346 89 376 ac
123 330 389 390 passionibus
421 332 744 390 impugnamur,
770 340 812 375 et
839 332 910 375 die
931 342 1153 392 noctuque
1174 333 1319 392 ignitis
1345 336 1424 379 sti-

0 423 1 429 *
40 400 166 446 mulis
187 401 379 460 corporis
402 401 655 445 humilitatis
678 401 806 459 hujus
828 410 871 445 et
892 404 1083 462 corporis
1106 405 1256 448 mortis
1291 420 1424 464 urge-

40 486 136 515 mur
156 505 167 525 ,
194 486 312 515 nunc
343 470 527 515 latenter
543 506 554 526 ,
579 485 696 514 nunc
719 472 849 514 etiam
880 471 1023 530 palam
1039 508 1050 527 ,
1085 475 1425 531 provocantibus

39 541 222 601 ubique,
254 550 296 585 et
330 541 596 586 irritantibus
625 556 767 584 rerum
797 540 1030 585 visibilium
1058 542 1273 588 illecebris
1291 579 1302 598 ‚
1329 545 1425 589 luto

39 613 120 656 hoc
142 610 258 655 faecis
276 646 287 665 ,
314 613 382 656 cui
399 612 671 666 inhaesimus,
697 612 811 656 coeni
833 611 899 655 sui
921 609 1124 656 foetorem
1150 614 1271 657 venis
1296 629 1425 673 capa-

38 681 224 726 cioribus
250 683 479 727 exhalante
500 704 510 741 3
535 684 610 727 sed
633 691 675 726 et
695 683 787 741 lege
808 683 990 742 peccati,
1008 699 1109 743 quae
1130 692 1194 728 est
1215 684 1262 728 in
1282 700 1424 729 mem-

39 751 123 795 bris
154 752 334 807 nostris,
367 751 452 810 legi
485 753 657 811 spiritus
680 762 965 811 repugnante.
1000 754 1076 797 His
1101 762 1150 797 tu
1180 753 1424 799 luminibus

37 820 222 866 coelestis
256 823 439 867 civitatis
471 821 688 868 oblatrans
730 842 740 867 :
781 841 801 865 «
833 825 1001 881 Corpus
1030 823 1181 868 mortis
1210 825 1424 884 (inquis)

36 900 212 952 peccata
227 891 333 936 dixit
355 908 460 947 esse,
481 908 569 937 non
591 907 764 937 carnem
794 912 803 937 ε
833 911 851 933 »
874 908 1036 951 negans
1060 894 1317 952 Apostolum
1339 895 1424 939 hoc

36 962 90 1006 ad
110 961 416 1007 mortalitatem
443 963 579 1008 nostri
611 964 803 1023 corporis
825 964 1019 1007 retulisse
1054 984 1066 1021 3
1095 981 1115 1005 «
1143 979 1277 1023 quam
1304 980 1422 1020 caro,

35 1032 193 1092 inquis,
220 1032 469 1077 animalium
493 1033 548 1077 de
570 1043 738 1077 naturae
759 1033 1035 1077 institutione
1059 1034 1264 1093 suscepit.
1288 1052 1307 1075 »
1331 1036 1426 1079 Hoc

35 1103 149 1146 enim
168 1103 293 1162 sapis,
315 1103 433 1162 quod
455 1103 651 1162 Pelagius
668 1104 712 1147 in
726 1103 893 1163 judicio
918 1103 1149 1148 Palaestino
1167 1104 1270 1148 ficto
1293 1103 1426 1148 corde

36 1172 257 1217 damnavit
283 1175 313 1227 ¹,
343 1174 481 1218 Adam
511 1174 674 1218 scilicet
708 1173 936 1218 mortalem
967 1172 1155 1228 factum,
1179 1174 1237 1217 ita
1264 1182 1313 1217 ut
1338 1175 1426 1219 sive

36 1252 247 1302 peccaret,
273 1244 361 1287 sive
388 1259 477 1288 non
501 1252 717 1303 peccaret,
743 1244 979 1288 moriturus
999 1253 1122 1288 esset.
1137 1247 1197 1287 Ac
1219 1244 1279 1288 sic
1300 1245 1426 1288 resis-

36 1322 129 1357 tens
151 1313 214 1356 his
232 1313 348 1367 viris,
370 1323 413 1357 et
428 1313 519 1358 aliis
538 1330 689 1358 corum
707 1314 831 1358 sociis
843 1313 946 1357 fidei
968 1329 1099 1369 sanae,
1120 1323 1184 1358 tot
1206 1314 1425 1374 tantisque

36 1383 479 1441 doctoribus,cogeris
502 1383 683 1443 implere
706 1383 971 1442 paradisum,
996 1384 1163 1427 etiamsi
1180 1399 1309 1428 nemo
1330 1398 1425 1443 pec-

36 1462 186 1506 casset,
207 1451 357 1496 dolore
376 1453 728 1512 parturientium,
755 1453 906 1496 labore
929 1453 1200 1496 nascentium
1218 1487 1228 1507 ,
1255 1453 1425 1510 gemiti-

37 1523 118 1567 bus
139 1522 455 1581 languentium,
482 1524 709 1567 funeribus
735 1523 1032 1578 morientium,
1058 1538 1246 1567 moerore
1270 1523 1426 1580 lugen-

37 1593 161 1636 tium.
194 1592 310 1645 Quid
338 1593 470 1651 igitur
492 1594 669 1646 mirum,
691 1593 724 1636 si
747 1602 789 1636 et
811 1592 866 1636 de
887 1593 969 1636 isto
984 1593 1197 1651 paradiso,
1223 1593 1344 1652 quod
1363 1603 1428 1637 est

38 1662 225 1706 Ecclesia
243 1697 253 1717 ,
280 1661 394 1706 foras
425 1664 512 1706 istis
539 1684 549 1718 3
574 1664 649 1721 qui
672 1662 919 1721 paradisum
943 1661 1091 1716 illum,
1117 1663 1172 1706 de
1195 1678 1284 1721 quo
1313 1662 1427 1706 foras

38 1732 182 1776 ierunt
198 1767 208 1786 ‚
226 1733 389 1791 quinos
406 1733 451 1775 in
472 1733 573 1776 istas
591 1733 779 1776 miserias
802 1732 1025 1791 peccando
1051 1733 1278 1785 miserunt,
1295 1732 1428 1775 talem
1461 1725 1463 1727 V

38 1800 172 1846 facitis
190 1837 201 1857 ,
226 1802 400 1862 qualem
432 1819 520 1847 non
542 1803 640 1847 dico
667 1803 1015 1847 Christianorum
1045 1801 1193 1846 nullus
1211 1837 1222 1856 ,
1250 1801 1326 1846 sed
1347 1817 1427 1846 nec

39 1874 264 1918 hominum
278 1876 507 1933 quisquam
531 1875 734 1932 suspicari
758 1874 905 1927 audet,
925 1873 958 1916 si
981 1888 1070 1916 non
1093 1873 1148 1916 sit
1170 1872 1364 1916 insanus.

97 1946 299 1988 LXVIII.
327 1947 554 1988 JttLtams.
588 1964 607 1986 «
634 1947 685 1988 In
712 1945 852 2003 primo
874 1945 988 1988 enim
1021 1959 1150 2003 opere
1183 1944 1310 1987 latius
1337 1941 1428 1986 dis-

38 2023 190 2072 putata
214 2023 328 2058 sunt.
351 2015 557 2067 Quamvis
575 2029 655 2058 nec
673 2023 720 2058 tu
735 2014 927 2058 dilucide
944 2015 1150 2074 loquaris,
1171 2028 1302 2073 quam
1318 2027 1430 2057 mor·

41 2093 126 2127 tem
143 2083 324 2141 intelligi
339 2085 459 2139 velis,
480 2086 603 2142 cujus
621 2099 777 2143 corpus
793 2084 899 2127 dicis
915 2084 958 2127 in
976 2084 1174 2142 paradiso
1194 2099 1282 2127 non
1299 2081 1429 2126 fuisse

40 2163 140 2198 ante
158 2163 383 2212 peccatum
407 2174 416 2199 :
442 2157 543 2214 quia
566 2156 610 2197 in
633 2154 776 2208 libris,
798 2170 907 2214 quos
930 2154 983 2197 ad
1006 2153 1246 2198 Marcellini
1268 2168 1429 2198 nomen

41 2224 235 2278 edidisti,
277 2224 504 2268 mortalem
543 2227 681 2268 Adam
718 2223 881 2268 sactum
920 2223 1050 2268 suisse
1091 2222 1306 2282 professus
1339 2225 1424 2268 es2.

41 2294 168 2347 Qnod
190 2309 292 2338 vero
316 2295 516 2354 adjungis
546 2294 751 2338 morbum
779 2310 868 2338 esse
901 2295 1128 2352 negotium
1150 2295 1424 2353 nuptiarum,

41 2365 196 2408 leniter
213 2364 351 2408 audiri
368 2374 524 2423 potest,
548 2366 580 2407 si
603 2365 686 2408 hoc
699 2363 840 2408 solum
857 2363 912 2407 de
927 2365 1010 2408 tuis
1023 2364 1276 2422 parentibus
1292 2363 1425 2407 dicas.

43 2435 250 2478 Conscius
273 2436 387 2479 enim
415 2434 525 2479 forte
548 2450 637 2479 esse
663 2444 786 2493 potes
810 2434 957 2478 matris
977 2443 1063 2477 tuae
1084 2434 1224 2477 morbi
1248 2433 1428 2492 alicujus

92 2542 100 2557 ¹
120 2536 198 2567 Vide
216 2536 271 2568 lib.
288 2537 328 2569 de
345 2538 446 2569 Gestis
466 2537 592 2578 Pelagii,
609 2547 682 2579 cap.
707 2549 738 2572 ιι
762 2541 793 2568 ct
812 2537 863 2568 33.
880 2553 914 2559 ·-
929 2542 941 2558 ²
959 2535 1028 2567 Lib.
1046 2545 1065 2566 11
1080 2535 1120 2567 de
1137 2539 1301 2576 peccator.
1321 2535 1427 2568 Merit.
1454 2559 1461 2564 -

45 2600 115 2632 cap.
132 2589 150 2622 3
169 2595 203 2623 et
220 2591 252 2632 4.
