1884 3285
414 205 466 242 68
822 210 854 238 S.
891 211 1122 239 Arctsa‘lm
1155 213 1338 239 EPlscom

404 294 427 322 a
450 279 655 333 Domino3
680 274 1013 320 discernendum
1035 286 1097 321 est
1120 277 1272 336 utique
1289 276 1397 335 quid
1420 275 1564 319 veniat
1587 276 1642 320 de
1664 278 1787 321 mise-

403 346 585 392 ricordia
607 348 697 405 ejus
713 380 724 400 ,
751 345 859 406 quid
888 347 943 390 de
959 347 1124 406 judicio
1144 366 1153 391 ε
1187 365 1206 388 «
1235 345 1364 398 Quod
1388 345 1612 404 quaerebat
1635 347 1783 402 Israel,

405 434 426 458 »
452 417 510 460 ait
533 415 764 474 Apostolus
784 418 816 471 ¹,
842 417 925 461 hoc
948 432 1037 462 non
1061 426 1124 460 est
1147 424 1402 460 consecutus
1431 434 1440 459 ε
1466 415 1620 460 electio
1642 426 1787 461 autem

407 504 428 528 »
452 495 681 531 consecuta
709 495 771 531 est
797 506 805 531 :
831 488 976 531 caeteri
1005 502 1106 532 vero
1137 485 1339 530 excaecati
1367 494 1482 540 sunt,
1513 486 1624 531 sicut
1653 487 1788 546 scrip-

405 574 427 598 »
454 565 549 601 tum
570 566 659 602 est:
683 557 812 601 Dedit
832 557 912 602 illis
936 561 1048 602 Deus
1070 558 1267 616 spiritum
1291 557 1654 615 compunctionis,
1678 573 1786 602 ocu-

408 643 429 672 »
454 625 518 670 los
543 636 592 671 ut
620 642 710 672 non
736 626 926 682 videant,
955 637 998 672 et
1024 642 1146 671 aures
1173 637 1222 671 ut
1251 642 1338 672 non
1364 626 1558 682 audiant,
1584 627 1787 687 usquein

406 714 427 739 »
452 697 711 742 hodiernum
741 698 855 743 diem
879 702 910 741 ².
940 700 997 743 Et
1023 697 1161 743 David
1188 698 1292 743 dicit
1311 699 1432 743 :Fiat
1456 714 1604 742 mensa
1635 713 1786 742 eorum

404 786 426 810 »
450 769 496 812 in
520 768 725 828 laqueum
756 779 798 812 et
829 770 874 812 in
901 770 1231 814 retributionem
1256 779 1299 814 et
1322 770 1367 813 in
1394 769 1647 814 scandalum
1669 768 1752 813 illis
1772 784 1781 810 :

406 855 427 880 »
452 839 740 884 obscurentur
764 839 879 883 oculi
901 854 1053 883 eorum
1074 855 1130 884 ne
1150 839 1346 895 videant,
1372 849 1414 884 et
1437 840 1613 885 dorsum
1635 854 1786 885 eorum

403 926 424 951 »
451 924 618 969 semper
639 910 817 955 incurva
832 911 864 953 3.
885 927 905 951 »
931 912 1044 955 Ecce
1066 910 1355 955 misericordia
1378 920 1420 955 et
1436 911 1650 971 judicium
1671 929 1680 955 :
1701 910 1786 954 mi-

401 980 630 1025 sericordia
653 981 698 1025 in
725 980 980 1025 electionem
1002 997 1101 1041 quae
1123 991 1353 1026 consecuta
1374 991 1438 1026 est
1451 981 1662 1041 justitiam
1684 980 1783 1037 Dei3

395 1049 609 1108 judicium
630 1066 733 1095 vero
756 1052 801 1095 in
821 1060 997 1096 caeteros
1019 1053 1095 1111 qui
1117 1052 1319 1097 excaecati
1337 1062 1439 1096 sunt
1460 1071 1469 1096 :
1491 1061 1534 1096 et
1558 1061 1705 1096 tamen
1723 1049 1786 1094 illi

401 1122 502 1178 quia
531 1121 786 1177 voluerunt,
820 1121 1126 1180 crediderunt3
1164 1123 1227 1166 illi
1260 1123 1362 1183 quia
1399 1122 1655 1176 noluerunt,
1697 1136 1786 1166 non

398 1189 693 1236 crediderunt.
722 1192 1014 1237 Misericordia
1035 1194 1183 1252 igitur,
1213 1202 1256 1236 et
1276 1192 1490 1252 judicium
1513 1192 1559 1235 in
1583 1191 1684 1251 ipsis
1709 1207 1786 1236 vo-

397 1258 636 1306 luntatibus
660 1261 774 1307 facta
798 1273 913 1307 sunt.
940 1263 1107 1308 Electio
1130 1264 1292 1323 quippe
1317 1264 1395 1308 ista
1421 1264 1568 1321 gratiae
1595 1272 1673 1317 est,
1696 1278 1787 1307 non

395 1329 549 1390 utique
575 1334 843 1378 meritorum.
873 1335 1078 1393 Superius
1103 1335 1217 1378 enim
1241 1334 1406 1378 dixerat
1432 1354 1440 1377 ι
1470 1353 1490 1376 «
1518 1335 1585 1378 Sic
1613 1349 1716 1393 ergo
1743 1342 1787 1378 et

400 1417 421 1441 »
446 1401 492 1444 in
519 1402 602 1447 hoc
631 1414 848 1462 tempore,
876 1403 1070 1464 reliquiae
1096 1421 1172 1464 per
1197 1405 1453 1450 electionem
1482 1406 1630 1463 gratiae
1657 1404 1785 1449 salvae

399 1487 422 1512 »
447 1470 573 1516 factae
592 1483 707 1517 sunt.
732 1476 775 1518 Si
792 1484 937 1519 autem
957 1477 1091 1534 gratia
1111 1511 1121 1530 ‚
1139 1477 1228 1535 jam
1246 1492 1335 1521 non
1352 1492 1402 1520 ex
1421 1476 1625 1535 operibus
1647 1495 1655 1520 ;
1675 1475 1784 1520 alio-

400 1557 421 1581 »
446 1542 552 1601 quin
577 1544 710 1602 gratia
722 1545 811 1603 jam
831 1560 919 1589 non
936 1555 1000 1590 est
1018 1546 1154 1604 gratia
1172 1547 1204 1589 4.
1229 1564 1249 1587 »
1271 1547 1410 1591 Gratis
1432 1561 1535 1605 ergo
1552 1555 1785 1591 consecuta

398 1621 476 1664 est,
503 1614 623 1672 quod
645 1623 876 1659 consecuta
898 1624 961 1660 est
982 1616 1135 1661 electio
1154 1632 1267 1661 :non
1288 1618 1507 1676 praecessit
1528 1632 1679 1661 eorum
1703 1616 1784 1660 ali-

399 1681 523 1740 quid,
550 1684 668 1743 quod
696 1686 856 1743 priores
886 1685 1055 1742 darent,
1088 1696 1131 1731 et
1159 1688 1472 1731 retribueretur
1501 1687 1703 1747 illiszpro
1724 1687 1785 1730 ni-

399 1752 489 1797 hilo
521 1754 658 1799 salvos
689 1755 791 1800 feeit
821 1772 907 1801 eos.
944 1759 1119 1802 Caeteris
1158 1768 1302 1802 autem
1335 1760 1410 1819 qui
1437 1759 1638 1803 excaecati
1663 1767 1780 1814 sunt,

397 1824 506 1867 sicut
539 1823 600 1868 ibi
630 1841 716 1870 non
746 1827 928 1871 tacitum
957 1838 1048 1883 est,
1081 1829 1126 1872 in
1154 1830 1439 1874 retributione
1467 1830 1633 1875 factum
1662 1840 1726 1874 est
1748 1832 1778 1874 ⁵.

401 1910 421 1934 «
445 1894 662 1938 Universae
687 1897 768 1940 viae
792 1898 963 1941 Domini
982 1899 1275 1944 misericordia
1295 1909 1337 1944 et
1359 1901 1512 1945 veritas
1537 1903 1567 1944 ⁶.
1595 1901 1781 1945 Investi-

400 1979 420 2003 »
445 1965 605 2021 gabiles
636 1975 737 2010 sunt
766 1977 911 2011 autem
944 1970 1024 2012 viae
1054 1971 1145 2029 ejus
1170 1974 1199 2014 ⁷.
1240 1989 1260 2012 »
1294 1971 1615 2030 Investigabiles
1650 1973 1782 2031 igitur

397 2042 514 2088 sunt,
548 2044 590 2078 et
623 2036 908 2081 misericordia
938 2054 1024 2098 qua
1054 2041 1183 2098 gratis
1216 2040 1395 2097 liberat,
1433 2051 1475 2086 et
1504 2044 1660 2087 veritas
1694 2058 1782 2102 qua

392 2103 507 2159 juste
519 2103 699 2163 judicat.

453 2175 555 2217 XII.
595 2175 678 2219 Sed
701 2173 878 2220 forsitan
901 2177 1049 2222 dicant
1071 2198 1079 2224 :
1109 2199 1128 2221 «
1153 2182 1221 2224 Ab
1244 2183 1447 2241 operibus
1467 2184 1599 2227 fidem
1622 2184 1777 2228 distin-

395 2243 489 2300 guit
506 2245 738 2303 Apostolus
761 2249 964 2305 :gratiam
981 2264 1084 2294 vero
1108 2266 1196 2295 non
1225 2267 1275 2295 ex
1302 2252 1506 2311 operibus
1531 2269 1621 2297 esse
1644 2253 1775 2312 dicit3

393 2326 484 2356 non
512 2323 656 2358 autem
680 2316 806 2372 dicit,
841 2317 959 2377 quod
987 2334 1075 2363 non
1103 2321 1155 2364 sit
1184 2336 1234 2365 ex
1261 2322 1362 2366 fide.
1400 2341 1420 2364 »
1461 2326 1525 2367 Ita
1547 2339 1651 2369 vero
1674 2334 1739 2368 est
1765 2344 1774 2369 :

390 2383 466 2426 sed
483 2384 618 2443 ipsam
636 2402 813 2447 quoque
830 2388 961 2433 fidem
980 2405 1087 2450 opus
1105 2391 1182 2436 Dei
1202 2393 1306 2437 dicit
1322 2408 1411 2438 esse
1430 2396 1552 2439 Jesus
1568 2430 1579 2450 ‚
1604 2404 1647 2440 et
1664 2396 1776 2441 hanc

437 2492 445 2505 ¹
474 2486 561 2519 Rom.
587 2498 632 2528 xl,
661 2499 693 2529 7.
708 2506 749 2512 —-
767 2497 780 2512 2
800 2490 872 2522 Isai.
896 2501 942 2531 vt,
962 2503 995 2533 9.
1011 2508 1051 2515 -—
1069 2490 1081 2515 3
1099 2493 1180 2525 Psal.
1200 2504 1313 2535 vam,
1332 2495 1385 2527 23.
1415 2512 1456 2518 —
1484 2494 1499 2525 4
1518 2498 1608 2529 Rom.
1629 2508 1678 2536 xr,
1704 2497 1722 2530 5
1742 2501 1775 2530 et

387 2537 439 2571 35.
487 2539 535 2565 -5
554 2542 634 2574 Psal.
653 2554 702 2583 ιν,
723 2543 897 2579 8.-61d.
919 2557 1005 2587 xxiv,
1029 2555 1156 2581 10.-7
1178 2550 1269 2582 Rom.
1290 2561 1333 2588 xi,
1354 2550 1404 2583 33,
