1884 3285
432 276 514 314 328
862 295 894 319 s.
931 291 1162 324 Areus-nm
1194 299 1376 328 EPiscom

427 366 506 394 nec
523 353 615 396 sine
632 354 857 400 voluntate
878 370 1103 417 peccatum
1119 398 1130 418 ,
1155 367 1289 410 necin
1307 370 1397 413 Deo
1413 369 1616 430 iniquitas
1630 408 1641 428 ‚
1667 388 1747 419 nec
1762 375 1812 431 in
1866 407 1868 410 -

427 421 521 479 lege
547 426 822 484 perversitas3
855 430 934 473 soli
965 431 1026 475 illi
1057 435 1203 491 stulti,
1230 438 1504 498 impudentes
1529 453 1572 487 et
1594 444 1715 504 impii
1733 445 1807 490 de-

424 502 736 540 monstrentur.
766 517 785 538 »

481 566 774 613 Anat-smnus.
801 572 1021 618 Erubesce
1065 595 1073 620 :
1119 593 1208 622 non
1249 578 1332 625 fuit
1372 583 1625 629 Ambrosius
1664 588 1806 631 Mani-
1866 646 1869 652 Ι

420 633 566 677 chaeus
582 638 614 690 ¹,
635 652 735 681 cum
761 639 945 698 diceret,
976 645 1198 692 hominem
1223 651 1342 708 prius
1368 652 1513 698 subire
1544 653 1804 702 delictorum
1867 655 1870 659 ’

419 707 668 763 contagium
685 743 695 763 ,
724 725 854 769 quam
871 713 1011 759 vitalis
1033 718 1206 776 spiritus
1228 737 1388 767 munus
1408 723 1596 770 haurire.
1621 726 1705 772 Sed
1724 743 1804 774 nec
1867 744 1871 790 ξ

418 774 496 818 ista
520 775 676 821 delicta
695 813 706 833 ,
733 781 813 824 nisi
836 797 887 825 ex
916 785 1142 833 voluntate
1169 793 1425 849 extiterunt,
1450 796 1569 840 unde
1596 798 1805 856 originem
1866 823 1872 846 z

417 846 622 892 trahunt:
647 858 690 893 et
706 850 804 896 ideo
827 868 907 898 nec
930 855 974 899 in
994 860 1082 902 Deo
1100 869 1163 905 est
1185 862 1409 923 iniquitas,
1430 867 1506 926 qui
1520 877 1698 928 propter
1719 870 1803 916 hoc
1867 898 1871 910 τ

414 918 559 974 posuit
581 923 859 968 nascentibus
883 941 1011 984 grave
1033 930 1187 989 jugum
1211 952 1219 978 :
1246 937 1387 979 necin
1405 936 1499 996 lege
1521 941 1798 998 perversitas,

413 988 458 1031 in
480 1004 567 1048 qua
591 990 674 1035 hoc
694 992 873 1039 discitur
894 1013 983 1042 esse
1004 1002 1302 1063 verissimum3
1326 1007 1446 1067 quod
1462 1018 1506 1053 et
1528 1010 1604 1069 ipsi
1629 1011 1800 1057 videre·
1867 1006 1870 1032 ⁵

412 1058 480 1113 tis,
506 1061 586 1104 nisi
607 1077 682 1107 vos
704 1066 848 1122 potius
866 1083 1087 1127 perversos
1110 1074 1258 1119 oculos
1275 1076 1510 1123 haberetis.
1867 1083 1871 1093 “

470 1132 613 1176 XXII.
659 1137 885 1182 Jt-me-s.
922 1143 1093 1186 Haereat
1116 1143 1246 1201 igitur
1268 1146 1352 1191 hoc
1379 1149 1565 1195 maxime
1606 1154 1798 1211 pruden-

413 1200 461 1243 tis
485 1203 629 1246 animo
652 1204 848 1261 lectoris,
875 1211 1078 1256 omnibus
1103 1214 1333 1274 Scripturis
1351 1220 1478 1264 sacris
1500 1221 1639 1267 solum
1661 1224 1794 1283 illud,

406 1270 528 1328 quod
550 1272 593 1315 in
623 1274 830 1320 honorem
867 1280 943 1323 Dei
970 1283 1172 1329 catholici
1198 1287 1398 1346 sapiunt,
1423 1292 1657 1350 contineri,
1687 1297 1797 1342 sicut

406 1340 706 1403 frequentium
735 1351 1047 1396 sententiarum
1070 1354 1169 1400 luce
1189 1357 1430 1405 illustratur
1457 1382 1466 1408 ε
1491 1373 1534 1408 et
1551 1365 1691 1410 sicubi
1707 1367 1794 1413 du-

406 1412 492 1456 rior
522 1413 710 1460 elocutio
732 1421 918 1465 moverit
947 1426 1231 1482 quaestionem
1246 1464 1256 1483 ,
1283 1440 1450 1476 certum
1473 1434 1651 1494 quidem
1674 1453 1790 1495 esse,

406 1500 494 1528 non
512 1485 570 1529 ihi
582 1487 626 1530 id
643 1488 765 1546 quod
781 1491 989 1550 injustum
1006 1504 1085 1550 est,
1106 1495 1190 1542 loci
1205 1499 1320 1545 illius
1336 1512 1557 1550 auctorem
1575 1509 1791 1569 sapuisse,

405 1556 647 1601 secundum
669 1558 715 1602 id
736 1570 878 1604 autem
894 1563 1053 1609 debere
1071 1567 1252 1628 intelligi
1270 1606 1280 1626 ,
1305 1574 1423 1632 quod
1441 1585 1484 1620 et
1506 1577 1614 1623 ratio
1632 1582 1794 1641 perspi-

405 1641 483 1669 cua
503 1662 513 1680 ,
539 1636 582 1671 et
600 1627 783 1673 aliorum
806 1632 1001 1694 locorum
1016 1671 1025 1689 ,
1047 1637 1090 1679 in
1113 1640 1273 1697 quibus
1303 1658 1393 1687 non
1423 1655 1485 1690 est
1514 1648 1789 1708 ambiguitas,

404 1695 610 1755 splendor
632 1691 863 1755 aperuerit.
884 1706 980 1747 Jam
1004 1707 1134 1763 igitur
1151 1711 1240 1769 ejus
1259 1726 1358 1756 cum
1379 1731 1466 1774 quo
1479 1718 1645 1776 agimus
1662 1723 1793 1767 verba

403 1783 631 1826 ponamus.
654 1771 870 1830 Equidem
889 1773 930 1817 in
952 1774 1028 1818 illo
1051 1779 1191 1837 capite
1213 1781 1431 1829 dictorum
1452 1802 1646 1845 suorum,
1671 1793 1792 1851 quod

403 1855 541 1899 usque
576 1840 631 1884 ad
663 1843 848 1900 figulum
884 1857 1159 1904 peccatorum
1195 1855 1332 1898 Deum
1367 1872 1493 1902 suum
1532 1859 1786 1920 adduxerat,

402 1920 553 1955 contra
583 1912 703 1971 quod
732 1913 845 1959 libro
863 1919 1082 1976 superiore
1112 1923 1409 1983 confliximus,
1435 1931 1626 1976 tenuiter
1653 1932 1787 1992 dixit,

405 2001 424 2022 «
446 1985 529 2026 Per
550 1999 688 2027 unum
710 1985 933 2031 hominem
958 2001 1183 2048 peccatum
1208 1995 1388 2042 intrasse
1405 2000 1448 2043 in
1471 2003 1710 2049 mundum¹
1732 2026 1740 2051 :
1766 2025 1787 2049 »

402 2068 491 2097 non
515 2063 578 2098 est
595 2064 740 2099 autem
767 2057 811 2101 in
834 2061 1100 2117 expositione
1130 2063 1214 2109 loci
1238 2068 1371 2126 ipsius
1393 2070 1660 2120 immoratus
1691 2079 1791 2123 Post

402 2140 534 2183 quam
549 2141 650 2169 vero
674 2127 821 2172 multis
842 2130 986 2175 verbis
1015 2144 1164 2180 contra
1197 2136 1270 2182 iila
1292 2152 1494 2201 excerpta
1513 2178 1524 2199 ,
1556 2161 1656 2204 qnae
1675 2149 1729 2192 ad
1746 2164 1790 2193 se

402 2195 633 2240 confirmat
654 2198 802 2254 missa,
828 2199 1052 2258 disseruit,
1076 2209 1273 2264 pervenit
1295 2211 1351 2255 ad
1368 2211 1556 2274 aliquem
1572 2215 1788 2264 dictorum

402 2280 600 2309 meorum
634 2266 779 2312 locum
797 2304 808 2324 ,
853 2287 983 2329 quem
1018 2275 1099 2319 sibi
1138 2280 1259 2337 quasi
1297 2294 1629 2342 oppugnaturus
1668 2290 1790 2349 obje-

402 2335 486 2393 cit,
528 2336 604 2380 sed
637 2338 746 2382 nihil
767 2342 1008 2387 secundum
1045 2345 1090 2389 id
1123 2349 1243 2407 quod
1275 2350 1418 2398 fuerat
1456 2355 1651 2413 pulsatus
1673 2359 1785 2404 refe-

404 2421 516 2461 rens,
536 2408 590 2452 ad
612 2409 725 2453 hanc
746 2414 942 2470 Apostoli
967 2419 1225 2463 sententiam
1253 2424 1525 2482 convolavit,
1551 2429 1596 2472 in
1617 2445 1702 2489 qua
1718 2430 1787 2476 di-

402 2477 484 2532 cit,
504 2493 618 2537 »per
639 2495 777 2524 unum
796 2482 1014 2530 hominem
1037 2498 1265 2546 peccatum
1286 2492 1466 2540 intrasse
1480 2497 1524 2542 in
1543 2500 1784 2559 mundum3

404 2565 426 2590 ι(
450 2556 493 2591 et
509 2550 749 2596 secundum
774 2553 930 2613 dogma
954 2571 1079 2603 suum
1094 2594 1104 2614 ,
1127 2570 1376 2609 contextum
1395 2564 1479 2612 loci
1499 2568 1632 2628 ipsius
1652 2586 1784 2631 expe-

451 2643 459 2660 ¹
480 2637 626 2670 Ambros.
645 2638 690 2672 lib
709 2641 748 2674 ‹le
763 2641 941 2686 Philosoph.
955 2661 996 2668 ·—
1011 2652 1022 2669 ²
1043 2649 1133 2680 Rom.
1154 2660 1187 2690 v,
1212 2659 1261 2681 ι’).
