1884 3285
425 301 507 339 432
857 305 889 332 s.
926 303 1156 332 auersum
1188 300 1368 328 Emscom

483 374 677 419 CLXXI.
713 373 736 415 J
744 386 894 414 emim
907 389 939 414 s.
980 387 999 410 «
1035 367 1201 426 Quippe
1237 363 1313 424 qui
1348 362 1558 406 rationem
1591 368 1634 404 et
1660 359 1799 418 legem
1852 321 1858 409 l

423 444 656 489 criminum
679 455 823 485 amore
853 438 1146 491 calcaverant,
1173 443 1322 479 euntes
1353 440 1449 491 post
1471 429 1680 474 desideria
1701 443 1799 483 sua,
1853 414 1858 480 l

424 532 523 576 quae
556 516 646 574 ipsa
681 511 938 558 conscientia
956 545 966 565 ,
993 509 1116 568 cujus
1145 517 1208 551 est
1230 504 1413 550 maxima
1433 502 1526 556 vis,
1552 499 1800 558 castigabat.
1853 483 1864 562 ξ’-

424 588 586 630 Verum
603 585 704 644 quia
723 582 967 634 constabat,
989 579 1115 622 etiam
1146 576 1380 634 Prophetas
1403 581 1580 631 propter
1597 569 1805 630 justitiam
1854 565 1859 617 l

425 656 579 701 crebro
597 654 746 699 mortis
762 652 964 696 enituisse
978 654 1303 706 contemptu,ct
1320 642 1528 703 plurimos
1550 656 1628 700 pro
1646 637 1808 695 magnis
1855 626 1859 642 ’

425 726 674 787 quibusque
696 724 826 768 rebus
847 719 1158 780 dignitatisque
1184 715 1321 760 insitae
1344 711 1514 771 fulgore
1537 707 1812 754 rutilantibus
1857 750 1860 758 λ

427 813 578 843 securo
600 795 654 839 ad
680 793 902 838 interitum
925 791 1070 834 animo
1093 787 1346 837 cucurrisse,
1368 798 1423 826 ne
1437 797 1524 826 non
1543 777 1814 838 singularitas

428 867 599 913 virtutis
623 864 780 911 Christi
803 860 1035 907 dilucidior
1058 857 1268 919 ejusmodi
1287 863 1396 898 esset
1415 850 1637 909 exemplis,
1665 845 1815 891 intulit
1858 843 1861 851 ²

427 936 768 998 Apostolus,per
781 932 902 994 quod
914 929 1162 976 ostenderet
1182 926 1434 971 charitatem
1457 932 1500 965 et
1514 917 1815 964 fortitudinem
1858 919 1862 970 ξ

428 1009 543 1053 illius
565 1007 696 1052 unico
719 1005 907 1049 eminere
926 1001 1097 1058 fastigio
1121 1018 1130 1042 ι
1152 996 1349 1042 Assentio
1374 1002 1416 1037 et
1437 1007 1517 1049 ego
1539 1025 1550 1045 ,
1582 989 1681 1033 licet
1702 1001 1814 1039 raro,
1859 1024 1862 1042 ἔ

429 1080 531 1124 licet
553 1079 621 1123 vix
639 1087 785 1122 tamen
803 1090 882 1134 pro
895 1072 1020 1133 justis
1043 1068 1228 1113 ethonis
1244 1065 1352 1109 mori
1369 1061 1545 1120 elegisse
1559 1056 1817 1113 nonnullos,
1859 1072 1861 1078 ’

431 1150 506 1195 sed
528 1149 643 1193 illius
666 1146 941 1205 negotiorum
964 1139 1168 1199 dignitas,
1194 1136 1238 1180 id
1261 1143 1340 1189 est,
1364 1134 1554 1192 ipsarum
1578 1143 1722 1173 rerum
1742 1141 1820 1186 pro

432 1220 590 1280 quibus
626 1216 938 1260 dimicaverant
973 1207 1188 1255 claritudo
1210 1241 1220 1261 ,
1253 1202 1546 1264 periculorum
1568 1197 1822 1256 temperavit

433 1288 629 1334 dolorem
657 1306 665 1331 ε
691 1285 887 1331 Christus
919 1290 1063 1326 autem
1099 1276 1208 1321 nihil
1248 1273 1404 1319 habuit
1436 1270 1555 1331 quod
1595 1276 1757 1312 amaret
1778 1267 1824 1309 in
1860 1272 1864 1278 '

435 1360 590 1405 studiis
609 1357 846 1416 impiorum
864 1388 874 1408 ‚
897 1361 940 1396 et
961 1366 1040 1410 pro
1060 1348 1126 1392 his
1144 1347 1220 1407 qui
1246 1353 1370 1389 erant
1400 1342 1573 1402 propria
1600 1338 1825 1383 voluntate
1860 1331 1865 1346 '

437 1429 653 1476 deformes
677 1462 687 1482 ,
710 1442 799 1471 non
834 1433 897 1468 est
930 1428 1180 1480 aspernatus
1212 1413 1406 1475 impendi
1439 1433 1447 1457 τ
1474 1420 1653 1471 apparet
1681 1417 1826 1452 autem

437 1501 564 1545 illum
581 1498 779 1544 omnium
797 1492 1029 1539 virtutibus
1045 1487 1303 1534 antecellere
1323 1506 1335 1543 3
1359 1484 1461 1544 quia
1479 1482 1557 1526 etsi
1571 1480 1615 1524 in
1640 1477 1828 1523 toleran-

439 1572 498 1616 tia
520 1583 696 1630 paucos,
710 1569 754 1610 in
772 1579 898 1610 causa
920 1572 1066 1606 tamen
1084 1558 1226 1603 nullos
1243 1564 1385 1616 potest
1405 1554 1566 1597 habere
1590 1557 1825 1595 consortes.

439 1641 558 1687 Nihil
574 1639 707 1697 igitur
737 1636 791 1680 de
811 1636 900 1694 ejus
923 1629 1220 1676 munificentia
1241 1626 1516 1684 desperemus
1543 1641 1551 1666 ε
1577 1621 1677 1681 quia
1696 1619 1729 1664 si
1753 1631 1830 1676 pro

442 1712 568 1756 nobis
604 1717 802 1752 mortuus
835 1714 898 1748 est
923 1738 933 1758 ,
960 1717 1060 1746 cum
1096 1699 1239 1743 adhuc
1277 1710 1465 1740 essemus
1497 1700 1744 1752 peccatores
1767 1691 1778 1712 ¹
1818 1707 1830 1745 3

444 1780 584 1826 multo
607 1778 739 1835 magis
759 1772 982 1835 justificati
1002 1785 1120 1814 nunc
1149 1769 1190 1812 in
1210 1765 1420 1825 sanguine
1446 1763 1578 1823 ipsius
1595 1796 1605 1815 ,
1624 1759 1728 1805 salvi
1751 1757 1834 1801 eri-

446 1865 542 1896 mus
565 1865 640 1910 per
655 1862 756 1892 eum
779 1846 834 1890 ab
855 1845 932 1888 ira.
957 1861 976 1884 »

507 1925 800 1966 Aue-[sums.
835 1913 979 1960 Nolite
1007 1925 1109 1969 ergo
1133 1909 1317 1953 eximere
1344 1902 1546 1965 parvulos
1569 1901 1624 1945 de
1656 1912 1838 1944 numero

449 2001 728 2055 peccatorum
755 2007 764 2033 ε
789 1986 890 2047 quia
919 1994 962 2029 et
982 1998 1061 2043 pro
1084 1979 1183 2041 ipsis
1206 1987 1426 2023 mortuum
1459 1972 1655 2019 fatemini
1691 1969 1838 2016 Chris-
1864 2010 1868 2016 .

451 2074 561 2110 tum.
1865 2085 1868 2097 ‚

513 2134 732 2180 CLXXII.
765 2132 787 2173 J
797 2144 946 2172 nmAm
959 2145 991 2169 s.
1032 2142 1052 2164 «
1086 2125 1143 2167 Et
1160 2129 1257 2180 post
1279 2115 1690 2167 reconciliationem,
1707 2123 1838 2170 quam
1865 2102 1868 2112 '

454 2220 554 2249 cum
577 2207 667 2248 Deo
688 2200 850 2246 habere
870 2193 1210 2256 promeruimus,
1232 2205 1306 2250 per
1328 2202 1503 2247 operam
1527 2183 1727 2228 videlicet
1743 2183 1840 2225 Me·
1866 2220 1870 2227 ,

455 2275 632 2320 diatoris
653 2271 891 2330 ,debemus
914 2265 1134 2326 percipere
1156 2261 1300 2305 animo
1323 2257 1580 2317 sempiterna
1603 2253 1756 2312 gaudia
1773 2258 1845 2306 ,et
1865 2235 1870 2255 ‹,

458 2361 547 2391 non
570 2342 710 2388 solum
733 2338 916 2384 salutem
939 2348 1125 2395 sperare,
1152 2330 1225 2376 sed
1248 2330 1374 2374 etiam
1394 2327 1587 2386 gloriam.
1612 2341 1632 2364 »
1867 2330 1870 2338 ·

518 2419 808 2460 Arersrmus.
836 2412 960 2467 Rogo
994 2415 1036 2449 te
1057 2439 1067 2458 ‚
1094 2400 1269 2447 attende
1296 2400 1416 2459 quod
1443 2395 1548 2441 dicit
1584 2391 1838 2453 Apostolus,

459 2496 637 2548 propter
660 2483 779 2544 quod
799 2481 962 2525 factum
985 2486 1046 2521 est
1065 2484 1114 2519 ut
1135 2474 1189 2517 de
1207 2473 1345 2532 primo
1364 2469 1541 2514 homine
1558 2469 1807 2525 loqueretur
1829 2480 1839 2506 ι
1867 2497 1871 2513 ,

461 2558 515 2602 de
538 2552 885 2600 reconciliatione
904 2548 1084 2607 agebat,
1115 2557 1244 2602 quam
1278 2550 1325 2585 tu
1348 2552 1525 2600 quoque
1548 2550 1622 2596 per
1643 2531 1848 2580 mediato-

517 2649 525 2664 1
547 2643 640 2673 Rom.
665 2651 698 2680 v,
722 2638 741 2671 8
760 2642 791 2670 et
808 2650 840 2680 9.
