1821 3264
245 249 390 279 ormus
421 249 598 278 numme.
632 248 796 280 comm
829 252 997 283 snum.
1033 256 1116 284 LIB.
1152 259 1200 285 11.
1333 249 1416 288 337

2 328 4 337 ’
38 313 221 360 centiam
251 315 390 360 carnis
421 330 446 359 a
477 315 670 375 principe
694 317 973 364 tenebrarum
1007 320 1052 364 in
1081 322 1256 368 homine
1285 325 1416 371 fuisse

2 423 3 429 ,
37 385 290 446 plantatam,
303 402 490 448 eamque
510 403 600 432 csse
621 387 784 432 diaboli
806 389 1024 447 fruticem,
1043 407 1093 436 ex
1115 408 1159 437 se
1175 394 1419 440 humanum

2 514 3 518 Ἰ
39 471 171 516 genus
195 457 318 515 quasi
339 473 466 517 poma
482 459 652 517 propria
675 459 966 517 proferentem
985 482 995 519 3
1021 463 1217 508 absolute
1238 465 1418 524 quidem

2 532 4 534 ’
37 527 228 586 proderis
246 562 256 582 ,
274 528 392 587 quod
407 544 493 573 non
522 532 677 583 Deum,
704 530 777 573 sed
796 531 1020 576 diabolum
1053 532 1169 577 dicas
1191 535 1420 580 hominum

37 596 304 642 conditorem
333 617 341 642 :
375 615 464 659 quo
493 599 696 657 dogmate
725 600 978 660 impiissimo
1000 637 1011 658 ,
1043 612 1086 647 et
1120 606 1421 665 conjugiorum

1 682 4 712 2
36 667 258 726 negotium
280 704 290 723 ,
316 669 362 713 id
391 679 453 715 est
471 705 481 725 ,
509 669 763 729 genitalium
800 673 1007 718 admixtio
1024 709 1034 728 ‚
1072 683 1114 719 et
1136 690 1236 719 caro
1265 685 1423 720 cuncta

2 745 4 755 ’
36 736 285 782 damnatur.
322 756 342 779 »

92 809 383 854 Accus‘rmts.
418 811 515 855 Non
537 809 767 854 damnatur
794 829 803 855 z
837 812 911 856 sed
934 828 1021 857 non
1052 829 1073 857 a
1098 823 1141 858 te
1163 815 1286 875 quasi
1318 831 1421 860 sana

0 911 2 942 3
33 876 250 934 laudetur,
272 888 322 924 ut
341 880 469 924 etiam
493 890 534 925 te
557 881 816 937 confitente,
839 898 860 926 a
890 899 968 927 suo
990 886 1228 930 Conditore
1256 902 1306 931 ac
1333 887 1422 932 Sal-

0 964 4 992 1,
34 956 180 993 vatore
216 958 405 994 sanetur.
446 953 555 996 Nam
596 951 680 996 hoc
714 952 757 995 in
793 953 954 1012 quibus
988 970 1076 998 non
1105 955 1182 1010 fit,
1216 956 1307 1000 sine
1332 956 1422 1000 ulla

0 1016 5 1076 3
34 1016 307 1064 dubitatione
331 1019 624 1065 damnabitur.

93 1092 562 1137 XXX111.J1L1ms.
599 1111 619 1134 «
654 1094 765 1137 Cum
791 1108 895 1138 vero
927 1096 1134 1154 posthoc
1152 1097 1423 1155 sacrilegium

0 1188 1 1192 =
34 1161 261 1220 adjungis,
284 1172 327 1207 et
348 1162 485 1218 dicis,
521 1164 713 1223 profiteri
749 1174 792 1208 te
828 1165 1087 1211 diabolicam
1125 1167 1304 1227 quidem
1338 1183 1428 1212 esse

0 1218 4 1277 3
35 1232 302 1290 gignentium
326 1236 564 1294 conjugum
583 1235 870 1295 voluptatem,
887 1238 1148 1283 diabolicam
1168 1238 1423 1298 genitalium

0 1322 4 1366 3
34 1304 373 1350 commotionem
392 1327 404 1364 3
425 1304 500 1350 sed
512 1316 658 1351 tamen
675 1316 718 1351 et
735 1308 826 1366 ipsa
842 1309 1036 1354 membra
1054 1326 1153 1369 quae
1171 1318 1421 1364 moventur,

0 1371 5 1439 3
35 1382 78 1419 et
111 1375 314 1435 conjuges
351 1377 427 1435 qui
462 1376 688 1436 voluptate
719 1378 970 1422 afficiuntur
990 1414 1000 1433 ,
1044 1394 1137 1424 reos
1171 1395 1261 1423 non
1296 1395 1385 1423 esse
1412 1399 1422 1436 3

1 1454 4 1480 ἰ
35 1459 186 1489 verum
218 1461 298 1504 pro
318 1446 386 1490 his
408 1447 609 1491 omnibus
626 1463 760 1492 novos
779 1448 992 1502 homines,
1018 1449 1064 1492 id
1085 1458 1164 1503 est,
1182 1449 1291 1493 rude
1316 1464 1425 1508 opus

34 1514 79 1559 in
107 1517 384 1561 nascentibus
423 1517 600 1562 Deitatis
631 1533 803 1563 accusas
832 1537 839 1563 :
866 1519 973 1562 nihil
1005 1518 1182 1596 quidem
1205 1519 1259 1563 de
1281 1520 1424 1564 Mani-

2 1585 4 1668 3
35 1586 256 1630 chaeorum
285 1587 509 1646 impietate
543 1588 760 1648 deponis·
794 1588 868 1632 sed
909 1597 996 1632 tam
1039 1589 1271 1633 immanem
1317 1589 1424 1633 moti

2 1645 6 1714 3
34 1656 181 1716 capitis
209 1657 398 1701 ostendis
430 1658 660 1713 furorem,
686 1667 736 1702 ut
772 1660 1109 1719 consequentius
1144 1658 1419 1713 fovendum,

1 1725 5 1788 3
36 1742 165 1787 quam
192 1727 510 1787 amputandum
527 1729 844 1788 judicarentur,
865 1745 944 1772 nisi
957 1729 1227 1773 voluntatem
1252 1746 1300 1773 ac
1329 1739 1422 1773 stu-

1 1795 5 1853 3
37 1796 157 1842 dium
186 1798 230 1842 in
256 1799 337 1844 hac
358 1815 404 1843 re
426 1809 568 1854 tuum,
595 1809 637 1844 et
653 1800 890 1844 multorum
916 1800 1079 1844 eversio
1095 1835 1105 1855 ,
1131 1809 1173 1844 et
1190 1809 1262 1843 tua
1287 1800 1423 1844 obsti-

1 1860 5 1928 3
38 1869 172 1923 natio,
196 1878 239 1913 et
262 1870 582 1929 Scripturarum
605 1869 907 1929 multiplicatio
927 1869 1194 1930 loqueretur.
1235 1890 1252 1910 »

2 1929 5 1948 ²
96 1942 386 1985 Aneusmm.
425 1943 510 1984 Has
534 1939 819 1984 contumelias
843 1956 930 1984 non
962 1940 1240 1999 indignanter
1273 1939 1423 1984 audire

2 2007 6 2064 3
39 2008 201 2065 debeo,
227 2025 325 2055 cum
350 2010 416 2054 his
434 2010 639 2055 Ecclesiae
658 2009 911 2054 doctoribus
929 2011 1004 2070 qui
1025 2026 1101 2069 per
1123 2025 1262 2053 unum
1278 2010 1424 2053 homi-

3 2067 6 2146 3
39 2095 139 2124 nem
154 2081 202 2125 in
228 2080 444 2140 mundum
461 2081 659 2126 introisse
679 2089 906 2140 peccatum
924 2083 937 2106 ¹
957 2116 966 2132 ‚
992 2081 1051 2124 sic
1073 2080 1349 2158 intelligunt,
1374 2089 1425 2124 ut

3 2153 7 2219 3
40 2161 183 2197 rectus
200 2152 433 2212 Apostolus
450 2152 673 2212 loquitur,
692 2167 781 2196 non
799 2160 848 2195 ut
867 2150 1065 2195 Julianus
1084 2151 1425 2210 perversissimus

3 2236 7 2300 3
40 2222 258 2283 opinatur.
286 2226 337 2267 In
361 2224 427 2267 his
450 2232 577 2276 sunt,
604 2232 653 2266 ut
682 2222 785 2266 alios
809 2231 998 2275 taceam,
1028 2221 1131 2265 Afer
1157 2222 1422 2280 Cyprianus,

3 2279 7 2363 3
42 2293 190 2339 Gallus
218 2293 428 2349 Hilarius,
456 2294 590 2338 Italus
618 2294 891 2347 Ambrosius,
917 2294 1091 2337 Graecus
1115 2293 1375 2351 Gregorius:
1403 2308 1425 2335 a

4 2363 201 2426 quibus
226 2364 526 2409 eruditissimis
548 2363 983 2423 prudentissimisque
1009 2362 1251 2422 judicibus,
1278 2362 1426 2421 quales

4 2438 7 2481 ἱ
42 2443 84 2479 te
106 2450 195 2479 non
216 2435 410 2478 invenire
431 2450 542 2479 vana
564 2434 904 2493 piaesumptione
929 2433 1229 2492 conquereris,
1254 2432 1427 2476 haeiesis

4 2498 8 2596 3
44 2515 182 2552 vestra
203 2505 323 2566 prius
343 2515 406 2551 est
426 2506 631 2551 damnata
653 2519 784 2565 quam
809 2514 924 2550 nata.

92 2593 218 2623 ¹R0m.
240 2601 274 2629 v,
299 2598 351 2623 12

181 2654 331 2685 cxuu.
1197 2640 1246 2677 22
