1821 3264
243 300 389 327 omnus
421 300 598 327 IMPERF.
633 300 797 327 CONTRA
831 297 1003 328 irunt.
1041 300 1124 327 nn.
1160 300 1208 326 11.
1345 286 1425 326 357

0 373 1 377 ’
40 387 62 411 »
86 382 233 414 semen
255 367 353 412 estis
375 386 384 412 z
406 385 426 408 »
447 382 548 411 cum
571 365 626 410 de
642 365 719 410 illo
736 364 902 411 dictum
920 366 973 410 sit
991 365 1228 420 Abraham,
1253 367 1346 409 «Et
1366 380 1429 411 se-

0 469 2 481 ,
40 457 62 481 »
82 438 187 482 mini
210 446 304 492 tuo,
328 437 450 497 quod
471 446 534 482 est
551 436 789 482 Christus².
817 455 836 477 »

39 510 49 517 ‘
96 510 189 553 LX.
217 510 444 552 Jrumrs.
471 527 490 549 «
516 511 578 552 Ac
606 522 680 566 per
708 508 791 551 hoc
820 506 930 550 nihil
951 506 1030 550 sibi
1058 505 1126 550 vel
1147 504 1202 549 de
1219 504 1431 565 jucundi-

0 560 1 564 *
39 588 127 625 tate
149 579 240 638 ejus
256 613 266 633 ,
290 578 361 622 vel
386 578 441 622 de
469 576 732 621 verecundia
761 586 904 637 potest
928 575 1128 620 diabolus
1149 575 1384 620 vindicare.
1407 594 1428 617 »

101 654 394 694 Aoevsrmws.
422 647 539 702 Quid
567 659 631 693 est
661 648 782 708 quod
815 648 948 703 dicis,
981 649 1074 692 «de
1091 647 1387 692 verecundia?
1413 668 1430 689 »

1 711 5 781 J
40 725 107 767 An
129 721 434 764 confusionem
454 719 680 763 nominare
698 717 1009 763 confunderis?
1024 721 1079 762 Et
1097 727 1243 762 tamen
1263 717 1433 776 puden-

1 792 3 794 ’
40 792 142 836 dam
168 791 418 846 libidinem,
452 799 633 834 et·ante
651 798 877 849 peceatum
909 788 1038 834 fuisse
1073 788 1178 833 dieis
1211 789 1256 831 in
1287 788 1345 832 eis
1381 787 1436 832 de

2 856 5 872 ²
43 863 202 923 quibus
221 863 326 906 dicit
348 863 594 921 Scriptura,
630 880 649 903 «
675 861 789 906 Nudi
813 870 963 916 erant,
995 870 1037 905 et
1072 876 1160 905 non
1187 858 1436 905 confunde-

46 951 65 975 »
93 933 295 977 bantur‘2.
319 951 338 973 »

103 1006 218 1049 LXI.
247 1007 270 1049 J
278 1020 476 1048 numus.
503 1005 819 1047 Verumtamen
835 1001 906 1046 hic
925 1001 1159 1061 Apostolus
1181 1001 1213 1044 si
1231 1000 1338 1060 quid
1355 1000 1441 1044 tale

42 1075 260 1130 sensisset,
305 1090 379 1134 per
402 1089 534 1117 unam
569 1088 774 1128 carnem,
806 1088 896 1117 non
933 1088 1010 1132 per
1048 1086 1187 1115 unum
1218 1071 1442 1114 hominem

44 1155 272 1206 peccatum
302 1146 483 1189 intrasse
504 1144 695 1188 dixisset.
731 1146 813 1187 Per
836 1143 1162 1202 generationem
1190 1156 1294 1185 vero
1317 1140 1443 1184 subs-

47 1216 181 1261 tantia
215 1217 354 1261 carnis
384 1215 523 1260 soboli
554 1214 643 1259 sola
678 1215 907 1273 participat
932 1234 939 1259 ι
966 1215 1067 1274 quia
1096 1228 1186 1257 non
1221 1212 1366 1256 anima
1387 1210 1442 1255 de

0 1304 1 1309 ¹
48 1290 205 1343 anima,
225 1288 300 1332 sed
318 1303 417 1332 caro
442 1287 496 1331 (le
516 1303 645 1332 carne
671 1287 858 1331 trahitur
881 1306 888 1331 :
919 1287 964 1330 in
989 1286 1166 1331 nomine
1192 1293 1337 1329 autem
1360 1284 1443 1328 ho·-

46 1360 197 1413 minis,
223 1368 266 1402 et
287 1358 456 1402 animus
480 1359 653 1417 proprie
680 1356 897 1400 indicatur
919 1367 961 1401 et
987 1372 1144 1415 corpus
1167 1375 1175 1400 ε
1197 1371 1246 1399 ae
1265 1370 1340 1414 per
1361 1355 1446 1398 hoe

0 1460 7 1500 ³1
48 1430 283 1489 Apostolus
303 1445 440 1472 unum
457 1429 683 1473 hominem
707 1427 992 1482 nominando,
1018 1443 1098 1471 nec
1120 1426 1343 1484 negotium
1360 1425 1446 1468 soe-

48 1501 282 1546 cuuditatis
304 1499 509 1553 ostendit,
536 1500 581 1542 in
605 1514 689 1557 qvo
708 1498 816 1541 nihil
844 1507 1002 1557 praeter
1026 1497 1316 1541 substantiam
1347 1511 1444 1539 ear-

47 1573 112 1616 nis
131 1572 342 1631 impertiri
366 1580 573 1628 noverat3
594 1585 673 1614 nee
697 1569 807 1613 duos
822 1568 1007 1628 intelligi
1031 1568 1183 1622 voluit,
1211 1567 1286 1627 qui
1310 1581 1448 1609 unum

49 1643 301 1698 inculcavit,
318 1652 368 1687 ut
381 1642 810 1687 doceretimitatione
826 1641 1040 1696 transisse,
1061 1655 1151 1685 non
1171 1639 1450 1698 generatione

47 1723 292 1774 peceatum.
319 1733 339 1755 »
802 1758 806 1765 r

109 1790 406 1831 Auensaemus.
433 1785 551 1838 Quid
581 1794 645 1828 est
667 1799 792 1842 ergo,
823 1802 842 1824 «
875 1785 972 1827 ,Iam
995 1797 1085 1827 non
1113 1790 1214 1825 sunt
1235 1782 1346 1834 duo,
1372 1779 1447 1823 sed

51 1873 186 1902 »una
223 1859 381 1914 caro³3
416 1875 436 1898 »
469 1856 578 1910 nisi,
616 1871 705 1900 non
744 1863 845 1898 sunt
884 1853 973 1897 duo
1010 1852 1234 1906 homines,
1268 1859 1448 1910 propter

0 1935 3 1988 ζ
48 1944 182 1974 unam
204 1930 404 1973 carnem?
426 1930 537 1973 Cum
554 1935 596 1971 et
613 1928 701 1986 ipsa
724 1941 823 1970 caro
839 1934 983 1985 posset
1000 1923 1085 1968 dici
1102 1924 1251 1977 homo,
1278 1937 1301 1966 a
1320 1930 1444 1982 parte

0 2000 5 2010 ”
48 2009 191 2046 totum
213 2019 221 2045 :
244 2001 382 2055 sicut,
413 1998 647 2042 «Verbum
677 2013 777 2042 earo
803 1996 966 2041 factum
1002 2004 1063 2040 est
1080 1997 1120 2053 43
1147 2015 1164 2036 »
1191 1994 1293 2054 quia
1314 1994 1448 2037 homo

49 2070 190 2116 faetus
207 2079 271 2115 est
288 2106 298 2125 ‚
328 2069 383 2114 de
399 2085 488 2130 quo
509 2069 675 2113 dictum
690 2077 766 2112 est.
794 2066 1028 2127 Apostolus
1050 2065 1179 2110 etiam
1209 2062 1329 2124 quod
1352 2063 1411 2106 ait
1429 2098 1441 2117 ,

53 2161 72 2184 «
99 2142 450 2186 Exteriorhomo
473 2140 797 2198 corrumpitur⁵
820 2158 828 2184 ;
855 2158 874 2180 »
900 2147 1010 2198 puto
1033 2135 1153 2197 quod
1183 2149 1358 2179 carnem
1381 2134 1448 2177 in-

49 2212 186 2271 telligi
212 2212 367 2257 voluit.
397 2215 576 2270 Propter
595 2209 715 2269 quod
734 2218 849 2253 recte
871 2209 1115 2269 loquimur,
1136 2221 1236 2250 cum
1259 2204 1444 2249 dicimus

49 2284 235 2329 hominis
266 2283 513 2343 sepulerum
543 2302 551 2327 ε
580 2282 780 2341 quamvis
814 2296 914 2324 caro
942 2280 1004 2323 ibi
1043 2278 1131 2323 sola
1167 2276 1335 2337 sepulta
1372 2276 1440 2320 sit.

51 2357 139 2401 Nec
161 2354 317 2398 erravit
352 2369 451 2413 quae
480 2352 608 2407 dixit,
646 2370 664 2393 «
701 2351 916 2395 Tulerunt
950 2351 1184 2394 Dominum
1223 2362 1366 2390 meum
1389 2345 1445 2389 de

56 2444 76 2468 »
103 2427 440 2470 monumentoss:
467 2443 485 2465 »
508 2423 704 2483 quamvis
727 2422 817 2468 sola
833 2437 933 2467 earo
954 2422 1012 2465 ibi
1033 2421 1168 2480 posita
1185 2419 1332 2462 fuerit.
1358 2419 1446 2460 Ma-

103 2541 113 2556 ¹
134 2533 202 2567 Gal.
221 2544 266 2574 in,
286 2542 329 2575 29
347 2537 380 2565 et
400 2533 503 2565 16.-
521 2538 533 2553 ²
553 2534 631 2563 Gen.
649 2544 687 2570 11,
709 2531 762 2564 25.
776 2549 817 2554 ——-
835 2530 847 2554 3
870 2530 986 2562 Matth.
1007 2540 1072 2561 xix.
1091 2527 1157 2558 -4
1173 2529 1265 2559 Joan.
1284 2538 1307 2566 1,
1329 2527 1382 2569 14.
1399 2544 1440 2549 -
1492 2546 1499 2550 -

58 2606 99 2613 -
116 2588 128 2612 5
152 2598 162 2618 ι
184 2590 257 2621 Cor.
277 2600 324 2629 iv,
352 2588 402 2621 16.
419 2606 460 2612 ——
476 2586 490 2610 ⁶
509 2590 599 2620 Joan.
621 2598 674 2624 xx,
702 2587 751 2618 13.
