<?xml version="1.0" encoding="UTF-8"?>
<!DOCTYPE html PUBLIC "-//W3C//DTD XHTML 1.0 Transitional//EN"
    "http://www.w3.org/TR/xhtml1/DTD/xhtml1-transitional.dtd">
<html xmlns="http://www.w3.org/1999/xhtml" xml:lang="en" lang="en">
 <head>
  <title>
</title>
<meta http-equiv="Content-Type" content="text/html;charset=utf-8" />
  <meta name='ocr-system' content='tesseract 3.04.00' />
  <meta name='ocr-capabilities' content='ocr_page ocr_carea ocr_par ocr_line ocrx_word'/>
</head>
<body>
  <div class='ocr_page' id='page_1' title='image "./operaomniaaccura36auguuoft/operaomniaaccura36auguuoft_0371.png"; bbox 0 0 1821 3264; ppageno 0'>
   <div class='ocr_carea' id='block_1_1' title="bbox 0 0 28 66">
    <p class='ocr_par' dir='ltr' id='par_1_1' title="bbox 0 0 28 66">
     <span class='ocr_line' id='line_1_1' title="bbox 0 0 28 66; baseline 0 0"><span class='ocrx_word' id='word_1_1' title='bbox 0 0 28 66; x_wconf 76' lang='lat' dir='ltr'>ll</span> 
     </span>
    </p>
   </div>
   <div class='ocr_carea' id='block_1_2' title="bbox 20 71 27 218">
    <p class='ocr_par' dir='ltr' id='par_1_2' title="bbox 20 71 27 218">
     <span class='ocr_line' id='line_1_2' title="bbox 22 71 27 141; baseline 0 0"><span class='ocrx_word' id='word_1_2' title='bbox 22 71 27 141; x_wconf 60' lang='lat' dir='ltr'>i</span> 
     </span>
     <span class='ocr_line' id='line_1_3' title="bbox 20 153 24 218; baseline 0 0"><span class='ocrx_word' id='word_1_3' title='bbox 20 153 24 218; x_wconf 78' lang='grc' dir='ltr'><strong><em>ἒ</em></strong></span> 
     </span>
    </p>
   </div>
   <div class='ocr_carea' id='block_1_3' title="bbox 18 256 22 322">
    <p class='ocr_par' dir='ltr' id='par_1_3' title="bbox 18 256 22 322">
     <span class='ocr_line' id='line_1_4' title="bbox 18 256 22 322; baseline 0 0"><span class='ocrx_word' id='word_1_4' title='bbox 18 256 22 322; x_wconf 68' lang='lat'>‚¹</span> 
     </span>
    </p>
   </div>
   <div class='ocr_carea' id='block_1_4' title="bbox 65 252 1446 390">
    <p class='ocr_par' dir='ltr' id='par_1_4' title="bbox 65 252 1446 390">
     <span class='ocr_line' id='line_1_5' title="bbox 280 252 1445 292; baseline -0.001 0"><span class='ocrx_word' id='word_1_5' title='bbox 280 262 425 292; x_wconf 64' lang='lat' dir='ltr'>opums</span> <span class='ocrx_word' id='word_1_6' title='bbox 456 263 633 291; x_wconf 62' lang='lat' dir='ltr'>mazar.</span> <span class='ocrx_word' id='word_1_7' title='bbox 668 263 831 291; x_wconf 72' lang='lat' dir='ltr'>CONTRA</span> <span class='ocrx_word' id='word_1_8' title='bbox 863 263 1032 292; x_wconf 62' lang='lat' dir='ltr'>suum.</span> <span class='ocrx_word' id='word_1_9' title='bbox 1069 265 1151 292; x_wconf 75' lang='lat' dir='ltr'>un.</span> <span class='ocrx_word' id='word_1_10' title='bbox 1188 266 1219 291; x_wconf 90' lang='lat'>1.</span> <span class='ocrx_word' id='word_1_11' title='bbox 1360 252 1445 292; x_wconf 82' lang='lat'>283</span> 
     </span>
     <span class='ocr_line' id='line_1_6' title="bbox 65 327 1446 390; baseline 0.001 -18"><span class='ocrx_word' id='word_1_12' title='bbox 65 347 86 372; x_wconf 63' lang='grc' dir='ltr'>»ι</span> <span class='ocrx_word' id='word_1_13' title='bbox 110 343 228 374; x_wconf 89' lang='lat' dir='ltr'>nunc</span> <span class='ocrx_word' id='word_1_14' title='bbox 264 330 576 390; x_wconf 82' lang='lat' dir='ltr'>erubescitis¹P</span> <span class='ocrx_word' id='word_1_15' title='bbox 602 346 622 370; x_wconf 92' lang='lat'>»</span> <span class='ocrx_word' id='word_1_16' title='bbox 661 327 744 373; x_wconf 91' lang='lat' dir='ltr'>Sed</span> <span class='ocrx_word' id='word_1_17' title='bbox 771 344 826 372; x_wconf 91' lang='lat' dir='ltr'>ne</span> <span class='ocrx_word' id='word_1_18' title='bbox 848 338 896 373; x_wconf 88' lang='lat' dir='ltr'>tu</span> <span class='ocrx_word' id='word_1_19' title='bbox 925 329 1157 373; x_wconf 78' lang='lat' dir='ltr'><strong>aestimares</strong></span> <span class='ocrx_word' id='word_1_20' title='bbox 1190 344 1334 375; x_wconf 88' lang='lat' dir='ltr'>servos</span> <span class='ocrx_word' id='word_1_21' title='bbox 1366 343 1446 374; x_wconf 90' lang='lat' dir='ltr'>nos</span> 
     </span>
    </p>
   </div>
   <div class='ocr_carea' id='block_1_5' title="bbox 0 399 1445 963">
    <p class='ocr_par' dir='ltr' id='par_1_5' title="bbox 0 399 1445 963">
     <span class='ocr_line' id='line_1_7' title="bbox 0 399 1445 462; baseline -0.001 -17"><span class='ocrx_word' id='word_1_22' title='bbox 0 424 3 440; x_wconf 71' lang='grc' dir='ltr'><em>ι</em></span> <span class='ocrx_word' id='word_1_23' title='bbox 61 410 238 462; x_wconf 90' lang='lat' dir='ltr'>peccato</span> <span class='ocrx_word' id='word_1_24' title='bbox 270 401 361 444; x_wconf 90' lang='lat' dir='ltr'>fieri</span> <span class='ocrx_word' id='word_1_25' title='bbox 383 416 460 461; x_wconf 88' lang='lat' dir='ltr'>per</span> <span class='ocrx_word' id='word_1_26' title='bbox 478 409 701 455; x_wconf 83' lang='lat' dir='ltr'>naturam,</span> <span class='ocrx_word' id='word_1_27' title='bbox 727 399 830 444; x_wconf 89' lang='lat' dir='ltr'>audi</span> <span class='ocrx_word' id='word_1_28' title='bbox 859 400 1001 460; x_wconf 91' lang='lat' dir='ltr'>ipsum</span> <span class='ocrx_word' id='word_1_29' title='bbox 1030 400 1289 460; x_wconf 85' lang='lat' dir='ltr'>Apostolum</span> <span class='ocrx_word' id='word_1_30' title='bbox 1312 402 1357 445; x_wconf 91' lang='lat' dir='ltr'>in</span> <span class='ocrx_word' id='word_1_31' title='bbox 1379 400 1445 445; x_wconf 91' lang='lat' dir='ltr'>iis-</span> 
     </span>
     <span class='ocr_line' id='line_1_8' title="bbox 0 471 1444 535; baseline 0.002 -22"><span class='ocrx_word' id='word_1_32' title='bbox 0 487 18 535; x_wconf 54' lang='grc' dir='ltr'>,Ι</span> <span class='ocrx_word' id='word_1_33' title='bbox 59 473 157 516; x_wconf 90' lang='lat' dir='ltr'>dem</span> <span class='ocrx_word' id='word_1_34' title='bbox 180 471 285 516; x_wconf 91' lang='lat' dir='ltr'>locis</span> <span class='ocrx_word' id='word_1_35' title='bbox 306 471 559 532; x_wconf 88' lang='lat' dir='ltr'>loquentem</span> <span class='ocrx_word' id='word_1_36' title='bbox 578 490 587 516; x_wconf 90' lang='lat'>:</span> <span class='ocrx_word' id='word_1_37' title='bbox 609 490 628 513; x_wconf 92' lang='lat'>«</span> <span class='ocrx_word' id='word_1_38' title='bbox 649 473 718 515; x_wconf 81' lang='lat' dir='ltr'>An</span> <span class='ocrx_word' id='word_1_39' title='bbox 736 472 923 526; x_wconf 84' lang='lat' dir='ltr'>nescitis,</span> <span class='ocrx_word' id='word_1_40' title='bbox 944 472 1150 531; x_wconf 85' lang='lat' dir='ltr'>quoniam</span> <span class='ocrx_word' id='word_1_41' title='bbox 1173 473 1244 517; x_wconf 90' lang='lat' dir='ltr'>cui</span> <span class='ocrx_word' id='word_1_42' title='bbox 1265 472 1444 516; x_wconf 85' lang='lat' dir='ltr'>exhibe-</span> 
     </span>
     <span class='ocr_line' id='line_1_9' title="bbox 0 538 1444 603; baseline 0.001 -17"><span class='ocrx_word' id='word_1_43' title='bbox 0 538 16 594; x_wconf 71' lang='grc' dir='ltr'>»ἓ</span> <span class='ocrx_word' id='word_1_44' title='bbox 60 562 82 586; x_wconf 71' lang='lat' dir='ltr'>n</span> <span class='ocrx_word' id='word_1_45' title='bbox 105 544 158 587; x_wconf 88' lang='lat' dir='ltr'>tis</span> <span class='ocrx_word' id='word_1_46' title='bbox 179 544 462 603; x_wconf 88' lang='lat' dir='ltr'>vosmetipsos</span> <span class='ocrx_word' id='word_1_47' title='bbox 483 558 626 587; x_wconf 86' lang='lat' dir='ltr'>servos</span> <span class='ocrx_word' id='word_1_48' title='bbox 654 541 706 586; x_wconf 89' lang='lat' dir='ltr'>ad</span> <span class='ocrx_word' id='word_1_49' title='bbox 735 542 1052 597; x_wconf 91' lang='lat' dir='ltr'>obediendum,</span> <span class='ocrx_word' id='word_1_50' title='bbox 1086 544 1195 588; x_wconf 88' lang='lat' dir='ltr'>servi</span> <span class='ocrx_word' id='word_1_51' title='bbox 1223 544 1322 587; x_wconf 88' lang='lat' dir='ltr'>estis</span> <span class='ocrx_word' id='word_1_52' title='bbox 1351 545 1444 603; x_wconf 86' lang='lat' dir='ltr'>ejus</span> 
     </span>
     <span class='ocr_line' id='line_1_10' title="bbox 0 603 1438 674; baseline 0.001 -18"><span class='ocrx_word' id='word_1_53' title='bbox 0 603 15 673; x_wconf 65' lang='grc' dir='ltr'>ξ</span> <span class='ocrx_word' id='word_1_54' title='bbox 59 632 79 657; x_wconf 87' lang='lat'>»</span> <span class='ocrx_word' id='word_1_55' title='bbox 104 614 175 659; x_wconf 87' lang='lat' dir='ltr'>cui</span> <span class='ocrx_word' id='word_1_56' title='bbox 193 615 400 669; x_wconf 81' lang='lat' dir='ltr'>obeditis,</span> <span class='ocrx_word' id='word_1_57' title='bbox 421 616 508 659; x_wconf 88' lang='lat' dir='ltr'>sive</span> <span class='ocrx_word' id='word_1_58' title='bbox 529 614 715 673; x_wconf 85' lang='lat' dir='ltr'>peccati,</span> <span class='ocrx_word' id='word_1_59' title='bbox 742 614 831 659; x_wconf 90' lang='lat' dir='ltr'>sive</span> <span class='ocrx_word' id='word_1_60' title='bbox 853 614 1144 659; x_wconf 83' lang='lat' dir='ltr'>obauditionis</span> <span class='ocrx_word' id='word_1_61' title='bbox 1163 614 1394 674; x_wconf 79' lang='lat' dir='ltr'>justitiae2?</span> <span class='ocrx_word' id='word_1_62' title='bbox 1417 632 1438 656; x_wconf 67' lang='grc' dir='ltr'><strong>η</strong></span> 
     </span>
     <span class='ocr_line' id='line_1_11' title="bbox 0 684 1442 750; baseline -0.001 -20"><span class='ocrx_word' id='word_1_63' title='bbox 0 684 15 750; x_wconf 60' lang='lat' dir='ltr'>f</span> <span class='ocrx_word' id='word_1_64' title='bbox 55 686 362 744; x_wconf 84' lang='lat' dir='ltr'>Vosmetipsos,</span> <span class='ocrx_word' id='word_1_65' title='bbox 389 685 546 746; x_wconf 89' lang='lat' dir='ltr'>inquit,</span> <span class='ocrx_word' id='word_1_66' title='bbox 568 684 817 729; x_wconf 84' lang='lat' dir='ltr'>exhibuistis</span> <span class='ocrx_word' id='word_1_67' title='bbox 840 694 1019 744; x_wconf 87' lang='lat' dir='ltr'>peccato</span> <span class='ocrx_word' id='word_1_68' title='bbox 1042 700 1212 740; x_wconf 85' lang='lat' dir='ltr'>servos,</span> <span class='ocrx_word' id='word_1_69' title='bbox 1240 694 1288 729; x_wconf 87' lang='lat' dir='ltr'>ut</span> <span class='ocrx_word' id='word_1_70' title='bbox 1317 684 1442 728; x_wconf 89' lang='lat' dir='ltr'>intel-</span> 
     </span>
     <span class='ocr_line' id='line_1_12' title="bbox 6 753 1438 816; baseline 0 -17"><span class='ocrx_word' id='word_1_71' title='bbox 6 753 11 809; x_wconf 70' lang='lat' dir='ltr'>l</span> <span class='ocrx_word' id='word_1_72' title='bbox 53 756 206 814; x_wconf 86' lang='lat' dir='ltr'>ligeres</span> <span class='ocrx_word' id='word_1_73' title='bbox 227 772 324 800; x_wconf 90' lang='lat' dir='ltr'>eum</span> <span class='ocrx_word' id='word_1_74' title='bbox 349 756 586 811; x_wconf 85' lang='lat' dir='ltr'>voluntati,</span> <span class='ocrx_word' id='word_1_75' title='bbox 617 771 706 800; x_wconf 92' lang='lat' dir='ltr'>non</span> <span class='ocrx_word' id='word_1_76' title='bbox 732 756 947 801; x_wconf 83' lang='lat' dir='ltr'>nativitati</span> <span class='ocrx_word' id='word_1_77' title='bbox 970 757 1186 816; x_wconf 88' lang='lat' dir='ltr'>imputare</span> <span class='ocrx_word' id='word_1_78' title='bbox 1210 764 1438 815; x_wconf 89' lang='lat' dir='ltr'>peccatum</span> 
     </span>
     <span class='ocr_line' id='line_1_13' title="bbox 5 815 1440 888; baseline 0 -17"><span class='ocrx_word' id='word_1_79' title='bbox 5 815 10 884; x_wconf 65' lang='lat' dir='ltr'>l</span> <span class='ocrx_word' id='word_1_80' title='bbox 53 826 121 871; x_wconf 88' lang='lat' dir='ltr'>Ob</span> <span class='ocrx_word' id='word_1_81' title='bbox 150 828 232 872; x_wconf 87' lang='lat' dir='ltr'>hoc</span> <span class='ocrx_word' id='word_1_82' title='bbox 251 843 354 886; x_wconf 84' lang='lat' dir='ltr'>ergo</span> <span class='ocrx_word' id='word_1_83' title='bbox 375 828 515 873; x_wconf 90' lang='lat' dir='ltr'>solum</span> <span class='ocrx_word' id='word_1_84' title='bbox 533 843 606 872; x_wconf 92' lang='lat' dir='ltr'>eos</span> <span class='ocrx_word' id='word_1_85' title='bbox 637 827 746 872; x_wconf 81' lang='lat' dir='ltr'>dixit</span> <span class='ocrx_word' id='word_1_86' title='bbox 765 827 925 872; x_wconf 87' lang='lat' dir='ltr'>liberos</span> <span class='ocrx_word' id='word_1_87' title='bbox 947 827 1079 872; x_wconf 91' lang='lat' dir='ltr'>fuisse</span> <span class='ocrx_word' id='word_1_88' title='bbox 1104 827 1308 888; x_wconf 85' lang='lat' dir='ltr'>justitiae,</span> <span class='ocrx_word' id='word_1_89' title='bbox 1339 827 1440 888; x_wconf 88' lang='lat' dir='ltr'>quia</span> 
     </span>
     <span class='ocr_line' id='line_1_14' title="bbox 4 891 903 963; baseline 0.002 -21"><span class='ocrx_word' id='word_1_90' title='bbox 4 891 9 963; x_wconf 67' lang='grc' dir='ltr'>ξ</span> <span class='ocrx_word' id='word_1_91' title='bbox 52 897 363 944; x_wconf 84' lang='lat' dir='ltr'>detrectassent</span> <span class='ocrx_word' id='word_1_92' title='bbox 377 901 467 960; x_wconf 89' lang='lat' dir='ltr'>ejus</span> <span class='ocrx_word' id='word_1_93' title='bbox 481 909 698 960; x_wconf 83' lang='lat' dir='ltr'>praecepta</span> <span class='ocrx_word' id='word_1_94' title='bbox 720 915 903 944; x_wconf 87' lang='lat' dir='ltr'>servare.</span> 
     </span>
    </p>
   </div>
   <div class='ocr_carea' id='block_1_6' title="bbox 109 968 1439 1016">
    <p class='ocr_par' dir='ltr' id='par_1_6' title="bbox 109 968 1439 1016">
     <span class='ocr_line' id='line_1_15' title="bbox 109 968 1439 1016; baseline -0.001 -3"><span class='ocrx_word' id='word_1_95' title='bbox 109 973 400 1016; x_wconf 57' lang='lat' dir='ltr'>Amnestum-s.</span> <span class='ocrx_word' id='word_1_96' title='bbox 425 972 467 1016; x_wconf 89' lang='lat' dir='ltr'>Si</span> <span class='ocrx_word' id='word_1_97' title='bbox 485 971 543 1015; x_wconf 90' lang='lat' dir='ltr'>ob</span> <span class='ocrx_word' id='word_1_98' title='bbox 562 971 646 1015; x_wconf 89' lang='lat' dir='ltr'>hoc</span> <span class='ocrx_word' id='word_1_99' title='bbox 674 969 816 1015; x_wconf 89' lang='lat' dir='ltr'>solum</span> <span class='ocrx_word' id='word_1_100' title='bbox 838 970 942 1015; x_wconf 91' lang='lat' dir='ltr'>dicti</span> <span class='ocrx_word' id='word_1_101' title='bbox 966 978 1070 1014; x_wconf 85' lang='lat' dir='ltr'>sunt</span> <span class='ocrx_word' id='word_1_102' title='bbox 1091 969 1290 1014; x_wconf 89' lang='lat' dir='ltr'>homines</span> <span class='ocrx_word' id='word_1_103' title='bbox 1312 968 1439 1013; x_wconf 89' lang='lat' dir='ltr'>liberi</span> 
     </span>
    </p>
   </div>
   <div class='ocr_carea' id='block_1_7' title="bbox 0 1025 1438 1245">
    <p class='ocr_par' dir='ltr' id='par_1_7' title="bbox 0 1025 1438 1245">
     <span class='ocr_line' id='line_1_16' title="bbox 1 1025 1436 1108; baseline -0.001 -22"><span class='ocrx_word' id='word_1_104' title='bbox 1 1025 7 1108; x_wconf 60' lang='lat' dir='ltr'>l</span> <span class='ocrx_word' id='word_1_105' title='bbox 46 1040 178 1086; x_wconf 86' lang='lat' dir='ltr'>fuisse</span> <span class='ocrx_word' id='word_1_106' title='bbox 189 1042 389 1102; x_wconf 68' lang='lat' dir='ltr'>justitiae,</span> <span class='ocrx_word' id='word_1_107' title='bbox 401 1042 521 1103; x_wconf 90' lang='lat' dir='ltr'>quod</span> <span class='ocrx_word' id='word_1_108' title='bbox 545 1042 856 1087; x_wconf 82' lang='lat' dir='ltr'>detrectassent</span> <span class='ocrx_word' id='word_1_109' title='bbox 878 1043 969 1103; x_wconf 88' lang='lat' dir='ltr'>ejus</span> <span class='ocrx_word' id='word_1_110' title='bbox 992 1050 1210 1102; x_wconf 84' lang='lat' dir='ltr'>praecepta</span> <span class='ocrx_word' id='word_1_111' title='bbox 1239 1055 1408 1085; x_wconf 89' lang='lat' dir='ltr'>servare</span> <span class='ocrx_word' id='word_1_112' title='bbox 1425 1075 1436 1096; x_wconf 89' lang='lat'><strong>,</strong></span> 
     </span>
     <span class='ocr_line' id='line_1_17' title="bbox 0 1109 1438 1174; baseline 0.001 -19"><span class='ocrx_word' id='word_1_113' title='bbox 0 1109 5 1156; x_wconf 77' lang='grc' dir='ltr'><em>ἕ</em></span> <span class='ocrx_word' id='word_1_114' title='bbox 46 1127 149 1171; x_wconf 86' lang='lat' dir='ltr'>ergo</span> <span class='ocrx_word' id='word_1_115' title='bbox 172 1123 405 1174; x_wconf 84' lang='lat' dir='ltr'>antequam</span> <span class='ocrx_word' id='word_1_116' title='bbox 423 1115 666 1173; x_wconf 84' lang='lat' dir='ltr'>acciperent</span> <span class='ocrx_word' id='word_1_117' title='bbox 691 1124 904 1173; x_wconf 81' lang='lat' dir='ltr'>praecepta</span> <span class='ocrx_word' id='word_1_118' title='bbox 920 1114 1122 1173; x_wconf 75' lang='lat' dir='ltr'>justitiae,</span> <span class='ocrx_word' id='word_1_119' title='bbox 1147 1128 1246 1173; x_wconf 85' lang='lat' dir='ltr'>quae</span> <span class='ocrx_word' id='word_1_120' title='bbox 1268 1112 1438 1156; x_wconf 88' lang='lat' dir='ltr'>detrec-</span> 
     </span>
     <span class='ocr_line' id='line_1_18' title="bbox 0 1162 1434 1245; baseline 0.001 -19"><span class='ocrx_word' id='word_1_121' title='bbox 0 1162 4 1240; x_wconf 58' lang='grc' dir='ltr'><strong>ι</strong></span> <span class='ocrx_word' id='word_1_122' title='bbox 46 1192 188 1227; x_wconf 86' lang='lat' dir='ltr'>tarent</span> <span class='ocrx_word' id='word_1_123' title='bbox 205 1199 389 1239; x_wconf 84' lang='lat' dir='ltr'>servare,</span> <span class='ocrx_word' id='word_1_124' title='bbox 416 1201 504 1229; x_wconf 93' lang='lat' dir='ltr'>non</span> <span class='ocrx_word' id='word_1_125' title='bbox 524 1194 646 1229; x_wconf 89' lang='lat' dir='ltr'>erant</span> <span class='ocrx_word' id='word_1_126' title='bbox 669 1185 790 1229; x_wconf 82' lang='lat' dir='ltr'>liberi</span> <span class='ocrx_word' id='word_1_127' title='bbox 805 1184 1002 1245; x_wconf 79' lang='lat' dir='ltr'>justitiae,</span> <span class='ocrx_word' id='word_1_128' title='bbox 1027 1184 1228 1244; x_wconf 89' lang='lat' dir='ltr'>servique</span> <span class='ocrx_word' id='word_1_129' title='bbox 1245 1183 1434 1242; x_wconf 79' lang='lat' dir='ltr'>peccati3</span> 
     </span>
    </p>
   </div>
   <div class='ocr_carea' id='block_1_8' title="bbox 0 1256 2 1350">
    <p class='ocr_par' dir='ltr' id='par_1_8' title="bbox 0 1256 2 1350">
     <span class='ocr_line' id='line_1_19' title="bbox 0 1256 2 1350; baseline 0 0"><span class='ocrx_word' id='word_1_130' title='bbox 0 1256 2 1350; x_wconf 61' lang='lat' dir='ltr'>l</span> 
     </span>
    </p>
   </div>
   <div class='ocr_carea' id='block_1_9' title="bbox 35 1255 1464 2601">
    <p class='ocr_par' dir='ltr' id='par_1_9' title="bbox 42 1255 1437 1660">
     <span class='ocr_line' id='line_1_20' title="bbox 45 1255 1437 1316; baseline 0.001 -18"><span class='ocrx_word' id='word_1_131' title='bbox 45 1255 140 1314; x_wconf 87' lang='lat' dir='ltr'>quis</span> <span class='ocrx_word' id='word_1_132' title='bbox 155 1256 237 1299; x_wconf 94' lang='lat' dir='ltr'>hoc</span> <span class='ocrx_word' id='word_1_133' title='bbox 257 1257 445 1301; x_wconf 76' lang='lat' dir='ltr'>dixerit?</span> <span class='ocrx_word' id='word_1_134' title='bbox 467 1258 535 1301; x_wconf 88' lang='lat' dir='ltr'>Ab</span> <span class='ocrx_word' id='word_1_135' title='bbox 554 1258 633 1301; x_wconf 87' lang='lat' dir='ltr'>hac</span> <span class='ocrx_word' id='word_1_136' title='bbox 658 1272 759 1316; x_wconf 83' lang='lat' dir='ltr'>ergo</span> <span class='ocrx_word' id='word_1_137' title='bbox 782 1257 1034 1301; x_wconf 82' lang='lat' dir='ltr'>necessitate</span> <span class='ocrx_word' id='word_1_138' title='bbox 1056 1256 1272 1301; x_wconf 86' lang='lat' dir='ltr'>servitutis</span> <span class='ocrx_word' id='word_1_139' title='bbox 1294 1255 1366 1299; x_wconf 90' lang='lat' dir='ltr'>ille</span> <span class='ocrx_word' id='word_1_140' title='bbox 1383 1255 1437 1300; x_wconf 86' lang='lat' dir='ltr'>li-</span> 
     </span>
     <span class='ocr_line' id='line_1_21' title="bbox 44 1325 1437 1388; baseline 0.001 -19"><span class='ocrx_word' id='word_1_141' title='bbox 44 1325 166 1370; x_wconf 85' lang='lat' dir='ltr'>berat</span> <span class='ocrx_word' id='word_1_142' title='bbox 185 1362 195 1381; x_wconf 84' lang='lat'>‚</span> <span class='ocrx_word' id='word_1_143' title='bbox 225 1328 301 1387; x_wconf 89' lang='lat' dir='ltr'>qui</span> <span class='ocrx_word' id='word_1_144' title='bbox 334 1344 422 1372; x_wconf 90' lang='lat' dir='ltr'>non</span> <span class='ocrx_word' id='word_1_145' title='bbox 453 1329 592 1373; x_wconf 81' lang='lat' dir='ltr'>solum</span> <span class='ocrx_word' id='word_1_146' title='bbox 630 1329 704 1373; x_wconf 89' lang='lat' dir='ltr'>dat</span> <span class='ocrx_word' id='word_1_147' title='bbox 730 1338 947 1388; x_wconf 86' lang='lat' dir='ltr'>praecepta</span> <span class='ocrx_word' id='word_1_148' title='bbox 969 1344 1047 1388; x_wconf 88' lang='lat' dir='ltr'>per</span> <span class='ocrx_word' id='word_1_149' title='bbox 1084 1327 1248 1387; x_wconf 81' lang='lat' dir='ltr'>legem,</span> <span class='ocrx_word' id='word_1_150' title='bbox 1282 1342 1437 1372; x_wconf 88' lang='lat' dir='ltr'>verum</span> 
     </span>
     <span class='ocr_line' id='line_1_22' title="bbox 44 1396 1437 1459; baseline 0.001 -19"><span class='ocrx_word' id='word_1_151' title='bbox 44 1396 170 1440; x_wconf 87' lang='lat' dir='ltr'>etiam</span> <span class='ocrx_word' id='word_1_152' title='bbox 204 1397 341 1442; x_wconf 88' lang='lat' dir='ltr'>donat</span> <span class='ocrx_word' id='word_1_153' title='bbox 378 1414 456 1458; x_wconf 87' lang='lat' dir='ltr'>per</span> <span class='ocrx_word' id='word_1_154' title='bbox 485 1400 684 1459; x_wconf 88' lang='lat' dir='ltr'>spiritum</span> <span class='ocrx_word' id='word_1_155' title='bbox 716 1400 997 1454; x_wconf 80' lang='lat' dir='ltr'>charitatem,</span> <span class='ocrx_word' id='word_1_156' title='bbox 1032 1399 1155 1458; x_wconf 84' lang='lat' dir='ltr'>cujus</span> <span class='ocrx_word' id='word_1_157' title='bbox 1192 1397 1437 1442; x_wconf 88' lang='lat' dir='ltr'>delectione</span> 
     </span>
     <span class='ocr_line' id='line_1_23' title="bbox 45 1468 1437 1532; baseline 0.002 -22"><span class='ocrx_word' id='word_1_158' title='bbox 45 1468 241 1512; x_wconf 83' lang='lat' dir='ltr'>vincatur</span> <span class='ocrx_word' id='word_1_159' title='bbox 263 1468 494 1515; x_wconf 88' lang='lat' dir='ltr'>delectatio</span> <span class='ocrx_word' id='word_1_160' title='bbox 511 1472 676 1530; x_wconf 89' lang='lat' dir='ltr'>peccati</span> <span class='ocrx_word' id='word_1_161' title='bbox 694 1490 702 1514; x_wconf 88' lang='lat'>:</span> <span class='ocrx_word' id='word_1_162' title='bbox 722 1469 917 1532; x_wconf 87' lang='lat' dir='ltr'>alioquin</span> <span class='ocrx_word' id='word_1_163' title='bbox 931 1479 1175 1530; x_wconf 87' lang='lat' dir='ltr'>perseverat</span> <span class='ocrx_word' id='word_1_164' title='bbox 1196 1470 1374 1524; x_wconf 82' lang='lat' dir='ltr'>invicta,</span> <span class='ocrx_word' id='word_1_165' title='bbox 1394 1477 1437 1513; x_wconf 87' lang='lat' dir='ltr'>et</span> 
     </span>
     <span class='ocr_line' id='line_1_24' title="bbox 42 1541 1435 1603; baseline 0.001 -21"><span class='ocrx_word' id='word_1_166' title='bbox 42 1554 214 1583; x_wconf 85' lang='lat' dir='ltr'>servum</span> <span class='ocrx_word' id='word_1_167' title='bbox 238 1556 366 1584; x_wconf 87' lang='lat' dir='ltr'>suum</span> <span class='ocrx_word' id='word_1_168' title='bbox 389 1551 522 1587; x_wconf 91' lang='lat' dir='ltr'>tenet.</span> <span class='ocrx_word' id='word_1_169' title='bbox 556 1563 570 1583; x_wconf 76' lang='lat' dir='ltr'>&lt;r</span> <span class='ocrx_word' id='word_1_170' title='bbox 595 1546 631 1587; x_wconf 88' lang='grc' dir='ltr'><strong>Α</strong></span> <span class='ocrx_word' id='word_1_171' title='bbox 654 1559 744 1603; x_wconf 90' lang='lat' dir='ltr'>quo</span> <span class='ocrx_word' id='word_1_172' title='bbox 769 1544 882 1587; x_wconf 88' lang='lat' dir='ltr'>enim</span> <span class='ocrx_word' id='word_1_173' title='bbox 899 1543 996 1603; x_wconf 87' lang='lat' dir='ltr'>quis</span> <span class='ocrx_word' id='word_1_174' title='bbox 1014 1542 1211 1588; x_wconf 88' lang='lat' dir='ltr'>devictus</span> <span class='ocrx_word' id='word_1_175' title='bbox 1234 1551 1313 1597; x_wconf 88' lang='lat' dir='ltr'>est,</span> <span class='ocrx_word' id='word_1_176' title='bbox 1332 1541 1435 1586; x_wconf 88' lang='lat' dir='ltr'>huic</span> 
     </span>
     <span class='ocr_line' id='line_1_25' title="bbox 45 1611 676 1660; baseline 0.008 -7"><span class='ocrx_word' id='word_1_177' title='bbox 45 1629 64 1651; x_wconf 57' lang='grc' dir='ltr'>ν)</span> <span class='ocrx_word' id='word_1_178' title='bbox 86 1620 129 1654; x_wconf 89' lang='lat' dir='ltr'>et</span> <span class='ocrx_word' id='word_1_179' title='bbox 151 1626 297 1656; x_wconf 87' lang='lat' dir='ltr'>servus</span> <span class='ocrx_word' id='word_1_180' title='bbox 312 1611 509 1659; x_wconf 87' lang='lat' dir='ltr'>addictus</span> <span class='ocrx_word' id='word_1_181' title='bbox 528 1616 630 1660; x_wconf 78' lang='lat' dir='ltr'>est3.</span> <span class='ocrx_word' id='word_1_182' title='bbox 656 1633 676 1656; x_wconf 85' lang='lat'>»</span> 
     </span>
    </p>

    <p class='ocr_par' dir='ltr' id='par_1_10' title="bbox 35 1685 1464 2601">
     <span class='ocr_line' id='line_1_26' title="bbox 98 1685 1435 1748; baseline 0.001 -19"><span class='ocrx_word' id='word_1_183' title='bbox 98 1685 255 1729; x_wconf 85' lang='lat' dir='ltr'><strong>CVIII.</strong></span> <span class='ocrx_word' id='word_1_184' title='bbox 279 1688 505 1732; x_wconf 46' lang='lat' dir='ltr'>hunss-s&lt;</span> <span class='ocrx_word' id='word_1_185' title='bbox 535 1706 555 1729; x_wconf 91' lang='lat'>«</span> <span class='ocrx_word' id='word_1_186' title='bbox 582 1691 780 1748; x_wconf 86' lang='lat' dir='ltr'>Denique</span> <span class='ocrx_word' id='word_1_187' title='bbox 812 1689 955 1733; x_wconf 83' lang='lat' dir='ltr'>statim</span> <span class='ocrx_word' id='word_1_188' title='bbox 981 1687 1126 1741; x_wconf 83' lang='lat' dir='ltr'>addit,</span> <span class='ocrx_word' id='word_1_189' title='bbox 1158 1686 1218 1730; x_wconf 91' lang='lat' dir='ltr'>ita</span> <span class='ocrx_word' id='word_1_190' title='bbox 1246 1701 1319 1730; x_wconf 90' lang='lat' dir='ltr'>eos</span> <span class='ocrx_word' id='word_1_191' title='bbox 1345 1701 1435 1730; x_wconf 89' lang='lat' dir='ltr'>ser-</span> 
     </span>
     <span class='ocr_line' id='line_1_27' title="bbox 37 1757 1434 1819; baseline 0.001 -20"><span class='ocrx_word' id='word_1_192' title='bbox 37 1770 114 1799; x_wconf 84' lang='lat' dir='ltr'>vos</span> <span class='ocrx_word' id='word_1_193' title='bbox 130 1771 218 1800; x_wconf 90' lang='lat' dir='ltr'>essc</span> <span class='ocrx_word' id='word_1_194' title='bbox 230 1758 428 1816; x_wconf 65' lang='lat' dir='ltr'>justitiae,</span> <span class='ocrx_word' id='word_1_195' title='bbox 447 1759 559 1803; x_wconf 89' lang='lat' dir='ltr'>sicut</span> <span class='ocrx_word' id='word_1_196' title='bbox 575 1758 747 1804; x_wconf 89' lang='lat' dir='ltr'>fuerant</span> <span class='ocrx_word' id='word_1_197' title='bbox 761 1761 870 1804; x_wconf 89' lang='lat' dir='ltr'>servi</span> <span class='ocrx_word' id='word_1_198' title='bbox 889 1769 989 1804; x_wconf 89' lang='lat' dir='ltr'>ante</span> <span class='ocrx_word' id='word_1_199' title='bbox 1005 1759 1187 1819; x_wconf 85' lang='lat' dir='ltr'>peccati.</span> <span class='ocrx_word' id='word_1_200' title='bbox 1211 1760 1291 1801; x_wconf 92' lang='lat' dir='ltr'>Per</span> <span class='ocrx_word' id='word_1_201' title='bbox 1313 1757 1434 1817; x_wconf 91' lang='lat' dir='ltr'>quod</span> 
     </span>
     <span class='ocr_line' id='line_1_28' title="bbox 39 1830 1432 1890; baseline 0 -19"><span class='ocrx_word' id='word_1_202' title='bbox 39 1836 160 1886; x_wconf 85' lang='lat' dir='ltr'>potes</span> <span class='ocrx_word' id='word_1_203' title='bbox 184 1843 255 1872; x_wconf 88' lang='lat' dir='ltr'>eos</span> <span class='ocrx_word' id='word_1_204' title='bbox 279 1830 368 1889; x_wconf 86' lang='lat' dir='ltr'>jam</span> <span class='ocrx_word' id='word_1_205' title='bbox 393 1839 439 1874; x_wconf 90' lang='lat' dir='ltr'>tu</span> <span class='ocrx_word' id='word_1_206' title='bbox 457 1866 467 1886; x_wconf 82' lang='grc'>,</span> <span class='ocrx_word' id='word_1_207' title='bbox 493 1832 524 1875; x_wconf 91' lang='lat' dir='ltr'>si</span> <span class='ocrx_word' id='word_1_208' title='bbox 559 1831 721 1890; x_wconf 85' lang='lat' dir='ltr'>placet,</span> <span class='ocrx_word' id='word_1_209' title='bbox 752 1830 910 1875; x_wconf 87' lang='lat' dir='ltr'>liberos</span> <span class='ocrx_word' id='word_1_210' title='bbox 944 1830 1088 1875; x_wconf 89' lang='lat' dir='ltr'>dicere</span> <span class='ocrx_word' id='word_1_211' title='bbox 1110 1838 1305 1889; x_wconf 88' lang='lat' dir='ltr'>peccato,</span> <span class='ocrx_word' id='word_1_212' title='bbox 1331 1843 1432 1872; x_wconf 91' lang='lat' dir='ltr'>cum</span> 
     </span>
     <span class='ocr_line' id='line_1_29' title="bbox 39 1898 1429 1961; baseline 0 -19"><span class='ocrx_word' id='word_1_213' title='bbox 39 1899 231 1944; x_wconf 89' lang='lat' dir='ltr'>serviunt</span> <span class='ocrx_word' id='word_1_214' title='bbox 248 1901 453 1960; x_wconf 77' lang='lat' dir='ltr'>justitiae3</span> <span class='ocrx_word' id='word_1_215' title='bbox 479 1903 588 1946; x_wconf 89' lang='lat' dir='ltr'>sicut</span> <span class='ocrx_word' id='word_1_216' title='bbox 610 1903 664 1945; x_wconf 85' lang='lat' dir='ltr'>ab</span> <span class='ocrx_word' id='word_1_217' title='bbox 692 1901 767 1946; x_wconf 94' lang='lat' dir='ltr'>illo</span> <span class='ocrx_word' id='word_1_218' title='bbox 795 1903 899 1946; x_wconf 89' lang='lat' dir='ltr'>dicti</span> <span class='ocrx_word' id='word_1_219' title='bbox 930 1911 1030 1946; x_wconf 87' lang='lat' dir='ltr'>sunt</span> <span class='ocrx_word' id='word_1_220' title='bbox 1054 1917 1076 1945; x_wconf 87' lang='lat' dir='ltr'>a</span> <span class='ocrx_word' id='word_1_221' title='bbox 1097 1900 1262 1961; x_wconf 87' lang='lat' dir='ltr'>justitia</span> <span class='ocrx_word' id='word_1_222' title='bbox 1285 1898 1429 1954; x_wconf 84' lang='lat' dir='ltr'>liberi,</span> 
     </span>
     <span class='ocr_line' id='line_1_30' title="bbox 38 1969 1432 2032; baseline 0 -20"><span class='ocrx_word' id='word_1_223' title='bbox 38 1983 138 2012; x_wconf 91' lang='lat' dir='ltr'>cum</span> <span class='ocrx_word' id='word_1_224' title='bbox 182 1971 394 2015; x_wconf 85' lang='lat' dir='ltr'>servirent</span> <span class='ocrx_word' id='word_1_225' title='bbox 435 1971 613 2017; x_wconf 90' lang='lat' dir='ltr'>delicto.</span> <span class='ocrx_word' id='word_1_226' title='bbox 664 1973 935 2032; x_wconf 89' lang='lat' dir='ltr'>Ineptissime</span> <span class='ocrx_word' id='word_1_227' title='bbox 972 1973 1119 2031; x_wconf 88' lang='lat' dir='ltr'>itaque</span> <span class='ocrx_word' id='word_1_228' title='bbox 1168 1969 1432 2030; x_wconf 83' lang='lat' dir='ltr'>simplicitati</span> 
     </span>
     <span class='ocr_line' id='line_1_31' title="bbox 37 2041 1431 2102; baseline 0 -18"><span class='ocrx_word' id='word_1_229' title='bbox 37 2041 286 2099; x_wconf 83' lang='lat' dir='ltr'>apostolicae</span> <span class='ocrx_word' id='word_1_230' title='bbox 320 2043 494 2088; x_wconf 87' lang='lat' dir='ltr'>voluisti</span> <span class='ocrx_word' id='word_1_231' title='bbox 527 2044 791 2088; x_wconf 88' lang='lat' dir='ltr'>calumniam</span> <span class='ocrx_word' id='word_1_232' title='bbox 824 2059 1113 2088; x_wconf 85' lang='lat' dir='ltr'>commovere.</span> <span class='ocrx_word' id='word_1_233' title='bbox 1139 2045 1291 2102; x_wconf 87' lang='lat' dir='ltr'>Neque</span> <span class='ocrx_word' id='word_1_234' title='bbox 1314 2041 1431 2085; x_wconf 91' lang='lat' dir='ltr'>enim</span> 
     </span>
     <span class='ocr_line' id='line_1_32' title="bbox 36 2110 1428 2175; baseline 0.001 -21"><span class='ocrx_word' id='word_1_235' title='bbox 36 2110 110 2154; x_wconf 89' lang='lat' dir='ltr'>ille</span> <span class='ocrx_word' id='word_1_236' title='bbox 124 2147 134 2167; x_wconf 83' lang='lat'>‚</span> <span class='ocrx_word' id='word_1_237' title='bbox 157 2121 205 2155; x_wconf 92' lang='lat' dir='ltr'>ut</span> <span class='ocrx_word' id='word_1_238' title='bbox 225 2122 365 2172; x_wconf 84' lang='lat' dir='ltr'>putaS‚</span> <span class='ocrx_word' id='word_1_239' title='bbox 392 2113 718 2172; x_wconf 82' lang='lat' dir='ltr'>vigilantissime</span> <span class='ocrx_word' id='word_1_240' title='bbox 735 2115 819 2159; x_wconf 88' lang='lat' dir='ltr'>hoc</span> <span class='ocrx_word' id='word_1_241' title='bbox 835 2114 954 2175; x_wconf 91' lang='lat' dir='ltr'>quod</span> <span class='ocrx_word' id='word_1_242' title='bbox 977 2114 1165 2159; x_wconf 86' lang='lat' dir='ltr'>aestimas</span> <span class='ocrx_word' id='word_1_243' title='bbox 1181 2111 1399 2157; x_wconf 84' lang='lat' dir='ltr'>intimavit</span> <span class='ocrx_word' id='word_1_244' title='bbox 1418 2131 1428 2156; x_wconf 74' lang='grc' dir='ltr'>ε</span> 
     </span>
     <span class='ocr_line' id='line_1_33' title="bbox 36 2182 1430 2247; baseline 0 -20"><span class='ocrx_word' id='word_1_245' title='bbox 36 2182 110 2227; x_wconf 88' lang='lat' dir='ltr'>sed</span> <span class='ocrx_word' id='word_1_246' title='bbox 134 2193 182 2228; x_wconf 90' lang='lat' dir='ltr'>tu</span> <span class='ocrx_word' id='word_1_247' title='bbox 207 2185 617 2230; x_wconf 79' lang='lat' dir='ltr'>somniculosissime</span> <span class='ocrx_word' id='word_1_248' title='bbox 638 2186 756 2247; x_wconf 90' lang='lat' dir='ltr'>quod</span> <span class='ocrx_word' id='word_1_249' title='bbox 773 2185 846 2230; x_wconf 90' lang='lat' dir='ltr'>ille</span> <span class='ocrx_word' id='word_1_250' title='bbox 867 2186 1050 2245; x_wconf 87' lang='lat' dir='ltr'>protulit</span> <span class='ocrx_word' id='word_1_251' title='bbox 1070 2184 1267 2229; x_wconf 88' lang='lat' dir='ltr'>intueris.</span> <span class='ocrx_word' id='word_1_252' title='bbox 1294 2187 1430 2243; x_wconf 83' lang='lat' dir='ltr'>Argu-</span> 
     </span>
     <span class='ocr_line' id='line_1_34' title="bbox 35 2255 1426 2316; baseline 0.001 -19"><span class='ocrx_word' id='word_1_253' title='bbox 35 2255 239 2299; x_wconf 88' lang='lat' dir='ltr'>mentaris</span> <span class='ocrx_word' id='word_1_254' title='bbox 271 2256 456 2316; x_wconf 81' lang='lat' dir='ltr'>quippe,</span> <span class='ocrx_word' id='word_1_255' title='bbox 488 2256 588 2301; x_wconf 90' lang='lat' dir='ltr'>ideo</span> <span class='ocrx_word' id='word_1_256' title='bbox 614 2256 739 2301; x_wconf 86' lang='lat' dir='ltr'>illum</span> <span class='ocrx_word' id='word_1_257' title='bbox 782 2257 988 2302; x_wconf 88' lang='lat' dir='ltr'>liberatos</span> <span class='ocrx_word' id='word_1_258' title='bbox 1023 2256 1168 2301; x_wconf 89' lang='lat' dir='ltr'>dicere</span> <span class='ocrx_word' id='word_1_259' title='bbox 1208 2256 1426 2309; x_wconf 88' lang='lat' dir='ltr'>maluisse,</span> 
     </span>
     <span class='ocr_line' id='line_1_35' title="bbox 36 2325 1430 2387; baseline 0.001 -19"><span class='ocrx_word' id='word_1_260' title='bbox 36 2340 167 2384; x_wconf 87' lang='lat' dir='ltr'>quam</span> <span class='ocrx_word' id='word_1_261' title='bbox 200 2325 384 2382; x_wconf 81' lang='lat' dir='ltr'>liberos,</span> <span class='ocrx_word' id='word_1_262' title='bbox 416 2337 466 2371; x_wconf 88' lang='lat' dir='ltr'>ut</span> <span class='ocrx_word' id='word_1_263' title='bbox 498 2327 842 2387; x_wconf 83' lang='lat' dir='ltr'>intelligeremus</span> <span class='ocrx_word' id='word_1_264' title='bbox 878 2329 1045 2373; x_wconf 84' lang='lat' dir='ltr'>arbitrii</span> <span class='ocrx_word' id='word_1_265' title='bbox 1080 2329 1282 2373; x_wconf 86' lang='lat' dir='ltr'>libertate</span> <span class='ocrx_word' id='word_1_266' title='bbox 1317 2327 1430 2371; x_wconf 90' lang='lat' dir='ltr'>male</span> 
     </span>
     <span class='ocr_line' id='line_1_36' title="bbox 36 2395 1429 2460; baseline 0.002 -21"><span class='ocrx_word' id='word_1_267' title='bbox 36 2395 214 2456; x_wconf 90' lang='lat' dir='ltr'>quidem</span> <span class='ocrx_word' id='word_1_268' title='bbox 238 2413 382 2456; x_wconf 81' lang='lat' dir='ltr'>posse,</span> <span class='ocrx_word' id='word_1_269' title='bbox 418 2398 529 2442; x_wconf 87' lang='lat' dir='ltr'>bene</span> <span class='ocrx_word' id='word_1_270' title='bbox 551 2409 697 2444; x_wconf 89' lang='lat' dir='ltr'>autem</span> <span class='ocrx_word' id='word_1_271' title='bbox 733 2401 826 2444; x_wconf 83' lang='lat' dir='ltr'>fieri</span> <span class='ocrx_word' id='word_1_272' title='bbox 857 2416 946 2445; x_wconf 92' lang='lat' dir='ltr'>non</span> <span class='ocrx_word' id='word_1_273' title='bbox 981 2416 1117 2460; x_wconf 85' lang='lat' dir='ltr'>posse.</span> <span class='ocrx_word' id='word_1_274' title='bbox 1144 2402 1306 2443; x_wconf 85' lang='lat' dir='ltr'>Verum</span> <span class='ocrx_word' id='word_1_275' title='bbox 1338 2399 1429 2457; x_wconf 90' lang='lat' dir='ltr'>ipse</span> 
     </span>
     <span class='ocr_line' id='line_1_37' title="bbox 36 2466 1423 2530; baseline 0.001 -20"><span class='ocrx_word' id='word_1_276' title='bbox 36 2466 114 2510; x_wconf 88' lang='lat' dir='ltr'>tibi</span> <span class='ocrx_word' id='word_1_277' title='bbox 137 2470 373 2512; x_wconf 89' lang='lat' dir='ltr'>verborum</span> <span class='ocrx_word' id='word_1_278' title='bbox 395 2471 487 2529; x_wconf 87' lang='lat' dir='ltr'>ejus</span> <span class='ocrx_word' id='word_1_279' title='bbox 506 2471 613 2514; x_wconf 88' lang='lat' dir='ltr'>ordo</span> <span class='ocrx_word' id='word_1_280' title='bbox 641 2471 858 2516; x_wconf 80' lang='lat' dir='ltr'>renititur.</span> <span class='ocrx_word' id='word_1_281' title='bbox 890 2474 999 2516; x_wconf 86' lang='lat' dir='ltr'>Nam</span> <span class='ocrx_word' id='word_1_282' title='bbox 1025 2471 1059 2514; x_wconf 86' lang='lat' dir='ltr'>si</span> <span class='ocrx_word' id='word_1_283' title='bbox 1081 2471 1164 2515; x_wconf 88' lang='lat' dir='ltr'>hoc</span> <span class='ocrx_word' id='word_1_284' title='bbox 1180 2506 1190 2525; x_wconf 85' lang='lat'><strong>,</strong></span> <span class='ocrx_word' id='word_1_285' title='bbox 1216 2469 1336 2530; x_wconf 92' lang='lat' dir='ltr'>quod</span> <span class='ocrx_word' id='word_1_286' title='bbox 1353 2478 1423 2525; x_wconf 83' lang='lat' dir='ltr'>tu,</span> 
     </span>
     <span class='ocr_line' id='line_1_38' title="bbox 35 2540 1464 2601; baseline 0.001 -19"><span class='ocrx_word' id='word_1_287' title='bbox 35 2547 241 2598; x_wconf 81' lang='lat' dir='ltr'>putasset,</span> <span class='ocrx_word' id='word_1_288' title='bbox 272 2541 374 2600; x_wconf 88' lang='lat' dir='ltr'>quia</span> <span class='ocrx_word' id='word_1_289' title='bbox 396 2540 598 2586; x_wconf 87' lang='lat' dir='ltr'>libertate</span> <span class='ocrx_word' id='word_1_290' title='bbox 619 2543 760 2587; x_wconf 89' lang='lat' dir='ltr'>solum</span> <span class='ocrx_word' id='word_1_291' title='bbox 783 2551 1058 2601; x_wconf 70' lang='lat' dir='ltr'>peccaretur3</span> <span class='ocrx_word' id='word_1_292' title='bbox 1081 2541 1235 2586; x_wconf 89' lang='lat' dir='ltr'>debuit</span> <span class='ocrx_word' id='word_1_293' title='bbox 1262 2540 1423 2595; x_wconf 86' lang='lat' dir='ltr'>dicere,</span> <span class='ocrx_word' id='word_1_294' title='bbox 1457 2553 1464 2559; x_wconf 89' lang='lat'>·</span> 
     </span>
    </p>
   </div>
   <div class='ocr_carea' id='block_1_10' title="bbox 85 2642 1088 2685">
    <p class='ocr_par' dir='ltr' id='par_1_11' title="bbox 85 2642 1088 2685">
     <span class='ocr_line' id='line_1_39' title="bbox 85 2642 1088 2685; baseline 0.002 -12"><span class='ocrx_word' id='word_1_295' title='bbox 85 2648 92 2664; x_wconf 92' lang='lat'>¹</span> <span class='ocrx_word' id='word_1_296' title='bbox 123 2644 212 2673; x_wconf 82' lang='lat' dir='ltr'>Rom.</span> <span class='ocrx_word' id='word_1_297' title='bbox 240 2653 284 2683; x_wconf 80' lang='lat' dir='ltr'>vi,</span> <span class='ocrx_word' id='word_1_298' title='bbox 306 2653 346 2675; x_wconf 86' lang='lat'>20</span> <span class='ocrx_word' id='word_1_299' title='bbox 366 2647 398 2675; x_wconf 78' lang='lat' dir='ltr'>et</span> <span class='ocrx_word' id='word_1_300' title='bbox 415 2652 470 2675; x_wconf 75' lang='lat'>21.</span> <span class='ocrx_word' id='word_1_301' title='bbox 487 2661 528 2668; x_wconf 80' lang='lat'>-‚-</span> <span class='ocrx_word' id='word_1_302' title='bbox 545 2643 654 2675; x_wconf 74' lang='lat' dir='ltr'>21bid.</span> <span class='ocrx_word' id='word_1_303' title='bbox 682 2643 733 2675; x_wconf 82' lang='lat'>16.</span> <span class='ocrx_word' id='word_1_304' title='bbox 750 2660 790 2667; x_wconf 70' lang='grc'>«-</span> <span class='ocrx_word' id='word_1_305' title='bbox 807 2642 819 2666; x_wconf 76' lang='lat'>³</span> <span class='ocrx_word' id='word_1_306' title='bbox 839 2652 858 2676; x_wconf 79' lang='lat'><strong>2</strong></span> <span class='ocrx_word' id='word_1_307' title='bbox 877 2646 960 2677; x_wconf 70' lang='lat' dir='ltr'>Petr.</span> <span class='ocrx_word' id='word_1_308' title='bbox 983 2655 1016 2681; x_wconf 89' lang='lat' dir='ltr'>n,</span> <span class='ocrx_word' id='word_1_309' title='bbox 1040 2655 1088 2685; x_wconf 86' lang='lat'>19·</span> 
     </span>
    </p>
   </div>
  </div>
 </body>
</html>
