1821 3264
414 247 466 273 m:
497 246 788 274 nonni-:mmm
822 248 873 276 ET
906 245 1078 277 cutm.
1394 241 1443 279 13

63 328 84 352 »
95 309 267 355 deficiat
278 310 385 355 fides
401 312 518 355 tua¹.
529 328 548 352 »
564 310 678 365 Quid
692 312 808 355 enim
826 313 865 356 ei
881 315 1063 373 rogavit,
1082 314 1161 358 nisi
1173 328 1443 374 perseveran-

60 381 166 426 tiam
192 381 391 441 usquein
409 382 541 425 finem
564 382 582 422 ⁶!
603 385 708 434 Quae
729 380 926 441 profecto
953 385 986 427 si
1009 385 1062 428 ab
1085 385 1262 430 homine
1278 386 1446 431 homini

61 462 185 507 esset,
210 467 234 496 a
258 454 348 496 Deo
370 451 586 512 poscenda
608 467 697 497 non
715 461 838 498 esset.
866 453 1031 498 Deinde
1053 470 1154 499 cum
1177 456 1283 502 dicit
1304 460 1446 517 Apos-

60 522 198 567 tolus:
216 523 437 567 «Oramus
455 531 598 567 autem
614 523 669 567 ad
686 526 839 579 Deum,
865 539 920 568 ne
941 524 1049 584 quid
1072 524 1237 570 faciatis
1260 527 1362 571 mali
1381 531 1443 586 23»

58 592 212 652 procul
244 593 381 637 dubio
417 594 779 653 perseverantiam
813 595 871 639 eis
904 604 998 640 orat
1027 595 1082 640 ad
1113 599 1267 641 Deum.
1296 600 1447 658 Neque

59 665 174 708 enim
195 665 305 709 nihil
326 665 429 709 mali
449 665 579 721 iacit,
605 666 681 726 qui
706 666 873 711 bonum
899 667 1079 722 deserit,
1105 677 1148 713 et
1166 684 1189 712 a
1207 684 1296 728 quo
1314 669 1448 714 deeli-

58 750 160 781 nare
197 737 351 792 debet,
384 736 620 782 inclinatur
654 739 699 783 in
731 738 896 784 malum
918 774 929 795 ,
965 755 1054 784 non
1088 755 1364 799 perseverans
1403 742 1448 785 in

57 806 192 852 bono.
228 807 310 853 Illo
338 808 469 852 etiam
494 808 592 854 loco
621 808 697 853 ubi
723 810 828 855 dicit
856 829 864 855 2
901 829 917 851 «
945 811 1111 855 Gratias
1134 827 1215 870 ago
1239 814 1328 857 Deo
1350 827 1448 857 meo

59 895 81 920 »
100 880 144 923 in
174 880 295 924 omni
315 880 523 925 memoria
545 883 675 926 vestri
699 896 868 941 semper
898 881 944 925 in
966 883 1086 927 omni
1103 897 1229 942 prece
1250 898 1347 927 mea
1369 899 1448 943 pro

61 966 83 991 »
101 951 303 996 omnibus
318 951 440 996 vobis
462 967 561 997 cum
579 952 739 1012 gaudio
756 954 1106 1013 deprecationem
1123 952 1303 1009 faciens,
1321 970 1449 1013 super

61 1023 411 1068 »communione
448 1033 586 1069 vestra
615 1025 661 1068 in
695 1024 934 1084 Evangelio
976 1041 999 1069 a
1032 1025 1170 1083 prima
1204 1024 1275 1069 die
1311 1040 1448 1085 usque

61 1111 82 1135 »
103 1109 249 1150 nunc,
283 1095 507 1140 confidens
527 1131 538 1151 ,
574 1096 657 1139 hoc
678 1096 821 1155 ipsum
843 1130 854 1150 ‚
890 1096 1097 1156 quoniam
1131 1095 1207 1156 qui
1237 1096 1373 1155 eoepit
1405 1096 1449 1140 in

61 1181 82 1206 »
102 1166 225 1210 vobis
239 1181 348 1225 opus
363 1167 546 1222 bonum,
558 1167 750 1226 perficiet
765 1182 902 1226 usque
919 1168 963 1210 in
978 1165 1093 1211 diem
1107 1166 1267 1211 Christi
1278 1169 1301 1210 J
1306 1168 1446 1210 esu3z»

56 1236 165 1297 quid
198 1237 318 1281 aliud
352 1239 409 1282 eis
446 1253 579 1298 quam
613 1238 976 1297 perseverantiam
1005 1239 1051 1282 in
1081 1239 1199 1283 bono
1234 1254 1374 1298 usque
1405 1239 1450 1282 in

56 1307 205 1361 finem,
226 1307 281 1351 de
304 1309 380 1352 Dei
403 1309 677 1352 miseratione
698 1310 913 1368 promittit
934 1311 952 1352 P
981 1312 1181 1369 Itemque
1206 1309 1283 1352 ubi
1306 1308 1411 1353 dicit
1437 1328 1445 1353 2

62 1395 82 1419 «
109 1376 277 1423 Salutat
304 1393 379 1422 vos
408 1379 633 1437 Epaphras
653 1413 664 1433 ,
691 1379 768 1439 qui
791 1394 841 1422 ex
865 1379 988 1423 vobis
1017 1388 1080 1422 est
1115 1393 1263 1422 servus
1289 1378 1451 1423 Christi

57 1465 78 1491 ,η
100 1450 220 1502 Jesu,
240 1464 410 1509 semper
429 1459 599 1493 certans
622 1464 700 1509 pro
719 1449 845 1494 vobis
869 1449 915 1493 in
939 1449 1209 1494 orationibus
1225 1484 1235 1503 ‚
1262 1457 1311 1492 ut
1333 1448 1450 1492 stetis

57 1537 78 1561 »
101 1518 281 1579 perfecti
296 1529 339 1564 et
356 1519 473 1580 pleni
487 1520 532 1565 in
549 1521 669 1565 omni
687 1521 914 1565 voluntate
940 1522 1039 1565 Dei‘*
1063 1539 1106 1564 z»
1129 1520 1236 1580 quid
1260 1529 1346 1578 est3
1365 1538 1383 1561 «
1404 1528 1452 1563 ut

57 1607 78 1631 »
99 1591 262 1645 stetis‚»
280 1591 358 1635 nisi
381 1600 430 1635 ut
452 1590 894 1650 perseveretisi’Unde
912 1590 1079 1636 dietum
1097 1599 1160 1635 est
1180 1590 1234 1634 de
1247 1589 1446 1635 diabolo:

59 1680 80 1705 «
100 1665 152 1706 In
172 1664 354 1707 veritate
382 1679 472 1708 non
496 1665 615 1709 stetit
642 1666 656 1690 ⁵
687 1684 694 1709 :
723 1682 744 1705 n
771 1664 874 1725 quia
895 1664 981 1709 fuit
1003 1664 1087 1719 ibi,
1115 1663 1190 1707 sed
1223 1679 1311 1708 non
1347 1678 1448 1723 per-

54 1734 227 1779 mansit.
254 1737 363 1780 Nam
397 1735 551 1795 utique
580 1735 650 1780 isti
673 1735 718 1778 in
749 1735 834 1779 fide
863 1736 954 1796 jam
984 1735 1171 1779 stabant.
1214 1737 1302 1779 Nec
1330 1732 1449 1778 aliud

56 1819 247 1860 oramus,
268 1821 369 1851 cum
391 1822 578 1861 oramus,
595 1815 645 1851 ut
667 1807 742 1866 qui
757 1815 856 1861 stat,
882 1815 981 1860 stet,
1008 1806 1088 1850 nisi
1110 1815 1160 1849 ut
1183 1814 1444 1864 perseveret.

56 1877 162 1920 Item
186 1878 319 1921 Judas
342 1877 562 1936 apostolus
580 1912 592 1929 ,
618 1891 719 1922 cum
738 1877 844 1921 dieit
871 1896 879 1921 :
910 1895 929 1918 «
955 1877 1007 1920 Ei
1029 1884 1180 1920 autem
1202 1876 1277 1935 qui
1296 1885 1450 1935 potens

58 1965 80 1990 »
106 1957 169 1992 est
197 1963 453 1993 conservare
474 1964 550 1994 vos
579 1949 672 1993 sine
700 1948 957 2001 offensione,
983 1956 1026 1991 et
1057 1947 1322 1991 constituere
1351 1956 1452 1991 ante

61 2035 82 2060 »
107 2030 385 2079 conspectum
411 2019 559 2080 gloriae
574 2034 663 2063 suae
680 2017 982 2063 immaculatos
999 2017 1045 2061 in
1066 2016 1217 2061 laetitia
1239 2035 1248 2061 ι
1268 2034 1287 2057 »
1307 2030 1452 2061 nonne

59 2091 324 2149 apertissime
347 2091 538 2136 ostendit
555 2090 723 2136 donum
758 2090 835 2134 Dei
868 2105 982 2143 esse,
1021 2088 1066 2132 in
1106 2088 1221 2133 bono
1251 2102 1452 2147 perseve-

58 2176 153 2206 rare
173 2177 313 2222 usque
344 2162 389 2207 in
416 2163 548 2205 finem
574 2163 592 2203 ‘2
622 2159 735 2214 Quid
769 2160 885 2205 enim
919 2159 1040 2204 aliud
1061 2158 1198 2204 donat
1215 2192 1226 2213 ,
1249 2159 1325 2218 qui
1353 2172 1451 2203 con-

57 2241 198 2277 servat
229 2232 320 2277 sine
352 2232 593 2277 offensione
615 2266 626 2286 ,
671 2240 718 2276 ut
751 2231 987 2277 constituat
1026 2239 1125 2275 ante
1167 2238 1450 2290 conspectum

59 2301 208 2361 gloriae
242 2317 331 2348 suae
360 2301 662 2347 immaculatos
693 2302 739 2346 in
760 2301 931 2357 laetitia,
973 2301 1054 2345 nisi
1085 2301 1448 2360 perseverantiam

58 2371 222 2418 bonam
254 2375 272 2418 P
307 2373 423 2427 Quid
455 2381 519 2418 est
551 2373 681 2417 etiam
703 2372 825 2434 quod
855 2372 900 2416 in
929 2371 1239 2432 Apostolorum
1270 2371 1450 2415 Actibus

59 2441 241 2502 legimus
262 2462 271 2488 :
293 2462 313 2488 «
340 2443 579 2490 Audientes
599 2452 745 2489 autem
769 2452 918 2502 gentes
940 2442 1095 2502 gavisae
1111 2450 1239 2497 sunt,
1265 2450 1308 2486 et
1330 2456 1451 2486 exee-⁷

107 2552 116 2570 ¹
137 2548 215 2580 Luc.
235 2557 316 2588 xxu,
336 2547 388 2581 32.
406 2564 446 2571 ——
461 2554 474 2570 ²
493 2556 512 2581 2
530 2550 603 2581 Gor.
626 2558 692 2590 xux,
715 2557 745 2589 7-
765 2564 804 2571 --
824 2545 836 2571 3
856 2545 970 2589 Philip.
988 2557 1010 2588 1,
1031 2546 1049 2580 3
1068 2550 1101 2579 et
1127 2556 1217 2588 seqq.
1237 2561 1278 2569 —=-
1293 2545 1309 2576 4
1328 2544 1445 2580 Coloss.

60 2611 103 2643 w,
125 2602 255 2637 12.-5
273 2605 365 2638 Joan.
386 2615 452 2647 vm,
472 2601 526 2646 44.
1435 2611 1442 2616 ·
