1821 3264
406 242 460 270 m:
491 240 780 268 conatumve
813 241 864 268 ET
896 241 1070 269 onum,
1379 234 1432 271 25

0 339 1 343 =
55 330 75 354 »
91 308 393 369 ergovideritis
410 306 570 350 Filium
584 305 771 349 hominis
784 306 1089 351 ascendentem
1100 307 1177 352 ubi
1191 317 1282 352 erat
1296 309 1434 368 prius?

55 400 76 424 »
99 381 281 440 Spiritus
301 388 365 422 est
380 378 456 438 qui
477 376 681 431 vivificat,
707 391 805 420 caro
833 387 977 420 autem
1001 394 1089 423 non
1107 378 1283 437 prodest
1302 380 1433 439 quid-

55 471 74 494 »
96 466 242 512 quam.
265 448 410 493 Verba
427 463 526 508 quae
540 462 618 506 ego
633 447 805 491 locutus
822 463 916 490 sum
931 448 1069 502 vobis,
1095 449 1267 507 spiritus
1282 460 1325 494 et
1348 452 1432 495 vita

54 541 74 564 »
95 531 209 566 sunt.
232 520 315 565 Sed
332 528 433 564 sunt
446 517 625 578 quidam
638 533 688 562 ex
702 518 825 562 vobis
841 518 914 577 qui
935 533 1023 562 non
1039 518 1240 563 credunt.
1265 522 1434 566 Sciebat

53 613 73 636 »
97 594 213 637 enim
235 593 290 636 ab
312 591 435 635 initio
452 593 590 643 Jesus,
614 591 689 650 qui
711 600 851 634 essent
867 590 1104 645 credentes,
1126 600 1169 635 et
1185 592 1280 650 quis
1297 594 1432 636 tradi—

51 683 72 706 »
101 674 220 708 turus
238 672 347 707 esset
367 677 492 720 eum,
515 670 557 705 et
579 660 748 705 dicebat
771 681 779 706 ε
800 664 1031 720 Propterea
1053 660 1141 705 dixi
1161 663 1306 714 vobis,
1333 664 1434 722 quia

51 755 70 778 »
99 750 228 780 nemo
248 735 368 780 venit
387 734 441 778 ad
455 749 540 788 me,
564 734 643 777 nisi
665 734 799 778 fuerit
820 734 858 776 ei
873 734 1023 777 datum
1047 750 1070 777 a
1084 736 1209 778 Patre
1231 749 1344 778 meo.
1371 738 1433 778 Ex

50 824 70 848 »
89 806 172 850 hoc
192 805 317 849 multi
342 803 658 864 discipulorum
680 805 772 864 ejus
794 803 997 848 abierunt
1019 812 1134 848 retro
1149 838 1160 859 ,
1178 814 1222 848 et
1237 805 1327 863 jam
1345 820 1434 849 non

51 896 71 918 »
96 892 195 921 cum
210 876 286 921 illo
303 875 603 921 ambulabant.
627 894 646 917 »
662 874 887 935 Numquid
900 890 988 919 non
1001 883 1043 918 et
1057 875 1123 919 isti
1138 874 1339 934 discipuli
1358 892 1434 936 ap-

49 946 196 1006 pellati
212 956 330 1002 sunt,
349 947 557 1006 loquente
571 945 833 1006 Evangelio?
852 949 908 990 Et
926 955 1070 989 tamen
1090 961 1179 990 non
1199 955 1321 990 erant
1334 962 1434 991 vere

48 1016 267 1076 discipuli,
305 1017 407 1078 quia
432 1033 521 1061 non
552 1026 805 1062 manserunt
827 1017 873 1060 in
894 1017 1028 1061 verbo
1052 1018 1168 1077 ejus,
1194 1018 1433 1061 seeundum

46 1089 89 1132 id
110 1088 228 1148 quod
251 1089 330 1144 ait,
362 1108 382 1131 «
404 1089 446 1134 Si
468 1089 708 1133 manseritis
736 1089 782 1132 in
807 1087 942 1133 verbo
961 1103 1081 1143 meo,
1111 1103 1210 1132 vere
1235 1087 1434 1148 discipuli

51 1179 68 1200 »
96 1161 180 1203 mei
202 1161 301 1203 estis
316 1162 347 1202 ¹.
371 1177 391 1200 »
413 1160 523 1212 Quia
547 1175 649 1218 ergo
672 1175 764 1206 non
778 1160 1028 1204 habuerunt
1050 1161 1430 1218 perseverantiam,

44 1230 156 1274 sicut
175 1245 264 1274 non
282 1245 382 1274 vere
403 1229 605 1289 discipuli
632 1231 808 1285 Christi,
835 1232 893 1275 ita
916 1247 995 1276 nec
1018 1246 1116 1275 vere
1137 1231 1216 1275 filii
1240 1231 1315 1275 Dei
1338 1232 1434 1274 fue-

45 1310 164 1350 runt,
196 1300 325 1343 etiam
361 1300 539 1359 quando
567 1316 656 1344 esse
686 1301 947 1345 videbantur
975 1312 1016 1346 et
1046 1303 1103 1346 ita
1147 1302 1429 1345 vocabantur.

45 1369 326 1429 Appellamus
349 1385 451 1428 ergo
474 1385 552 1414 nos
574 1379 616 1413 et
637 1370 819 1425 electos,
845 1381 887 1414 et
916 1372 1077 1415 Christi
1096 1371 1331 1430 discipulos
1347 1407 1357 1425 ,
1391 1382 1432 1415 et

44 1442 120 1485 Dei
157 1441 288 1496 filios,
329 1442 430 1501 quia
470 1442 529 1485 sic
568 1441 817 1500 appellandi
854 1451 977 1495 sunt,
1017 1456 1126 1500 quos
1159 1451 1433 1498 regeneratos

42 1512 112 1571 pie
138 1512 284 1556 vivere
311 1512 528 1556 cernimus
554 1532 561 1555 :
584 1511 658 1556 sed
681 1521 786 1556 tunc
808 1527 908 1556 vere
941 1522 1041 1556 sunt
1064 1512 1185 1571 quod
1206 1511 1432 1571 appellan-

42 1590 129 1636 tur,
155 1582 188 1625 si
210 1581 447 1626 manserint
468 1582 513 1625 in
536 1597 587 1625 eo
621 1591 795 1641 propter
829 1581 948 1641 quod
981 1582 1039 1625 sic
1069 1581 1360 1641 appellantur.
1391 1583 1432 1626 Si

43 1661 187 1697 autem
223 1652 585 1712 perseverantiam
623 1669 709 1696 non
743 1653 922 1707 habent,
963 1653 1007 1696 id
1031 1663 1121 1707 est,
1150 1653 1194 1696 in
1237 1668 1287 1696 eo
1314 1654 1434 1712 quod

42 1734 270 1782 coeperunt
291 1739 380 1768 esse
413 1740 502 1768 non
539 1734 741 1775 manent,
770 1740 858 1768 non
880 1740 980 1768 vere
1001 1723 1278 1783 appellantur
1312 1724 1431 1783 quod

42 1793 317 1853 appellantur
360 1804 404 1838 et
443 1810 532 1838 non
570 1804 671 1838 sunt
710 1814 718 1838 :
758 1794 875 1853 apud
920 1810 1019 1838 eum
1063 1795 1174 1838 enim
1219 1795 1301 1838 hoe
1344 1810 1433 1838 non

42 1874 171 1919 sunt,
204 1865 274 1908 cui
311 1874 466 1909 notum
499 1874 561 1908 est
599 1865 717 1923 quod
753 1865 891 1908 futuri
915 1873 1033 1918 sunt,
1060 1863 1102 1907 id
1125 1873 1209 1917 est,
1235 1879 1286 1907 ex
1310 1865 1434 1908 bonis

42 1936 157 1980 mali.

102 2007 273 2050 XXIII.
310 2010 492 2065 Propter
522 2007 604 2049 hoe
629 2005 884 2065 Apostolus,
913 2021 1012 2049 cum
1045 2005 1246 2049 dixisset:
1285 2025 1303 2047 «
1340 2007 1432 2050 Scia

50 2096 69 2118 »
94 2093 190 2121 mus
224 2078 430 2137 quoniam
460 2076 743 2135 diligentibus
768 2080 906 2121 Deum
934 2078 1081 2121 omnia
1107 2086 1364 2135 cooperatur
1388 2077 1432 2121 in

49 2167 68 2189 »
96 2148 288 2192 bonum²
321 2167 328 2192 :
368 2167 386 2189 »
418 2149 556 2191 sciens
579 2163 666 2192 non
691 2148 833 2192 nullos
857 2147 1037 2207 diligere
1063 2151 1224 2201 Deum,
1252 2157 1293 2192 et
1314 2148 1359 2191 in
1382 2163 1433 2191 eo

46 2221 164 2264 bono
186 2220 389 2278 usquein
411 2220 540 2262 finem
566 2235 654 2263 non
679 2235 951 2278 permanere,
977 2235 1075 2264 mox
1098 2219 1282 2273 addidit,
1312 2238 1331 2261 «
1358 2219 1433 2262 His

49 2309 69 2332 »
94 2290 170 2350 qui
192 2289 433 2334 seeundum
456 2290 725 2349 propositum
750 2291 887 2334 vocati
911 2300 1028 2334 sunt.
1056 2308 1076 2330 n
1103 2290 1157 2333 Hi
1177 2290 1292 2333 enirn
1315 2290 1358 2332 in
1383 2305 1433 2332 eo

47 2361 168 2421 quod
195 2360 385 2420 diligunt
409 2364 569 2415 Deum,
596 2370 853 2420 permanent
877 2377 1013 2420 usque
1035 2361 1080 2404 in
1107 2361 1267 2416 finem,
1293 2369 1335 2403 et
1357 2361 1433 2419 qui

48 2431 103 2475 ad
125 2441 295 2491 tempus
318 2432 420 2475 inde
442 2431 643 2485 deviant,
670 2441 948 2477 revertuntur
963 2466 974 2486 ,
1004 2440 1052 2474 ut
1074 2446 1212 2490 usque
1234 2431 1278 2473 in
1300 2430 1430 2473 finem

49 2500 314 2560 perducant,
342 2501 460 2562 quod
487 2502 531 2545 in
556 2502 673 2546 bono
695 2518 785 2546 esse
806 2511 1051 2562 coeperunt.
1077 2500 1320 2545 Ostendens
1352 2515 1431 2543 au-

94 2593 103 2610 ¹
130 2589 220 2618 Joan.
241 2597 306 2628 vm,
328 2587 380 2619 31.
398 2604 438 2609 —
457 2594 467 2608 ²
489 2589 579 2619 Rom.
601 2598 667 2625 vm,
690 2589 742 2619 28.
