<?xml version="1.0" encoding="UTF-8"?>
<!DOCTYPE html PUBLIC "-//W3C//DTD XHTML 1.0 Transitional//EN"
    "http://www.w3.org/TR/xhtml1/DTD/xhtml1-transitional.dtd">
<html xmlns="http://www.w3.org/1999/xhtml" xml:lang="en" lang="en">
 <head>
  <title>
</title>
<meta http-equiv="Content-Type" content="text/html;charset=utf-8" />
  <meta name='ocr-system' content='tesseract 3.04.00' />
  <meta name='ocr-capabilities' content='ocr_page ocr_carea ocr_par ocr_line ocrx_word'/>
</head>
<body>
  <div class='ocr_page' id='page_1' title='image "./operaomniaaccura36auguuoft/operaomniaaccura36auguuoft_0459.png"; bbox 0 0 1821 3264; ppageno 0'>
   <div class='ocr_carea' id='block_1_1' title="bbox 273 267 1449 307">
    <p class='ocr_par' dir='ltr' id='par_1_1' title="bbox 273 267 1449 307">
     <span class='ocr_line' id='line_1_1' title="bbox 273 267 1449 307; baseline 0.003 -3"><span class='ocrx_word' id='word_1_1' title='bbox 273 276 417 304; x_wconf 62' lang='lat' dir='ltr'>oms-ms</span> <span class='ocrx_word' id='word_1_2' title='bbox 449 277 627 305; x_wconf 61' lang='lat' dir='ltr'>mezur.</span> <span class='ocrx_word' id='word_1_3' title='bbox 659 275 823 305; x_wconf 65' lang='lat' dir='ltr'>comum</span> <span class='ocrx_word' id='word_1_4' title='bbox 855 278 1026 306; x_wconf 54' lang='lat' dir='ltr'>muns.</span> <span class='ocrx_word' id='word_1_5' title='bbox 1063 280 1145 306; x_wconf 78' lang='lat' dir='ltr'>Lm.</span> <span class='ocrx_word' id='word_1_6' title='bbox 1183 280 1230 306; x_wconf 94' lang='lat'>11.</span> <span class='ocrx_word' id='word_1_7' title='bbox 1366 267 1449 307; x_wconf 74' lang='lat'>863</span> 
     </span>
    </p>
   </div>
   <div class='ocr_carea' id='block_1_2' title="bbox 0 341 1483 2601">
    <p class='ocr_par' dir='ltr' id='par_1_2' title="bbox 0 341 1453 2036">
     <span class='ocr_line' id='line_1_2' title="bbox 19 341 1450 400; baseline 0.003 -16"><span class='ocrx_word' id='word_1_8' title='bbox 19 371 21 383; x_wconf 32' lang='grc' dir='ltr'><em>Α</em></span> <span class='ocrx_word' id='word_1_9' title='bbox 70 358 92 386; x_wconf 65' lang='grc' dir='ltr'><strong>υ</strong></span> <span class='ocrx_word' id='word_1_10' title='bbox 117 341 183 386; x_wconf 87' lang='lat' dir='ltr'>nis</span> <span class='ocrx_word' id='word_1_11' title='bbox 199 343 301 386; x_wconf 88' lang='lat' dir='ltr'>Jesu</span> <span class='ocrx_word' id='word_1_12' title='bbox 314 342 473 386; x_wconf 86' lang='lat' dir='ltr'>Christi</span> <span class='ocrx_word' id='word_1_13' title='bbox 489 343 534 385; x_wconf 90' lang='lat' dir='ltr'>in</span> <span class='ocrx_word' id='word_1_14' title='bbox 556 341 716 386; x_wconf 84' lang='lat' dir='ltr'>multos</span> <span class='ocrx_word' id='word_1_15' title='bbox 733 341 1012 387; x_wconf 77' lang='lat' dir='ltr'>abundavit1.</span> <span class='ocrx_word' id='word_1_16' title='bbox 1034 361 1054 385; x_wconf 76' lang='lat' dir='ltr'>n</span> <span class='ocrx_word' id='word_1_17' title='bbox 1080 343 1196 397; x_wconf 84' lang='lat' dir='ltr'>Quid</span> <span class='ocrx_word' id='word_1_18' title='bbox 1216 353 1294 400; x_wconf 88' lang='lat' dir='ltr'>est,</span> <span class='ocrx_word' id='word_1_19' title='bbox 1311 344 1450 389; x_wconf 89' lang='lat' dir='ltr'>multo</span> 
     </span>
     <span class='ocr_line' id='line_1_3' title="bbox 2 411 1453 473; baseline 0 -13"><span class='ocrx_word' id='word_1_20' title='bbox 2 426 19 460; x_wconf 75' lang='lat' dir='ltr'>tt</span> <span class='ocrx_word' id='word_1_21' title='bbox 68 413 203 471; x_wconf 84' lang='lat' dir='ltr'>magis</span> <span class='ocrx_word' id='word_1_22' title='bbox 223 411 498 457; x_wconf 77' lang='lat' dir='ltr'>abundavit?</span> <span class='ocrx_word' id='word_1_23' title='bbox 518 413 624 466; x_wconf 85' lang='lat' dir='ltr'><strong>Quia</strong></span> <span class='ocrx_word' id='word_1_24' title='bbox 646 427 794 457; x_wconf 90' lang='lat' dir='ltr'>omnes</span> <span class='ocrx_word' id='word_1_25' title='bbox 816 415 891 473; x_wconf 91' lang='lat' dir='ltr'>qui</span> <span class='ocrx_word' id='word_1_26' title='bbox 913 429 990 473; x_wconf 87' lang='lat' dir='ltr'>per</span> <span class='ocrx_word' id='word_1_27' title='bbox 1011 415 1230 459; x_wconf 87' lang='lat' dir='ltr'>Christum</span> <span class='ocrx_word' id='word_1_28' title='bbox 1262 414 1453 460; x_wconf 90' lang='lat' dir='ltr'>liberan-</span> 
     </span>
     <span class='ocr_line' id='line_1_4' title="bbox 0 482 1451 548; baseline 0.001 -20"><span class='ocrx_word' id='word_1_29' title='bbox 0 499 24 548; x_wconf 59' lang='grc' dir='ltr'><strong>ρ</strong></span> <span class='ocrx_word' id='word_1_30' title='bbox 66 494 152 537; x_wconf 87' lang='lat' dir='ltr'>tur,</span> <span class='ocrx_word' id='word_1_31' title='bbox 173 482 466 542; x_wconf 79' lang='lat' dir='ltr'>temporaliter</span> <span class='ocrx_word' id='word_1_32' title='bbox 483 491 659 542; x_wconf 89' lang='lat' dir='ltr'>propter</span> <span class='ocrx_word' id='word_1_33' title='bbox 678 482 818 527; x_wconf 85' lang='lat' dir='ltr'>Adam</span> <span class='ocrx_word' id='word_1_34' title='bbox 840 484 1102 538; x_wconf 88' lang='lat' dir='ltr'>moriuntur,</span> <span class='ocrx_word' id='word_1_35' title='bbox 1118 495 1294 544; x_wconf 89' lang='lat' dir='ltr'>propter</span> <span class='ocrx_word' id='word_1_36' title='bbox 1309 487 1451 546; x_wconf 86' lang='lat' dir='ltr'>ipsum</span> 
     </span>
     <span class='ocr_line' id='line_1_5' title="bbox 1 550 1450 629; baseline 0.001 -30"><span class='ocrx_word' id='word_1_37' title='bbox 1 550 29 629; x_wconf 48' lang='lat' dir='ltr'>ll</span> <span class='ocrx_word' id='word_1_38' title='bbox 63 563 206 599; x_wconf 82' lang='lat' dir='ltr'>autem</span> <span class='ocrx_word' id='word_1_39' title='bbox 231 553 449 598; x_wconf 86' lang='lat' dir='ltr'>Christum</span> <span class='ocrx_word' id='word_1_40' title='bbox 476 554 567 598; x_wconf 89' lang='lat' dir='ltr'>sine</span> <span class='ocrx_word' id='word_1_41' title='bbox 589 553 674 597; x_wconf 87' lang='lat' dir='ltr'>fine</span> <span class='ocrx_word' id='word_1_42' title='bbox 699 554 854 597; x_wconf 84' lang='lat' dir='ltr'>victuri</span> <span class='ocrx_word' id='word_1_43' title='bbox 875 563 989 598; x_wconf 82' lang='lat' dir='ltr'>sunt.</span> <span class='ocrx_word' id='word_1_44' title='bbox 1021 574 1040 596; x_wconf 90' lang='lat'>«</span> <span class='ocrx_word' id='word_1_45' title='bbox 1066 555 1181 599; x_wconf 85' lang='lat' dir='ltr'>Nihil</span> <span class='ocrx_word' id='word_1_46' title='bbox 1204 554 1323 600; x_wconf 86' lang='lat' dir='ltr'>aliud</span> <span class='ocrx_word' id='word_1_47' title='bbox 1343 571 1450 601; x_wconf 89' lang='lat' dir='ltr'>con-</span> 
     </span>
     <span class='ocr_line' id='line_1_6' title="bbox 0 615 1450 685; baseline 0.002 -16"><span class='ocrx_word' id='word_1_48' title='bbox 0 615 18 682; x_wconf 61' lang='lat' dir='ltr'>lv</span> <span class='ocrx_word' id='word_1_49' title='bbox 60 625 343 685; x_wconf 88' lang='lat' dir='ltr'>sequentibus</span> <span class='ocrx_word' id='word_1_50' title='bbox 380 624 575 683; x_wconf 87' lang='lat' dir='ltr'>Apostoli</span> <span class='ocrx_word' id='word_1_51' title='bbox 612 624 887 668; x_wconf 81' lang='lat' dir='ltr'>sermonibus</span> <span class='ocrx_word' id='word_1_52' title='bbox 928 624 1107 669; x_wconf 88' lang='lat' dir='ltr'>indicari</span> <span class='ocrx_word' id='word_1_53' title='bbox 1150 625 1365 685; x_wconf 72' lang='lat' dir='ltr'>professus</span> <span class='ocrx_word' id='word_1_54' title='bbox 1406 642 1450 672; x_wconf 89' lang='lat' dir='ltr'>es</span> 
     </span>
     <span class='ocr_line' id='line_1_7' title="bbox 0 691 1451 758; baseline 0.001 -18"><span class='ocrx_word' id='word_1_55' title='bbox 0 691 23 706; x_wconf 39' lang='lat'>’⁴</span> <span class='ocrx_word' id='word_1_56' title='bbox 59 711 189 758; x_wconf 87' lang='lat' dir='ltr'>quam</span> <span class='ocrx_word' id='word_1_57' title='bbox 220 695 427 753; x_wconf 80' lang='lat' dir='ltr'>originale</span> <span class='ocrx_word' id='word_1_58' title='bbox 454 704 682 755; x_wconf 82' lang='lat' dir='ltr'>peccatum</span> <span class='ocrx_word' id='word_1_59' title='bbox 707 712 716 739; x_wconf 92' lang='grc'>.·</span> <span class='ocrx_word' id='word_1_60' title='bbox 748 695 867 756; x_wconf 88' lang='lat' dir='ltr'>quod</span> <span class='ocrx_word' id='word_1_61' title='bbox 894 712 971 740; x_wconf 86' lang='lat' dir='ltr'>nos</span> <span class='ocrx_word' id='word_1_62' title='bbox 998 697 1332 756; x_wconf 85' lang='lat' dir='ltr'>approbavimus</span> <span class='ocrx_word' id='word_1_63' title='bbox 1359 699 1451 757; x_wconf 86' lang='lat' dir='ltr'>ipso</span> 
     </span>
     <span class='ocr_line' id='line_1_8' title="bbox 59 766 1448 828; baseline 0 -15"><span class='ocrx_word' id='word_1_64' title='bbox 59 769 123 814; x_wconf 85' lang='lat' dir='ltr'>sui</span> <span class='ocrx_word' id='word_1_65' title='bbox 155 766 331 811; x_wconf 85' lang='lat' dir='ltr'>exordio</span> <span class='ocrx_word' id='word_1_66' title='bbox 355 783 442 811; x_wconf 89' lang='lat' dir='ltr'>non</span> <span class='ocrx_word' id='word_1_67' title='bbox 466 767 520 812; x_wconf 88' lang='lat' dir='ltr'>ab</span> <span class='ocrx_word' id='word_1_68' title='bbox 542 782 594 811; x_wconf 92' lang='lat' dir='ltr'>eo</span> <span class='ocrx_word' id='word_1_69' title='bbox 625 777 845 811; x_wconf 88' lang='lat' dir='ltr'>ostensum</span> <span class='ocrx_word' id='word_1_70' title='bbox 877 767 1008 811; x_wconf 83' lang='lat' dir='ltr'>fuisse</span> <span class='ocrx_word' id='word_1_71' title='bbox 1025 803 1035 822; x_wconf 97' lang='lat'>,</span> <span class='ocrx_word' id='word_1_72' title='bbox 1067 767 1168 827; x_wconf 88' lang='lat' dir='ltr'>quia</span> <span class='ocrx_word' id='word_1_73' title='bbox 1194 784 1270 828; x_wconf 90' lang='lat' dir='ltr'>per</span> <span class='ocrx_word' id='word_1_74' title='bbox 1292 784 1448 824; x_wconf 89' lang='lat' dir='ltr'>unum,</span> 
     </span>
     <span class='ocr_line' id='line_1_9' title="bbox 59 839 1183 898; baseline -0.004 -15"><span class='ocrx_word' id='word_1_75' title='bbox 59 854 149 884; x_wconf 92' lang='lat' dir='ltr'>non</span> <span class='ocrx_word' id='word_1_76' title='bbox 167 853 246 897; x_wconf 90' lang='lat' dir='ltr'>per</span> <span class='ocrx_word' id='word_1_77' title='bbox 267 839 392 893; x_wconf 88' lang='lat' dir='ltr'>duos,</span> <span class='ocrx_word' id='word_1_78' title='bbox 417 848 645 898; x_wconf 88' lang='lat' dir='ltr'>peccatum</span> <span class='ocrx_word' id='word_1_79' title='bbox 669 839 869 882; x_wconf 83' lang='lat' dir='ltr'>transisse</span> <span class='ocrx_word' id='word_1_80' title='bbox 886 839 1143 897; x_wconf 47' lang='lat' dir='ltr'>signaverat,</span> <span class='ocrx_word' id='word_1_81' title='bbox 1163 857 1183 880; x_wconf 89' lang='lat'>»</span> 
     </span>
     <span class='ocr_line' id='line_1_10' title="bbox 11 909 1451 973; baseline 0.002 -20"><span class='ocrx_word' id='word_1_82' title='bbox 11 966 14 973; x_wconf 32' lang='grc' dir='ltr'>Ι</span> <span class='ocrx_word' id='word_1_83' title='bbox 117 913 408 954; x_wconf 64' lang='lat' dir='ltr'>Auansmus.</span> <span class='ocrx_word' id='word_1_84' title='bbox 446 912 541 953; x_wconf 87' lang='lat' dir='ltr'>Jam</span> <span class='ocrx_word' id='word_1_85' title='bbox 577 924 832 969; x_wconf 88' lang='lat' dir='ltr'>responsum</span> <span class='ocrx_word' id='word_1_86' title='bbox 868 918 962 963; x_wconf 87' lang='lat' dir='ltr'>est,</span> <span class='ocrx_word' id='word_1_87' title='bbox 1003 918 1046 953; x_wconf 91' lang='lat' dir='ltr'>et</span> <span class='ocrx_word' id='word_1_88' title='bbox 1078 909 1221 954; x_wconf 86' lang='lat' dir='ltr'>adhuc</span> <span class='ocrx_word' id='word_1_89' title='bbox 1256 920 1305 955; x_wconf 92' lang='lat' dir='ltr'>tu</span> <span class='ocrx_word' id='word_1_90' title='bbox 1341 926 1451 956; x_wconf 84' lang='lat' dir='ltr'>vana</span> 
     </span>
     <span class='ocr_line' id='line_1_11' title="bbox 10 980 1451 1041; baseline 0.001 -17"><span class='ocrx_word' id='word_1_91' title='bbox 10 991 15 998; x_wconf 87' lang='lat'>&#39;</span> <span class='ocrx_word' id='word_1_92' title='bbox 59 980 246 1040; x_wconf 88' lang='lat' dir='ltr'>loqueris</span> <span class='ocrx_word' id='word_1_93' title='bbox 272 999 281 1024; x_wconf 76' lang='grc' dir='ltr'>ι</span> <span class='ocrx_word' id='word_1_94' title='bbox 309 995 452 1040; x_wconf 89' lang='lat' dir='ltr'>neque</span> <span class='ocrx_word' id='word_1_95' title='bbox 473 981 589 1024; x_wconf 87' lang='lat' dir='ltr'>enim</span> <span class='ocrx_word' id='word_1_96' title='bbox 612 980 697 1024; x_wconf 85' lang='lat' dir='ltr'>hoc</span> <span class='ocrx_word' id='word_1_97' title='bbox 719 980 878 1024; x_wconf 88' lang='lat' dir='ltr'>mirum</span> <span class='ocrx_word' id='word_1_98' title='bbox 903 989 967 1024; x_wconf 89' lang='lat' dir='ltr'>est</span> <span class='ocrx_word' id='word_1_99' title='bbox 993 998 1002 1024; x_wconf 74' lang='grc' dir='ltr'>ε</span> <span class='ocrx_word' id='word_1_100' title='bbox 1031 980 1174 1024; x_wconf 87' lang='lat' dir='ltr'>adhuc</span> <span class='ocrx_word' id='word_1_101' title='bbox 1195 981 1311 1025; x_wconf 91' lang='lat' dir='ltr'>enim</span> <span class='ocrx_word' id='word_1_102' title='bbox 1343 981 1451 1041; x_wconf 88' lang='lat' dir='ltr'>quid</span> 
     </span>
     <span class='ocr_line' id='line_1_12' title="bbox 59 1050 1446 1111; baseline 0 -16"><span class='ocrx_word' id='word_1_103' title='bbox 59 1050 353 1110; x_wconf 84' lang='lat' dir='ltr'>responderim</span> <span class='ocrx_word' id='word_1_104' title='bbox 369 1052 506 1095; x_wconf 87' lang='lat' dir='ltr'>nescis</span> <span class='ocrx_word' id='word_1_105' title='bbox 528 1071 537 1096; x_wconf 86' lang='lat'><strong>:</strong></span> <span class='ocrx_word' id='word_1_106' title='bbox 557 1061 663 1095; x_wconf 88' lang='lat' dir='ltr'>tune</span> <span class='ocrx_word' id='word_1_107' title='bbox 679 1051 760 1095; x_wconf 88' lang='lat' dir='ltr'>eris</span> <span class='ocrx_word' id='word_1_108' title='bbox 781 1051 1078 1110; x_wconf 88' lang='lat' dir='ltr'>impudentior</span> <span class='ocrx_word' id='word_1_109' title='bbox 1093 1053 1270 1111; x_wconf 83' lang='lat' dir='ltr'>quando</span> <span class='ocrx_word' id='word_1_110' title='bbox 1287 1053 1446 1107; x_wconf 85' lang='lat' dir='ltr'>scieris,</span> 
     </span>
     <span class='ocr_line' id='line_1_13' title="bbox 6 1121 943 1167; baseline -0.002 0"><span class='ocrx_word' id='word_1_111' title='bbox 6 1155 7 1158; x_wconf 20' lang='grc' dir='ltr'>η</span> <span class='ocrx_word' id='word_1_112' title='bbox 55 1123 89 1167; x_wconf 90' lang='lat' dir='ltr'>si</span> <span class='ocrx_word' id='word_1_113' title='bbox 117 1122 238 1166; x_wconf 88' lang='lat' dir='ltr'>vanis</span> <span class='ocrx_word' id='word_1_114' title='bbox 261 1121 418 1166; x_wconf 88' lang='lat' dir='ltr'>relictis</span> <span class='ocrx_word' id='word_1_115' title='bbox 439 1137 540 1167; x_wconf 88' lang='lat' dir='ltr'>vera</span> <span class='ocrx_word' id='word_1_116' title='bbox 569 1131 716 1166; x_wconf 90' lang='lat' dir='ltr'>tenere</span> <span class='ocrx_word' id='word_1_117' title='bbox 738 1122 943 1166; x_wconf 87' lang='lat' dir='ltr'>nolueris.</span> 
     </span>
     <span class='ocr_line' id='line_1_14' title="bbox 9 1193 1451 1255; baseline 0 -18"><span class='ocrx_word' id='word_1_118' title='bbox 9 1250 12 1255; x_wconf 25' lang='grc' dir='ltr'>ι</span> <span class='ocrx_word' id='word_1_119' title='bbox 111 1195 246 1237; x_wconf 86' lang='lat' dir='ltr'>LXX.</span> <span class='ocrx_word' id='word_1_120' title='bbox 272 1195 296 1237; x_wconf 90' lang='lat' dir='ltr'><strong>J</strong></span> <span class='ocrx_word' id='word_1_121' title='bbox 304 1209 498 1238; x_wconf 65' lang='lat' dir='ltr'>mimos.</span> <span class='ocrx_word' id='word_1_122' title='bbox 530 1196 867 1238; x_wconf 84' lang='lat' dir='ltr'>«Verumtamen</span> <span class='ocrx_word' id='word_1_123' title='bbox 897 1202 1045 1237; x_wconf 89' lang='lat' dir='ltr'>utrum</span> <span class='ocrx_word' id='word_1_124' title='bbox 1066 1193 1112 1237; x_wconf 92' lang='lat' dir='ltr'>id</span> <span class='ocrx_word' id='word_1_125' title='bbox 1143 1193 1263 1253; x_wconf 83' lang='lat' dir='ltr'>quod</span> <span class='ocrx_word' id='word_1_126' title='bbox 1292 1203 1451 1253; x_wconf 83' lang='lat' dir='ltr'>praete-</span> 
     </span>
     <span class='ocr_line' id='line_1_15' title="bbox 54 1264 1453 1325; baseline 0.001 -15.964"><span class='ocrx_word' id='word_1_127' title='bbox 54 1265 181 1309; x_wconf 85' lang='lat' dir='ltr'>rierat</span> <span class='ocrx_word' id='word_1_128' title='bbox 201 1300 212 1320; x_wconf 92' lang='lat'>,</span> <span class='ocrx_word' id='word_1_129' title='bbox 242 1264 308 1308; x_wconf 86' lang='lat' dir='ltr'>vel</span> <span class='ocrx_word' id='word_1_130' title='bbox 341 1281 460 1310; x_wconf 89' lang='lat' dir='ltr'>nunc</span> <span class='ocrx_word' id='word_1_131' title='bbox 481 1266 655 1310; x_wconf 87' lang='lat' dir='ltr'>intimet</span> <span class='ocrx_word' id='word_1_132' title='bbox 677 1301 687 1320; x_wconf 89' lang='lat'>,</span> <span class='ocrx_word' id='word_1_133' title='bbox 721 1264 1058 1325; x_wconf 85' lang='lat' dir='ltr'>expendendum</span> <span class='ocrx_word' id='word_1_134' title='bbox 1088 1274 1167 1309; x_wconf 90' lang='lat' dir='ltr'>est.</span> <span class='ocrx_word' id='word_1_135' title='bbox 1198 1283 1217 1307; x_wconf 89' lang='lat'>«</span> <span class='ocrx_word' id='word_1_136' title='bbox 1250 1266 1375 1325; x_wconf 88' lang='lat' dir='ltr'>Uque</span> <span class='ocrx_word' id='word_1_137' title='bbox 1398 1266 1453 1310; x_wconf 88' lang='lat' dir='ltr'>ad</span> 
     </span>
     <span class='ocr_line' id='line_1_16' title="bbox 6 1336 1453 1396; baseline 0.001 -17"><span class='ocrx_word' id='word_1_138' title='bbox 6 1346 11 1357; x_wconf 69' lang='lat'><em>⁴</em></span> <span class='ocrx_word' id='word_1_139' title='bbox 58 1354 79 1378; x_wconf 87' lang='lat'>»</span> <span class='ocrx_word' id='word_1_140' title='bbox 105 1339 266 1395; x_wconf 85' lang='lat' dir='ltr'>Legem</span> <span class='ocrx_word' id='word_1_141' title='bbox 285 1371 295 1390; x_wconf 92' lang='lat'>,</span> <span class='ocrx_word' id='word_1_142' title='bbox 318 1338 487 1396; x_wconf 87' lang='lat' dir='ltr'>inquit,</span> <span class='ocrx_word' id='word_1_143' title='bbox 515 1346 744 1396; x_wconf 83' lang='lat' dir='ltr'>peccatum</span> <span class='ocrx_word' id='word_1_144' title='bbox 767 1337 811 1380; x_wconf 90' lang='lat' dir='ltr'>in</span> <span class='ocrx_word' id='word_1_145' title='bbox 829 1337 996 1381; x_wconf 84' lang='lat' dir='ltr'>mundo</span> <span class='ocrx_word' id='word_1_146' title='bbox 1020 1340 1052 1380; x_wconf 77' lang='lat'>².</span> <span class='ocrx_word' id='word_1_147' title='bbox 1085 1355 1105 1377; x_wconf 89' lang='lat'>»</span> <span class='ocrx_word' id='word_1_148' title='bbox 1134 1339 1199 1381; x_wconf 90' lang='lat' dir='ltr'>Tu</span> <span class='ocrx_word' id='word_1_149' title='bbox 1222 1336 1328 1381; x_wconf 90' lang='lat' dir='ltr'>dicis</span> <span class='ocrx_word' id='word_1_150' title='bbox 1351 1338 1453 1396; x_wconf 89' lang='lat' dir='ltr'>quia</span> 
     </span>
     <span class='ocr_line' id='line_1_17' title="bbox 3 1407 1448 1467; baseline 0.001 -16"><span class='ocrx_word' id='word_1_151' title='bbox 3 1412 5 1415; x_wconf 76' lang='grc'>’</span> <span class='ocrx_word' id='word_1_152' title='bbox 57 1407 141 1452; x_wconf 91' lang='lat' dir='ltr'>hoc</span> <span class='ocrx_word' id='word_1_153' title='bbox 190 1417 420 1467; x_wconf 86' lang='lat' dir='ltr'>peccatum</span> <span class='ocrx_word' id='word_1_154' title='bbox 465 1408 700 1467; x_wconf 80' lang='lat' dir='ltr'>Apostolus</span> <span class='ocrx_word' id='word_1_155' title='bbox 743 1407 941 1451; x_wconf 84' lang='lat' dir='ltr'>naturale</span> <span class='ocrx_word' id='word_1_156' title='bbox 992 1407 1179 1452; x_wconf 87' lang='lat' dir='ltr'>voluerit</span> <span class='ocrx_word' id='word_1_157' title='bbox 1220 1407 1403 1465; x_wconf 85' lang='lat' dir='ltr'>intelligi</span> <span class='ocrx_word' id='word_1_158' title='bbox 1440 1426 1448 1452; x_wconf 93' lang='lat'><strong>:</strong></span> 
     </span>
     <span class='ocr_line' id='line_1_18' title="bbox 6 1477 1451 1538; baseline 0 -17"><span class='ocrx_word' id='word_1_159' title='bbox 6 1482 9 1495; x_wconf 87' lang='lat'><strong>¹</strong></span> <span class='ocrx_word' id='word_1_160' title='bbox 57 1493 210 1538; x_wconf 84' lang='lat' dir='ltr'>quaero</span> <span class='ocrx_word' id='word_1_161' title='bbox 227 1493 346 1536; x_wconf 91' lang='lat' dir='ltr'>ergo,</span> <span class='ocrx_word' id='word_1_162' title='bbox 367 1478 400 1522; x_wconf 92' lang='lat' dir='ltr'>si</span> <span class='ocrx_word' id='word_1_163' title='bbox 420 1493 559 1537; x_wconf 85' lang='lat' dir='ltr'>usque</span> <span class='ocrx_word' id='word_1_164' title='bbox 576 1477 630 1521; x_wconf 85' lang='lat' dir='ltr'>ad</span> <span class='ocrx_word' id='word_1_165' title='bbox 653 1481 814 1536; x_wconf 87' lang='lat' dir='ltr'>Legem</span> <span class='ocrx_word' id='word_1_166' title='bbox 837 1479 937 1532; x_wconf 84' lang='lat' dir='ltr'>fuit,</span> <span class='ocrx_word' id='word_1_167' title='bbox 962 1493 1040 1521; x_wconf 89' lang='lat' dir='ltr'>cur</span> <span class='ocrx_word' id='word_1_168' title='bbox 1063 1478 1235 1522; x_wconf 83' lang='lat' dir='ltr'>desierit</span> <span class='ocrx_word' id='word_1_169' title='bbox 1249 1493 1338 1522; x_wconf 88' lang='lat' dir='ltr'>esse</span> <span class='ocrx_word' id='word_1_170' title='bbox 1354 1487 1451 1537; x_wconf 92' lang='lat' dir='ltr'>post</span> 
     </span>
     <span class='ocr_line' id='line_1_19' title="bbox 55 1548 1450 1608; baseline 0 -16"><span class='ocrx_word' id='word_1_171' title='bbox 55 1551 230 1606; x_wconf 84' lang='lat' dir='ltr'>Legem.</span> <span class='ocrx_word' id='word_1_172' title='bbox 252 1551 405 1608; x_wconf 88' lang='lat' dir='ltr'>Neque</span> <span class='ocrx_word' id='word_1_173' title='bbox 427 1549 543 1592; x_wconf 91' lang='lat' dir='ltr'>enim</span> <span class='ocrx_word' id='word_1_174' title='bbox 561 1548 804 1608; x_wconf 84' lang='lat' dir='ltr'>acquiesco,</span> <span class='ocrx_word' id='word_1_175' title='bbox 818 1559 867 1592; x_wconf 90' lang='lat' dir='ltr'>ut</span> <span class='ocrx_word' id='word_1_176' title='bbox 882 1564 1019 1608; x_wconf 90' lang='lat' dir='ltr'>usque</span> <span class='ocrx_word' id='word_1_177' title='bbox 1035 1548 1090 1591; x_wconf 90' lang='lat' dir='ltr'>ad</span> <span class='ocrx_word' id='word_1_178' title='bbox 1115 1551 1288 1605; x_wconf 84' lang='lat' dir='ltr'>Legem,</span> <span class='ocrx_word' id='word_1_179' title='bbox 1311 1563 1450 1608; x_wconf 87' lang='lat' dir='ltr'>usque</span> 
     </span>
     <span class='ocr_line' id='line_1_20' title="bbox 6 1612 1444 1680; baseline -0.001 -17"><span class='ocrx_word' id='word_1_180' title='bbox 6 1612 8 1617; x_wconf 40' lang='lat'>⁸</span> <span class='ocrx_word' id='word_1_181' title='bbox 56 1619 111 1664; x_wconf 84' lang='lat' dir='ltr'>ad</span> <span class='ocrx_word' id='word_1_182' title='bbox 132 1620 263 1663; x_wconf 91' lang='lat' dir='ltr'>finem</span> <span class='ocrx_word' id='word_1_183' title='bbox 280 1621 371 1680; x_wconf 88' lang='lat' dir='ltr'>ejus</span> <span class='ocrx_word' id='word_1_184' title='bbox 388 1656 398 1675; x_wconf 90' lang='lat'>,</span> <span class='ocrx_word' id='word_1_185' title='bbox 418 1621 563 1679; x_wconf 88' lang='lat' dir='ltr'>potius</span> <span class='ocrx_word' id='word_1_186' title='bbox 579 1635 712 1680; x_wconf 88' lang='lat' dir='ltr'>quam</span> <span class='ocrx_word' id='word_1_187' title='bbox 732 1636 871 1680; x_wconf 89' lang='lat' dir='ltr'>usque</span> <span class='ocrx_word' id='word_1_188' title='bbox 898 1621 953 1664; x_wconf 90' lang='lat' dir='ltr'>ad</span> <span class='ocrx_word' id='word_1_189' title='bbox 971 1629 1168 1664; x_wconf 83' lang='lat' dir='ltr'>exortum</span> <span class='ocrx_word' id='word_1_190' title='bbox 1188 1619 1444 1678; x_wconf 87' lang='lat' dir='ltr'>intelligam.</span> 
     </span>
     <span class='ocr_line' id='line_1_21' title="bbox 6 1687 1446 1750; baseline -0.001 -15"><span class='ocrx_word' id='word_1_191' title='bbox 6 1687 7 1690; x_wconf 30' lang='lat'>¹</span> <span class='ocrx_word' id='word_1_192' title='bbox 54 1693 226 1735; x_wconf 88' lang='lat' dir='ltr'>Mecum</span> <span class='ocrx_word' id='word_1_193' title='bbox 253 1688 355 1735; x_wconf 85' lang='lat' dir='ltr'>facit</span> <span class='ocrx_word' id='word_1_194' title='bbox 365 1690 487 1734; x_wconf 89' lang='lat' dir='ltr'>verbi</span> <span class='ocrx_word' id='word_1_195' title='bbox 503 1691 742 1750; x_wconf 86' lang='lat' dir='ltr'>proprietas</span> <span class='ocrx_word' id='word_1_196' title='bbox 761 1710 769 1734; x_wconf 90' lang='lat'><strong>:</strong></span> <span class='ocrx_word' id='word_1_197' title='bbox 791 1690 912 1750; x_wconf 88' lang='lat' dir='ltr'>quod</span> <span class='ocrx_word' id='word_1_198' title='bbox 926 1690 1030 1734; x_wconf 84' lang='lat' dir='ltr'>dicit</span> <span class='ocrx_word' id='word_1_199' title='bbox 1052 1707 1190 1750; x_wconf 86' lang='lat' dir='ltr'>usque</span> <span class='ocrx_word' id='word_1_200' title='bbox 1210 1689 1264 1734; x_wconf 85' lang='lat' dir='ltr'>ad</span> <span class='ocrx_word' id='word_1_201' title='bbox 1286 1694 1446 1749; x_wconf 90' lang='lat' dir='ltr'>Legem</span> 
     </span>
     <span class='ocr_line' id='line_1_22' title="bbox 53 1760 1449 1822; baseline -0.001 -16"><span class='ocrx_word' id='word_1_202' title='bbox 53 1760 210 1817; x_wconf 82' lang='lat' dir='ltr'>fuisse,</span> <span class='ocrx_word' id='word_1_203' title='bbox 251 1761 441 1806; x_wconf 88' lang='lat' dir='ltr'>ostendit</span> <span class='ocrx_word' id='word_1_204' title='bbox 471 1778 560 1807; x_wconf 90' lang='lat' dir='ltr'>non</span> <span class='ocrx_word' id='word_1_205' title='bbox 595 1777 683 1806; x_wconf 91' lang='lat' dir='ltr'>esse</span> <span class='ocrx_word' id='word_1_206' title='bbox 714 1761 811 1821; x_wconf 86' lang='lat' dir='ltr'>post</span> <span class='ocrx_word' id='word_1_207' title='bbox 840 1765 996 1819; x_wconf 88' lang='lat' dir='ltr'>Legem</span> <span class='ocrx_word' id='word_1_208' title='bbox 1024 1782 1035 1818; x_wconf 79' lang='lat'>3</span> <span class='ocrx_word' id='word_1_209' title='bbox 1067 1771 1110 1806; x_wconf 85' lang='lat' dir='ltr'>et</span> <span class='ocrx_word' id='word_1_210' title='bbox 1133 1760 1449 1822; x_wconf 85' lang='lat' dir='ltr'>quodcumque</span> 
     </span>
     <span class='ocr_line' id='line_1_23' title="bbox 53 1830 1447 1892; baseline -0.001 -15"><span class='ocrx_word' id='word_1_211' title='bbox 53 1841 248 1892; x_wconf 89' lang='lat' dir='ltr'>tempore</span> <span class='ocrx_word' id='word_1_212' title='bbox 274 1833 467 1877; x_wconf 89' lang='lat' dir='ltr'>ablatum</span> <span class='ocrx_word' id='word_1_213' title='bbox 495 1843 583 1888; x_wconf 89' lang='lat' dir='ltr'>est,</span> <span class='ocrx_word' id='word_1_214' title='bbox 619 1833 818 1877; x_wconf 84' lang='lat' dir='ltr'>naturale</span> <span class='ocrx_word' id='word_1_215' title='bbox 848 1848 935 1876; x_wconf 88' lang='lat' dir='ltr'>non</span> <span class='ocrx_word' id='word_1_216' title='bbox 960 1830 1057 1876; x_wconf 91' lang='lat' dir='ltr'>fuit.</span> <span class='ocrx_word' id='word_1_217' title='bbox 1091 1832 1219 1885; x_wconf 87' lang='lat' dir='ltr'>Quod</span> <span class='ocrx_word' id='word_1_218' title='bbox 1245 1847 1347 1890; x_wconf 90' lang='lat' dir='ltr'>ergo</span> <span class='ocrx_word' id='word_1_219' title='bbox 1376 1833 1447 1875; x_wconf 92' lang='lat' dir='ltr'>in-</span> 
     </span>
     <span class='ocr_line' id='line_1_24' title="bbox 53 1902 1446 1964; baseline -0.001 -17"><span class='ocrx_word' id='word_1_220' title='bbox 53 1902 182 1962; x_wconf 86' lang='lat' dir='ltr'>fregit</span> <span class='ocrx_word' id='word_1_221' title='bbox 217 1919 398 1949; x_wconf 84' lang='lat' dir='ltr'>censura</span> <span class='ocrx_word' id='word_1_222' title='bbox 421 1905 547 1964; x_wconf 89' lang='lat' dir='ltr'>Legis</span> <span class='ocrx_word' id='word_1_223' title='bbox 567 1940 578 1960; x_wconf 95' lang='lat'>,</span> <span class='ocrx_word' id='word_1_224' title='bbox 603 1915 647 1949; x_wconf 91' lang='lat' dir='ltr'>et</span> <span class='ocrx_word' id='word_1_225' title='bbox 668 1903 950 1963; x_wconf 86' lang='lat' dir='ltr'>infringendo</span> <span class='ocrx_word' id='word_1_226' title='bbox 976 1919 1027 1947; x_wconf 90' lang='lat' dir='ltr'>ex</span> <span class='ocrx_word' id='word_1_227' title='bbox 1054 1902 1191 1947; x_wconf 90' lang='lat' dir='ltr'>multa</span> <span class='ocrx_word' id='word_1_228' title='bbox 1208 1912 1329 1962; x_wconf 88' lang='lat' dir='ltr'>parte</span> <span class='ocrx_word' id='word_1_229' title='bbox 1355 1918 1446 1947; x_wconf 89' lang='lat' dir='ltr'>res-</span> 
     </span>
     <span class='ocr_line' id='line_1_25' title="bbox 55 1975 1400 2036; baseline -0.001 -18"><span class='ocrx_word' id='word_1_230' title='bbox 55 1975 204 2031; x_wconf 85' lang='lat' dir='ltr'>tinxit,</span> <span class='ocrx_word' id='word_1_231' title='bbox 228 1976 468 2020; x_wconf 84' lang='lat' dir='ltr'>imitatione</span> <span class='ocrx_word' id='word_1_232' title='bbox 485 1985 679 2036; x_wconf 87' lang='lat' dir='ltr'>apparet,</span> <span class='ocrx_word' id='word_1_233' title='bbox 698 1991 787 2020; x_wconf 90' lang='lat' dir='ltr'>non</span> <span class='ocrx_word' id='word_1_234' title='bbox 806 1976 1081 2034; x_wconf 85' lang='lat' dir='ltr'>generatione</span> <span class='ocrx_word' id='word_1_235' title='bbox 1102 1983 1400 2033; x_wconf 88' lang='lat' dir='ltr'>susceptum.»</span> 
     </span>
    </p>

    <p class='ocr_par' dir='ltr' id='par_1_3' title="bbox 111 2044 1446 2105">
     <span class='ocr_line' id='line_1_26' title="bbox 111 2044 1446 2105; baseline -0.001 -15"><span class='ocrx_word' id='word_1_236' title='bbox 111 2048 404 2091; x_wconf 58' lang='lat' dir='ltr'>Anat-smus.</span> <span class='ocrx_word' id='word_1_237' title='bbox 438 2048 476 2091; x_wconf 90' lang='grc' dir='ltr'><strong>Ο</strong></span> <span class='ocrx_word' id='word_1_238' title='bbox 514 2045 786 2091; x_wconf 89' lang='lat' dir='ltr'>intellectum</span> <span class='ocrx_word' id='word_1_239' title='bbox 807 2081 817 2101; x_wconf 97' lang='lat'>,</span> <span class='ocrx_word' id='word_1_240' title='bbox 841 2047 948 2105; x_wconf 91' lang='lat' dir='ltr'>quid</span> <span class='ocrx_word' id='word_1_241' title='bbox 979 2044 1099 2089; x_wconf 85' lang='lat' dir='ltr'>aliud</span> <span class='ocrx_word' id='word_1_242' title='bbox 1120 2044 1262 2089; x_wconf 90' lang='lat' dir='ltr'>dicam</span> <span class='ocrx_word' id='word_1_243' title='bbox 1279 2080 1290 2100; x_wconf 92' lang='lat'>,</span> <span class='ocrx_word' id='word_1_244' title='bbox 1315 2059 1446 2105; x_wconf 90' lang='lat' dir='ltr'>quam</span> 
     </span>
    </p>

    <p class='ocr_par' dir='ltr' id='par_1_4' title="bbox 0 2115 1483 2601">
     <span class='ocr_line' id='line_1_27' title="bbox 53 2115 1446 2176; baseline 0 -16"><span class='ocrx_word' id='word_1_245' title='bbox 53 2117 306 2161; x_wconf 62' lang='lat' dir='ltr'>haereticum</span> <span class='ocrx_word' id='word_1_246' title='bbox 336 2118 344 2161; x_wconf 72' lang='lat' dir='ltr'>t</span> <span class='ocrx_word' id='word_1_247' title='bbox 375 2118 417 2162; x_wconf 90' lang='lat' dir='ltr'>Si</span> <span class='ocrx_word' id='word_1_248' title='bbox 433 2132 534 2175; x_wconf 86' lang='lat' dir='ltr'>ergo</span> <span class='ocrx_word' id='word_1_249' title='bbox 557 2120 647 2161; x_wconf 86' lang='lat' dir='ltr'>Lex</span> <span class='ocrx_word' id='word_1_250' title='bbox 678 2117 855 2161; x_wconf 88' lang='lat' dir='ltr'>abstulit</span> <span class='ocrx_word' id='word_1_251' title='bbox 877 2125 1107 2176; x_wconf 88' lang='lat' dir='ltr'>peecatum</span> <span class='ocrx_word' id='word_1_252' title='bbox 1128 2151 1138 2170; x_wconf 92' lang='lat'>,</span> <span class='ocrx_word' id='word_1_253' title='bbox 1163 2116 1265 2176; x_wconf 91' lang='lat' dir='ltr'>quia</span> <span class='ocrx_word' id='word_1_254' title='bbox 1288 2116 1351 2160; x_wconf 89' lang='lat' dir='ltr'>sic</span> <span class='ocrx_word' id='word_1_255' title='bbox 1383 2115 1446 2161; x_wconf 90' lang='lat' dir='ltr'>vis</span> 
     </span>
     <span class='ocr_line' id='line_1_28' title="bbox 53 2187 1438 2248; baseline -0.001 -17"><span class='ocrx_word' id='word_1_256' title='bbox 53 2187 237 2247; x_wconf 88' lang='lat' dir='ltr'>intelligi</span> <span class='ocrx_word' id='word_1_257' title='bbox 258 2207 278 2230; x_wconf 92' lang='lat'>«</span> <span class='ocrx_word' id='word_1_258' title='bbox 294 2203 432 2248; x_wconf 88' lang='lat' dir='ltr'>usque</span> <span class='ocrx_word' id='word_1_259' title='bbox 449 2189 503 2232; x_wconf 87' lang='lat' dir='ltr'>ad</span> <span class='ocrx_word' id='word_1_260' title='bbox 526 2192 706 2247; x_wconf 86' lang='lat' dir='ltr'>Legem:</span> <span class='ocrx_word' id='word_1_261' title='bbox 721 2207 740 2230; x_wconf 88' lang='lat'>»</span> <span class='ocrx_word' id='word_1_262' title='bbox 758 2188 841 2233; x_wconf 85' lang='lat' dir='ltr'>fuit</span> <span class='ocrx_word' id='word_1_263' title='bbox 863 2203 966 2246; x_wconf 87' lang='lat' dir='ltr'>ergo</span> <span class='ocrx_word' id='word_1_264' title='bbox 986 2203 1063 2248; x_wconf 88' lang='lat' dir='ltr'>per</span> <span class='ocrx_word' id='word_1_265' title='bbox 1083 2191 1242 2245; x_wconf 87' lang='lat' dir='ltr'>Legem</span> <span class='ocrx_word' id='word_1_266' title='bbox 1256 2187 1438 2247; x_wconf 87' lang='lat' dir='ltr'>justitia.</span> 
     </span>
     <span class='ocr_line' id='line_1_29' title="bbox 56 2259 1446 2319; baseline 0 -18"><span class='ocrx_word' id='word_1_267' title='bbox 56 2277 78 2301; x_wconf 76' lang='grc' dir='ltr'>(ι</span> <span class='ocrx_word' id='word_1_268' title='bbox 105 2259 148 2304; x_wconf 91' lang='lat' dir='ltr'>Si</span> <span class='ocrx_word' id='word_1_269' title='bbox 183 2274 259 2318; x_wconf 90' lang='lat' dir='ltr'>per</span> <span class='ocrx_word' id='word_1_270' title='bbox 285 2262 444 2317; x_wconf 88' lang='lat' dir='ltr'>Legem</span> <span class='ocrx_word' id='word_1_271' title='bbox 472 2259 639 2318; x_wconf 87' lang='lat' dir='ltr'>justitia</span> <span class='ocrx_word' id='word_1_272' title='bbox 672 2281 683 2318; x_wconf 75' lang='lat'><em>3</em></span> <span class='ocrx_word' id='word_1_273' title='bbox 722 2275 826 2319; x_wconf 88' lang='lat' dir='ltr'>ergo</span> <span class='ocrx_word' id='word_1_274' title='bbox 853 2260 1050 2304; x_wconf 88' lang='lat' dir='ltr'>Christus</span> <span class='ocrx_word' id='word_1_275' title='bbox 1085 2259 1215 2317; x_wconf 86' lang='lat' dir='ltr'>gratis</span> <span class='ocrx_word' id='word_1_276' title='bbox 1246 2268 1446 2302; x_wconf 90' lang='lat' dir='ltr'>mortuus</span> 
     </span>
     <span class='ocr_line' id='line_1_30' title="bbox 55 2329 1444 2389; baseline 0.001 -19"><span class='ocrx_word' id='word_1_277' title='bbox 55 2347 77 2371; x_wconf 88' lang='lat'>»</span> <span class='ocrx_word' id='word_1_278' title='bbox 104 2339 167 2374; x_wconf 91' lang='lat' dir='ltr'>est</span> <span class='ocrx_word' id='word_1_279' title='bbox 190 2331 222 2374; x_wconf 79' lang='lat'>3.</span> <span class='ocrx_word' id='word_1_280' title='bbox 257 2347 278 2371; x_wconf 85' lang='lat'>»</span> <span class='ocrx_word' id='word_1_281' title='bbox 313 2330 355 2375; x_wconf 91' lang='lat' dir='ltr'>Si</span> <span class='ocrx_word' id='word_1_282' title='bbox 384 2339 527 2374; x_wconf 87' lang='lat' dir='ltr'>autem</span> <span class='ocrx_word' id='word_1_283' title='bbox 564 2339 792 2389; x_wconf 87' lang='lat' dir='ltr'>peccatum</span> <span class='ocrx_word' id='word_1_284' title='bbox 825 2333 915 2374; x_wconf 86' lang='lat' dir='ltr'>Lex</span> <span class='ocrx_word' id='word_1_285' title='bbox 946 2345 1036 2374; x_wconf 93' lang='lat' dir='ltr'>non</span> <span class='ocrx_word' id='word_1_286' title='bbox 1067 2329 1246 2373; x_wconf 87' lang='lat' dir='ltr'>abstulit</span> <span class='ocrx_word' id='word_1_287' title='bbox 1277 2339 1327 2372; x_wconf 91' lang='lat' dir='ltr'>ut</span> <span class='ocrx_word' id='word_1_288' title='bbox 1354 2343 1444 2372; x_wconf 92' lang='lat' dir='ltr'>non</span> 
     </span>
     <span class='ocr_line' id='line_1_31' title="bbox 53 2400 1441 2460; baseline -0.001 -16"><span class='ocrx_word' id='word_1_289' title='bbox 53 2410 179 2455; x_wconf 89' lang='lat' dir='ltr'>esset,</span> <span class='ocrx_word' id='word_1_290' title='bbox 204 2400 324 2460; x_wconf 89' lang='lat' dir='ltr'>quod</span> <span class='ocrx_word' id='word_1_291' title='bbox 346 2401 465 2460; x_wconf 90' lang='lat' dir='ltr'>prius</span> <span class='ocrx_word' id='word_1_292' title='bbox 483 2416 576 2445; x_wconf 85' lang='lat' dir='ltr'>eam</span> <span class='ocrx_word' id='word_1_293' title='bbox 600 2400 749 2446; x_wconf 88' lang='lat' dir='ltr'>fecisse</span> <span class='ocrx_word' id='word_1_294' title='bbox 767 2401 951 2458; x_wconf 86' lang='lat' dir='ltr'>dixeras,</span> <span class='ocrx_word' id='word_1_295' title='bbox 967 2410 1010 2444; x_wconf 88' lang='lat' dir='ltr'>et</span> <span class='ocrx_word' id='word_1_296' title='bbox 1026 2416 1126 2444; x_wconf 90' lang='lat' dir='ltr'>mox</span> <span class='ocrx_word' id='word_1_297' title='bbox 1144 2409 1186 2443; x_wconf 90' lang='lat' dir='ltr'>te</span> <span class='ocrx_word' id='word_1_298' title='bbox 1208 2400 1441 2457; x_wconf 61' lang='lat' dir='ltr'>poenituit,</span> 
     </span>
     <span class='ocr_line' id='line_1_32' title="bbox 53 2469 1444 2530; baseline -0.001 -14"><span class='ocrx_word' id='word_1_299' title='bbox 53 2472 129 2516; x_wconf 87' lang='lat' dir='ltr'>sed</span> <span class='ocrx_word' id='word_1_300' title='bbox 150 2481 296 2516; x_wconf 86' lang='lat' dir='ltr'>tamen</span> <span class='ocrx_word' id='word_1_301' title='bbox 320 2481 544 2530; x_wconf 65' lang='lat' dir='ltr'>pecc-atum</span> <span class='ocrx_word' id='word_1_302' title='bbox 572 2474 658 2515; x_wconf 84' lang='lat' dir='ltr'>Lex</span> <span class='ocrx_word' id='word_1_303' title='bbox 687 2472 880 2530; x_wconf 86' lang='lat' dir='ltr'>infregit,</span> <span class='ocrx_word' id='word_1_304' title='bbox 905 2480 954 2515; x_wconf 91' lang='lat' dir='ltr'>ut</span> <span class='ocrx_word' id='word_1_305' title='bbox 973 2479 1122 2530; x_wconf 78' lang='lat' dir='ltr'>postea</span> <span class='ocrx_word' id='word_1_306' title='bbox 1144 2469 1378 2523; x_wconf 88' lang='lat' dir='ltr'>correxisti,</span> <span class='ocrx_word' id='word_1_307' title='bbox 1400 2479 1444 2515; x_wconf 87' lang='lat' dir='ltr'>et</span> 
     </span>
     <span class='ocr_line' id='line_1_33' title="bbox 0 2540 1483 2601; baseline -0.003 -14"><span class='ocrx_word' id='word_1_308' title='bbox 0 2569 1 2582; x_wconf 59' lang='grc' dir='ltr'><strong>ι</strong></span> <span class='ocrx_word' id='word_1_309' title='bbox 54 2558 104 2587; x_wconf 89' lang='lat' dir='ltr'>ex</span> <span class='ocrx_word' id='word_1_310' title='bbox 140 2541 278 2586; x_wconf 87' lang='lat' dir='ltr'>multa</span> <span class='ocrx_word' id='word_1_311' title='bbox 312 2550 434 2601; x_wconf 85' lang='lat' dir='ltr'>parte</span> <span class='ocrx_word' id='word_1_312' title='bbox 464 2542 658 2587; x_wconf 83' lang='lat' dir='ltr'>restinxit</span> <span class='ocrx_word' id='word_1_313' title='bbox 686 2561 695 2587; x_wconf 91' lang='lat'>:</span> <span class='ocrx_word' id='word_1_314' title='bbox 734 2542 942 2586; x_wconf 89' lang='lat' dir='ltr'>mentitus</span> <span class='ocrx_word' id='word_1_315' title='bbox 977 2549 1040 2585; x_wconf 88' lang='lat' dir='ltr'>est</span> <span class='ocrx_word' id='word_1_316' title='bbox 1071 2540 1148 2600; x_wconf 87' lang='lat' dir='ltr'>qui</span> <span class='ocrx_word' id='word_1_317' title='bbox 1183 2541 1241 2585; x_wconf 91' lang='lat' dir='ltr'>ait</span> <span class='ocrx_word' id='word_1_318' title='bbox 1270 2560 1278 2584; x_wconf 87' lang='lat'>:</span> <span class='ocrx_word' id='word_1_319' title='bbox 1308 2543 1442 2584; x_wconf 87' lang='lat' dir='ltr'>«Lex</span> <span class='ocrx_word' id='word_1_320' title='bbox 1476 2547 1483 2553; x_wconf 81' lang='grc'><strong>“</strong></span> 
     </span>
    </p>
   </div>
   <div class='ocr_carea' id='block_1_3' title="bbox 103 2626 926 2668">
    <p class='ocr_par' dir='ltr' id='par_1_5' title="bbox 103 2626 926 2668">
     <span class='ocr_line' id='line_1_34' title="bbox 103 2626 926 2668; baseline -0.004 -9"><span class='ocrx_word' id='word_1_321' title='bbox 103 2635 107 2649; x_wconf 89' lang='grc'><strong><em>·</em></strong></span> <span class='ocrx_word' id='word_1_322' title='bbox 134 2629 224 2659; x_wconf 84' lang='lat' dir='ltr'>Rom.</span> <span class='ocrx_word' id='word_1_323' title='bbox 244 2638 277 2668; x_wconf 86' lang='lat' dir='ltr'>v,</span> <span class='ocrx_word' id='word_1_324' title='bbox 300 2627 402 2660; x_wconf 84' lang='lat'><strong>15.—</strong></span> <span class='ocrx_word' id='word_1_325' title='bbox 419 2634 431 2650; x_wconf 84' lang='lat'><strong>²</strong></span> <span class='ocrx_word' id='word_1_326' title='bbox 455 2627 537 2660; x_wconf 87' lang='lat' dir='ltr'>lbid.</span> <span class='ocrx_word' id='word_1_327' title='bbox 560 2627 611 2659; x_wconf 83' lang='lat'>13.</span> <span class='ocrx_word' id='word_1_328' title='bbox 631 2645 672 2651; x_wconf 91' lang='lat'>—-</span> <span class='ocrx_word' id='word_1_329' title='bbox 692 2626 703 2650; x_wconf 85' lang='lat'>3</span> <span class='ocrx_word' id='word_1_330' title='bbox 726 2626 794 2660; x_wconf 80' lang='lat' dir='ltr'>Gal.</span> <span class='ocrx_word' id='word_1_331' title='bbox 816 2638 849 2667; x_wconf 88' lang='lat' dir='ltr'>n,</span> <span class='ocrx_word' id='word_1_332' title='bbox 874 2636 926 2659; x_wconf 82' lang='lat'>21.</span> 
     </span>
    </p>
   </div>
   <div class='ocr_carea' id='block_1_4' title="bbox 0 631 31 2561">
    <p class='ocr_par' dir='ltr' id='par_1_6' title="bbox 0 631 31 2561">
     <span class='ocr_line' id='line_1_35' title="bbox 0 631 31 2561; baseline 0 0"><span class='ocrx_word' id='word_1_333' title='bbox 0 631 31 2561; x_wconf 95' lang='lat' dir='ltr'> </span> 
     </span>
    </p>
   </div>
  </div>
 </body>
</html>
