1821 3264
548 269 820 299 ARROTATion
827 271 887 298 κε..
1322 259 1405 298 495

22 335 222 381 Pontifici
264 335 389 379 binas
427 350 557 394 super
588 335 900 395 quaestionibus
934 334 989 379 de
1032 336 1166 393 gratia
1206 336 1406 393 epistolas

23 406 190 450 dedisse
212 419 312 448 enm
334 405 585 464 reperimus.

84 476 374 533 Hieronymus
389 475 618 533 Vignerius
639 474 786 532 primis
812 474 1078 532 temporibus
1103 474 1310 517 haereseos
1326 477 1407 517 Ju-

26 546 125 591 nani
149 546 334 605 assignat
350 545 396 590 id
413 545 533 605 quod
548 544 683 590 habet
699 544 947 589 Gennadius
962 579 974 598 ‚
998 543 1123 588 illum
1148 559 1224 602 per
1245 544 1405 588 famem

23 626 154 677 atque
168 625 403 676 egestatem
415 617 636 676 publicam
653 615 915 675 pauperibus
937 614 1187 673 dilargitum
1205 629 1294 658 esse
1308 629 1404 658 suas

23 686 250 742 facultates
271 722 281 742 ,
312 697 357 732 et
383 688 515 732 hacce
543 686 760 731 charitatis
783 686 924 744 speeie
950 699 1080 744 quam
1112 684 1320 742 plurimos
1350 683 1404 727 ad

23 772 144 802 suam
163 758 377 813 haeresim,
390 758 572 802 maxime
588 771 639 800 ex
657 771 813 815 genere
831 770 980 800 eorum
1000 755 1074 814 qui
1098 754 1246 812 pietati
1263 752 1407 796 addic-

25 828 154 873 tiores
174 829 438 873 videbantur
456 863 467 883 ‚
491 827 749 887 adjunxisse.
776 829 870 879 Qua
893 826 948 870 de
970 840 1014 868 re
1042 823 1084 869 id
1112 824 1236 868 nobis
1270 838 1406 866 unum

25 900 254 944 observare
271 899 370 944 licet
384 935 394 954 ‚
421 900 467 943 in
488 907 706 958 postremo
726 913 804 941 suo
821 912 949 954 opere
972 897 1186 939 affirmare
1202 894 1408 953 Augusti-

25 985 131 1013 num
152 1004 163 1024 ,
183 969 310 1013 illum
336 985 360 1014 a
381 969 546 1013 miseris
572 983 681 1028 quos
709 966 968 1025 deceperat,
994 966 1179 1009 otiosum
1203 964 1258 1007 ali
1288 983 1298 1019 3
1329 979 1408 1006 nec

26 1057 149 1102 posse
169 1042 311 1102 ipsum
333 1040 568 1086 scribendis
585 1056 633 1084 ac
654 1038 870 1084 dictandis
892 1038 1012 1082 libris
1030 1051 1197 1090 vacare,
1218 1036 1251 1079 si
1270 1035 1411 1079 nolint

25 1113 223 1157 homines
243 1113 281 1156 ei
306 1113 472 1157 victum
500 1110 826 1155 subministrare
852 1117 1139 1167 sumptusque
1165 1120 1410 1163 congruen-

26 1191 113 1228 tes:
137 1183 258 1242 quod
279 1182 458 1242 quidem
480 1197 580 1225 eum
598 1191 703 1225 tunc
729 1179 854 1223 nullo
876 1187 1095 1237 proventu
1116 1192 1194 1221 suo
1210 1175 1277 1221 vel
1298 1175 1412 1219 fruc-

27 1255 144 1299 tibus
167 1254 323 1299 vixisse
341 1289 351 1309 ‚
388 1253 486 1297 satis
507 1252 704 1310 designat
731 1272 742 1309 3
766 1266 856 1295 non
889 1259 1032 1293 tamen
1053 1249 1156 1292 inde
1181 1247 1412 1306 quisquam

28 1324 219 1383 colligat,
245 1325 488 1383 Augustino
510 1324 778 1382 exploratum
806 1320 935 1365 fuisse
952 1355 963 1375 ,
994 1319 1121 1364 illum
1153 1317 1413 1376 impendisse

30 1396 192 1449 omnia,
211 1411 303 1455 qno
313 1395 540 1454 penuriam
558 1394 743 1438 alienam
756 1391 936 1436 levaret.

91 1470 206 1521 Ann,
229 1475 281 1510 ut
294 1465 474 1525 quidem
498 1464 686 1519 videtur,
706 1467 806 1506 419.
826 1462 861 1506 is
888 1476 975 1505 una
992 1475 1093 1504 cum
1111 1458 1202 1504 aliis
1225 1456 1415 1516 ejusdem

33 1545 164 1582 sectae
198 1536 409 1596 episcopis
439 1535 495 1580 ad
524 1534 689 1579 Rufum
725 1531 1150 1576 Thessalonicensem
1183 1526 1415 1572 antistitem

33 1607 201 1666 scripsit
226 1628 239 1664 ς
276 1621 357 1651 nec
383 1621 473 1651 non
507 1608 693 1650 Romam
715 1603 771 1647 ad
793 1603 952 1646 amicos
971 1635 982 1654 ,
1007 1608 1057 1644 ut
1079 1600 1125 1643 in
1157 1612 1302 1641 errore
1323 1595 1418 1639 illos

31 1679 326 1732 confirmaret,
349 1677 515 1721 litteras
533 1676 649 1719 misit
675 1693 684 1718 z
710 1673 792 1718 su'n
818 1671 940 1731 quod
959 1670 1088 1714 etiam
1106 1678 1279 1726 tempus
1310 1666 1418 1725 prio-

0 1775 11 1783 *
33 1765 124 1793 rem
146 1749 378 1808 Augustini
395 1747 558 1791 librum
586 1746 641 1790 de
669 1743 841 1803 Nuptiis
870 1752 913 1787 et
941 1738 1292 1799 concupiscentia
1317 1751 1419 1795 qua-

35 1830 139 1867 tuor
158 1819 456 1865 voluminibus
470 1816 666 1862 refellere
685 1823 865 1860 conatus
879 1822 957 1858 est.

95 1895 208 1937 Cum
230 1900 380 1951 postea
396 1889 537 1934 solum
557 1897 722 1932 vertere
745 1894 851 1930 esset
867 1891 1056 1937 coactus,
1074 1880 1207 1925 maria
1229 1887 1272 1923 et
1288 1887 1421 1922 terras

37 1979 140 2008 cum
161 1962 315 2006 erroris
342 1961 407 2005 sni
431 1958 555 2005 sociis
579 1967 623 2002 et
649 1956 825 2015 collegis
853 1952 1096 2014 peragravit
1121 1971 1132 2007 3
1159 1948 1420 2001 Orientem,

36 2034 82 2078 id
103 2043 168 2079 est
183 2069 193 2089 ‚
217 2034 362 2078 Asiam
389 2032 603 2076 minorem
628 2026 844 2073 lustravit
880 2042 891 2076 3
921 2034 964 2069 et
992 2023 1169 2068 tandem
1191 2022 1238 2064 in
1274 2018 1422 2064 Cilicia

38 2104 158 2165 apud
175 2102 454 2149 Theodorum
470 2105 827 2160 Mopsuestenum
843 2110 975 2156 quem
997 2092 1238 2150 Pelagianae
1251 2088 1424 2134 haeresis

39 2192 164 2236 aeque
189 2185 416 2236 parentem
441 2189 490 2218 ac
510 2171 777 2219 Nestorianae
807 2167 974 2212 faciunt
997 2200 1006 2219 ‚
1038 2164 1186 2223 quiete
1213 2157 1426 2204 nonnulla

40 2248 203 2307 potitus
220 2256 298 2290 est.
323 2246 418 2290 Illic
435 2245 540 2288 alios
566 2251 665 2288 octo
688 2240 822 2284 libros
844 2239 890 2282 in
900 2235 1193 2294 Augustinum
1210 2228 1421 2275 condidit.

43 2317 128 2363 Sed
149 2332 292 2378 neque
311 2315 653 2362 dubitaverimus
668 2311 775 2372 quin
791 2309 873 2368 ipsi
891 2305 1142 2359 Theodoro,
1163 2312 1211 2346 ut
1225 2300 1426 2345 adversus

42 2388 261 2447 originalis
276 2388 442 2447 peccati
457 2394 685 2430 assertores
699 2381 897 2441 quinque
917 2392 1015 2422 suos
1026 2376 1160 2419 libros
1182 2371 1396 2415 emitteret
1411 2401 1422 2420 ‚

4 2451 6 2453 .
43 2461 78 2505 si
108 2476 198 2505 non·
219 2466 318 2505 ante
349 2458 518 2519 aliquot
549 2470 685 2500 annos
707 2452 811 2496 editi
828 2458 965 2502 erant,
993 2454 1142 2491 auctor
1166 2441 1312 2486 fuerit.
1340 2440 1426 2481 Ve-

45 2542 290 2576 rumtamen
306 2545 329 2574 e
345 2529 492 2574 Cilicia
510 2529 581 2572 vix
597 2525 704 2569 dum
727 2527 962 2566 excesserat
976 2551 987 2571 ‚
1004 2530 1105 2560 cum
1119 2514 1157 2558 ei
1175 2509 1427 2556 Theodorus
1460 2562 1468 2568 ῃ

47 2603 120 2648 ine
137 2603 182 2647 in
202 2598 456 2661 provinciali
478 2594 646 2655 synodo
669 2589 954 2638 anathematis
970 2595 1120 2632 notam
1148 2580 1315 2627 inussit.
1335 2581 1427 2623 Ita-
