1821 3264
244 266 388 293 orfitus
422 264 597 291 lMPERF.
634 263 795 291 comm
827 262 995 291 JULIAN.
1034 265 1113 288 Ltss.
1152 265 1197 288 11.
1331 250 1414 289 449

39 340 181 392 potest
198 330 430 376 convenire
453 349 461 375 :
485 328 603 389 quod
626 330 658 373 si
676 338 809 383 esset,
836 343 983 373 omnes
1003 342 1176 387 prorsus
1197 326 1422 386 aequaliter

39 402 287 461 colligaret,
313 415 442 445 nemo
470 415 571 458 ergo
605 410 712 444 esset
739 400 809 444 eui
831 399 994 443 malum
1024 398 1107 442 hoe
1129 413 1216 442 non
1238 397 1419 451 inesset,

39 481 81 518 et
103 471 250 516 nullus
271 471 541 516 inveniretur
563 470 616 513 de
647 485 734 529 quo
756 485 856 515 vere
880 477 1022 528 posset
1040 467 1149 522 diei,
1174 467 1275 526 quia
1297 467 1342 510 in
1367 466 1423 510 si-

40 541 332 587 militudinem
354 541 520 601 peceati
537 539 654 584 illius
672 555 761 584 non
776 538 1053 598 deliquisset,
1079 538 1124 581 111
1140 538 1261 596 cujus
1276 549 1425 580 omnes

39 615 220 660 veritate
242 622 506 674 peccassent.
536 630 555 652 »

99 688 391 730 Airerscrmus.
429 681 558 736 Quod
585 680 812 725 retinendo
840 679 1026 733 clamas,
1058 672 1141 722 hoe
1162 691 1313 722 verum
1337 684 1398 719 est
1415 709 1425 727 ,

41 766 84 802 et
98 765 248 801 eontra
262 771 336 800 vos
351 764 415 799 est
434 773 443 800 ;
464 767 615 798 01111105
631 766 806 811 prorsus
820 749 1026 807 originale
1045 756 1273 807 peecatum
1288 760 1431 804 ‹requa-

40 827 139 872 liter
160 826 410 886 colligavit:
435 839 565 869 nemo
597 831 707 867 esset
731 822 799 865 eui
824 819 989 864 malum
1009 819 1093 863 hoc
1123 833 1212 862 non
1244 817 1430 869 inesset,

42 899 121 943 nisi
138 913 215 958 per
237 897 462 943 Christum
484 894 618 953 gratia
639 892 783 937 divina
806 890 1044 950 prodesset.
1074 892 1121 932 ln
1140 903 1211 933 eos
1229 888 1343 931 enim
1359 884 1435 945 qui

42 984 133 1014 non
153 975 448 1028 peecaverunt
462 1001 473 1021 ,
500 966 542 1010 id
562 973 652 1017 est,
677 963 754 1022 qui
771 977 848 1006 sua
872 969 1047 1019 peecata
1066 959 1240 1017 propria
1266 954 1436 1000 1101110-

43 1048 224 1094 cerunt,
251 1048 300 1083 ut
334 1053 450 1081 mors
481 1043 702 1094 regnaret,
735 1031 973 1077 similitudo
996 1030 1152 1073 meruit
1181 1026 1437 1086 praevarica-

45 1111 176 1156 tionis
207 1110 337 1163 Adae,
371 1108 447 1168 qui
480 1116 543 1151 est
572 1106 710 1150 fornia
735 1101 902 1156 futuri,
928 1101 972 1145 id
1001 1109 1086 1153 est,
1113 1099 1287 1144 Christi.
1322 1097 1440 1140 Sicut

46 1182 161 1226 enim
178 1181 319 1240 primo
342 1179 517 1223 homine
533 1211 544 1232 ,
565 1176 641 1236 qui
663 1181 927 1230 naseuntur,
950 1171 1008 1215 ita
1029 1168 1222 1214 secundo
1244 1166 1436 1218 homine,

47 1252 125 1313 qui
148 1259 461 1304 renaseuntur,
487 1247 749 1291 induuntur.

107 1324 300 1369 CXCIV.
339 1324 390 1365 ]1·
401 1336 572 1364 umus.
605 1336 623 1358 α
645 1315 824 1373 Colligit
839 1321 984 1357 autem
1006 1308 1259 1370 Apostolus,
1280 1315 1324 1350 et
1344 1319 1445 1364 pro-

49 1395 246 1448 nuntiat,
282 1408 372 1437 esse
406 1391 509 1435 alios
548 1389 624 1448 qui
655 1385 953 1447 peccaverint,
995 1383 1105 1426 sieut
1137 1379 1298 1435 Adam3
1339 1375 1444 1420 alios

50 1482 160 1528 quos
187 1481 268 1510 nee
300 1461 540 1509 similitudo
569 1460 763 1519 antiquae
786 1452 1152 1516 praevaricationis
1181 1447 1408 1509 asperserit
1433 1463 1443 1490 ε

51 1537 250 1582 absolute
272 1550 373 1593 ergo
396 1533 559 1587 claret,
579 1543 751 1575 morum
767 1526 947 1571 erimina
967 1538 1057 1568 esse
1073 1557 1084 1577 ,
1104 1537 1194 1566 non
1210 1519 1443 1564 seminum.

51 1612 197 1669 Atque
219 1617 270 1652 ut
288 1606 504 1663 breviter,
529 1617 626 1664 quae
650 1609 752 1645 sunt
778 1607 871 1643 aeta
888 1632 898 1651 ,
925 1604 1193 1655 repetamus,
1225 1590 1284 1633 ait
1304 1591 1446 1647 Apos-

54 1680 192 1734 tolus,
238 1697 258 1720 «
284 1681 366 1722 Per
403 1690 542 1720 unum
570 1673 792 1717 hominem
818 1669 998 1712 intrasse
1020 1672 1248 1725 peceatum
1274 1679 1282 1705 z
1319 1676 1339 1699 »
1364 1658 1449 1701 hoc

57 1750 167 1796 ratio
190 1747 380 1794 ostendit
396 1743 629 1791 imitationi
645 1776 657 1797 ,
675 1756 765 1785 non
781 1735 1047 1797 generationi
1066 1744 1306 1791 congruere
1321 1762 1333 1783 ,
1351 1740 1451 1786 quae

58 1831 122 1867 est
143 1836 253 1881 opus
275 1819 483 1864 duorum.
513 1834 533 1857 »

120 1895 180 1937 Α1
191 1908 414 1936 0151111115.
449 1890 590 1941 Quam
606 1882 797 1926 multum
813 1877 965 1922 eadem
983 1875 1113 1928 dieis,
1132 1882 1174 1916 et
1189 1868 1299 1914 nihil
1316 1866 1421 1911 dicis
1442 1884 1451 1910 z

63 1980 143 2009 nee
163 1963 284 2009 vides
300 1997 311 2016 ,
336 1961 438 2020 quia
461 1961 493 2003 si
516 1963 743 2016 peceatum
762 1948 1013 1995 imitationis
1037 1962 1058 1989 a
1081 1957 1238 2004 genere
1261 1942 1456 1983 humano

64 2044 284 2095 coeptum,
311 2033 393 2076 isto
416 2029 731 2088 significaretur
753 2022 879 2078 loco,
901 2033 976 2078 per
999 2030 1133 2060 unam
1155 2013 1299 2073 potius
1324 2022 1456 2069 quam

65 2123 143 2168 per
166 2120 305 2151 unum
328 2104 373 2147 in
403 2099 618 2146 mundum
643 2095 860 2140 diceretur
883 2091 1088 2144 intrasse,
1113 2100 1211 2145 quae
1234 2084 1292 2127 ita
1320 2080 1459 2139 prima

67 2179 284 2240 peccavit,
316 2185 366 2221 ut
394 2190 486 2219 eam
515 2172 578 2216 vir
612 2182 789 2229 quoque
816 2164 948 2223 ipsius
976 2159 1110 2205 fuerit
1138 2156 1346 2200 imitatus.
1376 2150 1460 2195 Sed

69 2251 173 2312 quia
191 2247 531 2309 generationem,
547 2256 637 2285 non
652 2236 952 2287 imitationem,
970 2229 1147 2275 volebat
1160 2222 1363 2281 intelligi,
1379 2224 1460 2264 Per

71 2336 228 2376 unum,
242 2317 401 2378 inquit,
413 2313 636 2359 hominem
649 2315 877 2368 peecatum
892 2302 1066 2346 intravit
1080 2300 1125 2342 in
1136 2295 1349 2341 mundum
1365 2297 1462 2335 :aut

74 2392 223 2437 ambos
241 2386 448 2448 singulari
471 2396 653 2429 numero
673 2375 902 2422 includens
917 2408 927 2426 ,
956 2379 1133 2431 propter
1159 2363 1277 2425 quod
1298 2362 1463 2406 dictum

75 2473 155 2518 est,
172 2482 191 2504 «
206 2461 345 2521 Igitur
355 2460 441 2520 jam
454 2471 544 2501 non
557 2460 658 2498 sunt
672 2451 782 2494 duo²
802 2466 811 2492 :
830 2466 848 2488 »
864 2454 938 2490 aut
952 2457 1051 2486 eum
1066 2438 1335 2499 potissimum
1351 2446 1464 2476 eom-

77 2547 337 2586 memorans,
356 2543 479 2589 aquo
497 2534 559 2570 est
578 2520 838 2583 principium
856 2510 1108 2574 generandi,
1125 2522 1226 2553 eum
1239 2501 1468 2555 seminatio

128 2626 136 2642 ¹
159 2620 253 2652 Rom.
278 2627 313 2655 v,
335 2624 387 2647 12.
410 2630 450 2636 —
471 2617 482 2634 ²
503 2608 616 2644 Mattli.
644 2617 711 2646 xix,
732 2604 765 2636 6.

304 2679 455 2711 oxmu.
1219 2645 1270 2684 ἐξ)
