1821 3264
352 237 404 263 nn
437 234 834 263 PRAEDESTINATIONE
866 234 1132 262 SANCTORUM.
1381 220 1437 257 '79

57 304 184 350 ficiet
205 305 296 361 ipse
317 300 435 362 quod
456 301 587 344 donet
607 318 615 344 :
641 301 726 343 hoc
748 308 834 354 est,
860 300 939 343 nisi
960 299 1120 343 habeat
1146 299 1278 342 homo
1304 296 1438 340 fidem

55 390 103 418 ex
127 374 380 432 semetipso,
409 387 497 416 non
520 370 671 429 implet
694 373 807 413 Deus
836 371 955 427 quod
986 369 1206 428 promisit,
1237 377 1288 411 ut
1309 378 1441 426 opera

53 444 231 504 justitiae
253 444 411 486 dentur
431 456 483 484 ex
503 443 602 484 Deo.
624 443 685 483 Ac
709 454 784 496 per
807 439 912 493 hoc,
938 449 987 483 ut
1010 439 1213 497 promissa
1232 451 1306 482 sua
1328 441 1440 481 Deus

57 514 186 573 possit
203 512 381 571 implere
397 545 407 565 ,
434 526 521 555 non
543 519 605 553 est
626 509 671 552 in
696 509 798 563 Dei,
826 507 900 552 sed
926 508 972 552 in
998 508 1186 552 hominis
1211 516 1438 566 potestate.

56 581 183 636 Quod
216 582 249 625 si
280 581 436 625 veritas
466 589 508 623 et
531 579 664 638 pietas
693 591 782 622 non
814 578 989 622 credere
1017 586 1135 622 vetat
1168 597 1176 622 :
1212 577 1441 621 credamus

54 667 154 696 cum
177 652 394 696 Abraham
410 685 421 705 ‚
452 650 657 711 quoniam
681 665 778 708 quae
804 649 1026 708 promisit,
1054 656 1209 706 potens
1226 655 1289 690 est
1310 656 1353 690 et
1372 644 1442 689 fa-

55 736 164 766 cere.
193 721 390 765 Promisit
408 730 552 763 autem
571 718 679 763 filios
704 719 890 763 Abnahae
906 721 920 744 ¹
943 739 955 776 3
979 717 1097 778 quod
1124 733 1213 761 esse
1231 732 1319 761 non
1337 730 1440 775 pos-

2 819 5 850 ÷
56 801 177 843 sunt,
198 792 334 835 sinon
358 792 542 835 habeant
564 790 694 834 fidem
718 809 726 834 ε
747 805 850 848 ergo
872 791 960 849 ipse
991 789 1127 832 donat
1151 797 1193 832 et
1212 788 1360 831 fldem.

113 864 234 907 XXI.
263 865 373 907 Sane
393 878 492 906 cum
507 862 740 919 Apostolus
757 861 887 914 dicat,
917 880 936 902 «
966 860 1069 904 Ideo
1091 875 1141 903 ex
1171 859 1258 902 tide
1273 894 1284 913 ,
1312 863 1361 902 ut
1379 873 1439 902 se-

59 951 79 974 »
99 932 293 976 cundum
314 934 493 992 gratiam
512 934 634 977 firma
668 933 721 976 sit
742 932 993 991 promissio²
1016 950 1024 976 ε
1053 952 1067 970 »
1094 932 1226 973 miror
1248 929 1446 973 homines

55 1003 295 1047 infirmitati
316 1019 405 1047 suae
426 1019 469 1047 se
496 1003 624 1047 malle
641 1003 913 1047 committere
931 1037 941 1056 ,
966 1017 1096 1061 quam
1121 1000 1316 1045 firmitati
1345 1014 1448 1058 pro-

56 1074 264 1117 missionis
291 1075 377 1117 Dei.
410 1093 430 1116 «
460 1073 543 1119 Sed
568 1076 727 1118 incerta
752 1083 814 1117 est
845 1073 969 1125 mihi,
1000 1073 1166 1132 inquis,
1188 1072 1243 1114 de
1262 1086 1330 1113 me
1353 1070 1446 1127 ipso

60 1161 80 1184 »
102 1144 300 1188 voluntas
318 1145 405 1189 Dei.
442 1163 462 1186 »
490 1145 605 1197 Quid
629 1160 754 1203 ergo,
784 1153 855 1188 tua
891 1159 944 1187 ne
971 1144 1049 1186 tibi
1083 1143 1284 1187 voluntas
1317 1140 1372 1184 de
1404 1148 1447 1183 te

57 1213 150 1272 ipso
171 1224 285 1257 certa
308 1224 386 1267 est,
405 1230 484 1258 nec
505 1215 642 1268 times,
664 1233 683 1255 «
705 1214 975 1267 Quividetur
989 1222 1115 1266 stare,
1143 1212 1287 1255 videat
1301 1226 1354 1253 ne
1372 1226 1448 1254 ca-

61 1301 82 1324 »
103 1283 229 1327 dat³2>
250 1286 397 1328 »Cum
436 1285 566 1341 igitur
591 1294 776 1343 utraque
798 1284 961 1328 incerta
990 1284 1065 1338 sit,
1099 1298 1177 1326 cur
1208 1297 1297 1325 non
1316 1282 1450 1325 homo

63 1353 239 1396 firmiori
261 1368 391 1411 quam
419 1354 645 1397 infirmiori
675 1354 806 1397 fidem
831 1369 969 1409 suam,
999 1368 1135 1412 spem,
1168 1352 1451 1397 charitatem-

64 1438 150 1482 que
169 1423 432 1467 committit?

120 1496 262 1538 XXII.
291 1513 310 1535 «
337 1493 419 1538 Sed
438 1509 537 1537 cum
555 1493 738 1549 dicitur,
764 1493 988 1554 inquiunt,
1018 1493 1060 1538 Si
1082 1491 1333 1544 credideris,
1367 1489 1454 1534 sal-

66 1583 86 1605 »
117 1580 194 1608 vus
212 1566 313 1609 eris:
334 1581 470 1609 unum
491 1566 644 1608 horum
665 1565 863 1622 exigitur,
890 1564 1075 1608 alterum
1100 1564 1300 1607 offertur.
1323 1560 1454 1615 Quod

66 1653 86 1676 »
112 1636 309 1693 exigitur,
341 1636 387 1678 in
420 1636 634 1693 hominis,
659 1637 779 1697 quod
808 1636 1006 1690 offertur,
1032 1635 1077 1677 in
1109 1635 1185 1678 Dei
1218 1643 1281 1677 est
1309 1642 1455 1693 potes-

67 1723 86 1746 »
112 1707 246 1749 tate4.
272 1725 290 1747 »
318 1708 407 1751 Cur
435 1722 523 1750 ncn
557 1717 794 1766 utrumque
824 1708 869 1750 in
893 1707 990 1760 Dei,
1024 1714 1067 1748 et
1087 1705 1206 1763 quod
1231 1705 1382 1764 jubet,
1414 1710 1458 1746 et

63 1775 182 1835 quod
210 1777 368 1820 offert?
402 1780 596 1835 Rogatur
624 1778 739 1820 enim
775 1787 822 1820 ut
851 1776 925 1819 det
953 1775 1075 1835 quod
1102 1775 1230 1834 jubet
1256 1794 1265 1818 ε
1301 1781 1458 1832 rogant

65 1846 306 1901 credentes,
332 1857 380 1890 ut
398 1847 477 1890 sibi
496 1857 704 1906 augeatur
723 1847 850 1898 fides;
877 1856 1034 1904 rogant
1056 1861 1133 1904 pro
1156 1860 1244 1888 non
1272 1844 1459 1887 creden-

64 1917 194 1971 tibus,
223 1927 270 1960 ut
292 1917 350 1960 eis
368 1917 556 1960 donetur
583 1918 716 1962 fides:
738 1918 844 1961 etin
869 1917 956 1960 suis
986 1917 1119 1974 igitur
1146 1914 1454 1967 incrementis,

65 1996 109 2030 et
128 1988 173 2030 in
194 1987 280 2030 suis
303 1987 433 2030 initiis
465 1988 539 2030 Dei
569 1987 734 2031 donum
765 1997 829 2030 est
856 1986 977 2029 fides.
1014 1986 1082 2029 Sic
1108 1995 1252 2028 autem
1277 1985 1454 2037 dicitur,

71 2076 91 2098 «
115 2058 157 2101 Si
181 2056 435 2110 credideris,
461 2057 603 2100 salvus
625 2058 705 2100 eris
727 2077 735 2101 :
763 2057 1139 2116 quemadmodum
1170 2055 1346 2109 dicitur,
1373 2072 1392 2095 «
1416 2053 1459 2098 Si

70 2145 89 2168 »
117 2127 278 2185 Spiritu
307 2126 416 2171 facta
444 2129 582 2171 carnis
608 2128 991 2180 mortificaveritis,
1015 2127 1209 2170 vivetis-‘2
1237 2144 1256 2166 η
1284 2128 1394 2170 Nam
1415 2133 1460 2168 et

68 2197 199 2240 hicex
220 2198 285 2240 his
306 2196 478 2241 duobus
494 2214 628 2241 unum
645 2197 828 2256 exigitur
851 2197 1034 2241 alterum
1050 2197 1248 2240 offertur.
1275 2216 1288 2235 «
1313 2196 1354 2239 Si
1373 2195 1460 2254 spi-

71 2284 91 2306 »
107 2266 378 2325 ritu‚inquit‚
397 2267 506 2311 faeta
523 2268 660 2311 carnis
680 2268 1055 2321 mortificaveritis,
1077 2267 1272 2311 vivetis.»
1290 2268 1459 2324 Utergo

69 2337 221 2396 Spiritu
250 2337 361 2381 faeta
385 2338 522 2382 carnis
547 2339 879 2393 mortificemus,
906 2339 1093 2397 exigitur
1115 2357 1123 2382 :
1156 2347 1205 2381 ut
1225 2347 1370 2381 autem
1395 2336 1462 2378 vi-

71 2421 222 2452 vamus
244 2409 438 2453 effertur.
456 2412 570 2455 Num
593 2410 726 2468 igitur
741 2410 897 2469 placet,
915 2420 964 2453 ut
986 2409 1099 2454 facta
1119 2411 1258 2453 carnis
1275 2406 1461 2451 mortifi-

122 2517 130 2531 ¹
150 2512 237 2542 Rom.
267 2522 312 2552 iv,
333 2520 386 2543 Ἣ.
406 2519 468 2534 ——7
490 2512 570 2544 ibid.
598 2511 644 2543 16.
663 2529 701 2534 -
726 2511 736 2533 '³
760 2524 765 2543 ι
791 2515 861 2545 Gor·
884 2523 912 2550 x,
940 2509 1072 2543 12.--·'0
1094 2512 1182 2543 Rom.
1216 2521 1246 2549 x,
1275 2521 1307 2551 9.
1324 2505 1394 2532 -5
1412 2508 1460 2540 Id.

74 2574 144 2604 vui,
167 2568 216 2598 ω’.
