1884 3285
432 258 455 294 8
867 262 898 287 S.
936 258 1167 286 At'Gtsrnu
1198 257 1380 286 ancom

430 349 450 371 »
473 332 616 382 Quare
631 328 746 371 enim
767 338 856 368 non
877 322 1010 380 magis
1021 321 1292 380 iniquitatem
1320 321 1547 381 patimini?
1567 335 1701 381 quare
1719 335 1809 366 non

432 388 460 440 η’
475 400 618 458 potius
636 393 927 439 fraudamini?
953 391 1037 437 Sed
1058 406 1136 436 vos
1158 390 1435 451 iniquitatem
1459 390 1617 445 facitis,
1635 400 1679 435 et
1692 390 1810 436 frau-

431 489 449 509 »
476 468 606 519 datis,
632 474 675 509 et
708 465 791 509 hoc
813 462 981 507 fratres.
1014 466 1083 506 An
1109 462 1297 516 nescim,
1323 462 1425 521 quia
1455 461 1603 521 injusti
1627 475 1812 519 regnum

426 559 444 579 n
468 538 542 581 Dei
574 551 664 581 non
681 535 1023 595 possidebunt2?
1045 552 1064 573 n
1092 533 1335 578 Audiamus
1355 542 1399 576 et
1420 541 1620 577 orantem
1650 551 1659 576 :
1686 551 1708 574 ι(
1725 534 1813 577 Vos

427 628 447 649 »
472 617 632 651 autem.
664 607 823 666 inquit‚
855 605 1065 649 Dominus
1080 603 1345 662 multiplicet
1365 612 1409 647 et
1437 602 1664 647 abundare
1685 602 1815 647 faciat

427 697 447 718 »
473 680 518 722 in
539 678 746 721 charitate
767 677 813 720 in
834 676 1020 720 invicem
1043 684 1085 719 et
1107 675 1150 718 in
1165 677 1354 719 omnes‘2.
1385 692 1405 715 n
1426 674 1645 734 Praecipit,
1665 682 1715 718 ut
1733 674 1814 718 ha-

428 750 580 792 beatur
597 748 781 791 charitas
799 746 1012 804 :corripit,
1031 746 1134 805 quia
1153 760 1243 790 non
1260 745 1451 789 habetur
1468 744 1654 789 charitas
1670 763 1683 790 :
1703 753 1814 799 orat,

426 828 474 863 ut
485 818 679 862 abundet
693 819 891 862 charitas.
911 818 948 860 Ο
961 817 1108 871 homo,
1123 817 1167 861 in
1177 817 1471 877 praeceptione
1485 829 1696 874 cognosce
1709 816 1817 876 quid

425 889 582 933 debeas
599 889 773 942 habere,
784 889 831 931 in
844 888 1115 947 correptione
1127 903 1338 946 cognosce
1352 897 1429 932 tuo
1442 896 1486 931 te
1505 887 1608 932 vitio
1626 902 1717 931 non
1738 887 1819 931 ha-

426 958 549 1013 bere,
575 959 618 1003 in
643 959 837 1003 oratione
858 973 1071 1017 cognosce
1088 957 1206 1002 unde
1228 958 1410 1017 accipias
1426 957 1547 1018 quod
1560 956 1815 1002 vishabere.

483 1032 557 1074 VI.
578 1051 598 1071 «
622 1030 854 1083 Quomodo
871 1065 881 1084 ‚
909 1031 1067 1090 iuquit,
1101 1045 1196 1074 meo
1221 1030 1327 1074 vitio
1348 1045 1439 1074 non
1461 1029 1665 1083 babetur,
1691 1028 1819 1089 quod

423 1117 512 1146 non
534 1103 677 1160 accepi
702 1102 756 1146 ab
780 1101 872 1156 illo,
895 1119 918 1146 a
940 1117 1029 1162 quo
1046 1102 1125 1145 nisi
1147 1101 1291 1154 detur!
1317 1117 1407 1146 non
1425 1111 1489 1146 est
1505 1101 1686 1145 omnino
1706 1099 1817 1145 alius

427 1171 545 1215 unde
575 1172 660 1215 tale
691 1188 739 1216 ac
765 1180 936 1215 tautum
966 1187 1128 1215 munus
1163 1171 1420 1215 habeatur?
1452 1189 1471 1211 »
1514 1170 1720 1214 Patimini
1751 1185 1822 1215 me

430 1241 674 1299 paululum,
693 1240 847 1284 fratres
863 1241 963 1295 mei,
984 1256 1072 1284 non
1091 1240 1323 1284 adversum
1338 1255 1430 1294 vos,
1450 1255 1640 1300 quorum
1653 1249 1823 1285 rectum

425 1321 489 1354 est
510 1326 584 1355 cor
612 1326 712 1354 cum
737 1314 825 1356 Deo
844 1346 855 1364 ,
883 1310 959 1355 sed
981 1311 1184 1355 adversus
1207 1326 1279 1354 eos
1307 1311 1384 1370 qui
1417 1320 1587 1356 terrena
1609 1311 1787 1371 sapiunt
1803 1347 1815 1367 ‚

429 1381 500 1424 rel
536 1380 739 1425 adversus
772 1382 884 1440 ipsas
918 1383 1133 1426 humanas
1173 1381 1487 1440 cogitationes,
1519 1397 1600 1441 pro
1639 1381 1826 1427 coelestis

433 1460 475 1494 et
496 1449 654 1493 divinae
684 1451 1029 1510 gratiae‘veritate
1057 1460 1234 1495 certare.
1267 1453 1360 1495 Hoc
1384 1452 1502 1495 enim
1533 1451 1716 1507 dicunt,
1748 1453 1826 1513 qui

438 1522 481 1563 iu
503 1521 587 1564 suis
619 1520 818 1579 malignis
841 1521 1045 1581 operibus
1068 1522 1121 1565 ab
1144 1522 1272 1582 hujus
1301 1522 1449 1581 gratiae
1468 1522 1827 1581 praedicatoribus

436 1592 594 1650 corripi
620 1590 778 1635 uolunt
806 1612 815 1636 ;
840 1612 859 1633 «
881 1593 1071 1652 Praecipe
1091 1594 1197 1637 mihi
1216 1593 1323 1652 quid
1342 1592 1519 1637 faciam:
1544 1602 1588 1637 et
1608 1594 1643 1637 si
1663 1591 1825 1650 fecero,

437 1677 516 1721 age
535 1677 615 1721 pro
642 1678 711 1706 me
735 1663 891 1722 gratias
916 1666 1005 1708 Deo
1024 1699 1034 1718 ,
1059 1665 1135 1724 qui
1164 1664 1271 1708 mihi
1304 1673 1353 1708 ut
1373 1664 1563 1708 facerem
1594 1664 1717 1709 dedit
1750 1685 1759 1711 :
1794 1667 1830 1710 si

437 1742 581 1776 autem
604 1748 695 1777 non
726 1732 867 1778 fecero
885 1769 895 1787 ‚
929 1749 1019 1778 non
1055 1749 1134 1792 ego
1171 1735 1471 1794 corripiendus
1501 1750 1597 1779 sum
1619 1770 1631 1790 ‚
1655 1735 1732 1780 sed
1756 1733 1831 1780 ille

439 1802 627 1846 orandus
651 1813 711 1847 est
734 1838 743 1856 ‚
772 1814 820 1847 ut
848 1805 922 1848 det
944 1805 1065 1864 quod
1094 1821 1184 1849 nou
1217 1805 1364 1860 dedit,
1388 1806 1433 1848 id
1457 1815 1542 1860 est,
1561 1806 1722 1865 ipsam,
1743 1821 1832 1866 qua

439 1883 655 1932 praecepta
677 1875 768 1933 ejus
787 1874 928 1929 fiunt,
954 1874 1129 1918 fidelem
1162 1875 1238 1919 Dei
1272 1885 1316 1919 et
1346 1876 1529 1935 proximi
1554 1875 1828 1921 charitatem.
1883 1877 1884 1882 ’

437 1945 523 1986 Ora
544 1959 647 2001 ergo
667 1960 746 2002 pro
769 1960 839 1988 me
860 1954 910 1988 ut
930 1946 1045 1989 hanc
1061 1946 1285 2004 accipiam,
1311 1955 1354 1990 et
1380 1961 1459 2004 per
1479 1947 1594 1991 hanc
1616 1962 1669 1991 ex
1685 1947 1833 1994 animo

439 2028 540 2056 cum
570 2013 685 2057 bona
708 2013 932 2058 voluntate
959 2031 1059 2074 quae
1092 2015 1291 2075 praecipit
1313 2015 1484 2061 faciam.
1524 2020 1657 2062 Recte
1685 2027 1832 2063 autem

442 2084 679 2144 corriperer
700 2120 710 2138 ,
744 2085 778 2128 si
802 2100 897 2129 eam
921 2101 1016 2130 mea
1044 2086 1172 2146 cuipa
1201 2102 1290 2132 non
1313 2088 1520 2132 haberem
1539 2123 1550 2143 ,
1573 2089 1658 2134 hoc
1685 2098 1748 2134 est
1763 2125 1774 2145 ,
1799 2091 1835 2135 si

441 2169 537 2198 eam
559 2169 729 2213 possem
751 2155 857 2198 mibi
877 2154 981 2200 dare
1002 2156 1070 2200 vel
1093 2172 1262 2202 sumere
1285 2158 1399 2217 ipse,
1424 2174 1505 2203 nec
1523 2157 1713 2205 facerem
1727 2196 1740 2216 ‚
1764 2160 1836 2206 vel

444 2226 478 2268 si
516 2224 649 2268 dante
679 2224 754 2269 illo
787 2241 866 2284 ego
900 2227 1092 2286 accipere
1122 2227 1371 2273 noluissem.
1403 2231 1514 2274 Cum
1540 2245 1647 2276 vero
1673 2239 1717 2275 et
1743 2231 1836 2291 ipsa

448 2294 649 2340 voluntas
680 2312 703 2340 a
736 2297 925 2341 Domino
953 2308 1249 2357 praeparetur,
1281 2315 1359 2344 cur
1390 2315 1459 2344 me
1486 2301 1665 2361 corripis
1689 2337 1701 2358 ,
1732 2304 1835 2364 quia

447 2365 568 2410 vides
580 2381 649 2410 me
670 2368 760 2426 ejus
780 2377 997 2427 praecepta
1013 2368 1154 2413 facere
1176 2369 1319 2414 nolle·3
1332 2391 1342 2414 :
1355 2380 1399 2415 et
1414 2386 1504 2416 non
1525 2372 1672 2431 potius
1691 2372 1835 2433 ipsum

453 2452 577 2496 rogas
589 2472 599 2492 ,
625 2447 674 2482 ut
694 2438 741 2481 in
757 2453 827 2481 me
843 2448 1047 2498 operetur
1068 2448 1111 2483 et
1126 2439 1267 2483 velle?
1284 2458 1303 2481 »

515 2509 615 2551 Vll.
642 2508 710 2552 Ad
734 2509 829 2553 haec
851 2509 1162 2569 respondemus
1185 2530 1192 2555 :
1215 2511 1492 2572 Quicumque
1513 2513 1591 2557 Dei
1618 2524 1837 2575 praecepta

507 2601 512 2615 ¹
542 2605 552 2624 1
578 2595 649 2626 Cer.
674 2605 722 2626 w.
744 2605 771 2635 3·-
790 2612 828 2618 —
847 2602 857 2618 ⁷
883 2606 893 2627 ι
921 2595 1028 2628 Thess.
1050 2607 1096 2637 m,
1124 2605 1159 2630 12
1190 2614 1228 2620 -
1250 2596 1256 2619 3
1278 2598 1370 2631 va.
1393 2598 1681 2642 v111‚juxtaLXX.
