1884 3285
443 267 528 306 476
1082 277 1230 304 mnnx.

486 344 592 387 negari
605 345 647 375 ab
660 343 707 375 his
723 344 777 386 qui
795 343 907 375 dicunt
924 347 1059 385 peccata
1077 353 1148 375 esse
1163 343 1330 375 naturalia.
1347 344 1495 381 Quaedain
1514 354 1595 377 vero
1615 345 1696 377 inter

485 400 565 438 haec,
585 403 651 431 tum
668 410 708 432 ex
730 397 854 440 primis·
864 398 1009 440 partibus
1032 398 1104 430 libri
1120 409 1142 430 11
1159 399 1200 431 de
1217 398 1340 441 Nuptiis
1361 404 1396 431 et
1412 401 1692 442 Concupiscentia,

485 459 553 487 tum
571 466 608 487 ex
624 456 731 498 capite
745 464 765 488 2
782 455 857 487 libri
876 467 889 488 1
904 461 1016 488 contra
1040 455 1117 488 duas
1142 455 1297 497 Epistolas
1315 455 1572 498 Pelagianorum,
1590 458 1692 489 male·

485 511 558 543 dico
576 511 674 544 dente
691 521 850 555 carpere3
876 511 1088 544 auctoritates
1109 512 1216 550 eliam,
1240 523 1309 555 quae
1330 512 1363 544 in
1383 512 1569 545 defensione
1588 513 1695 555 gratiae

485 567 542 599 Dei
568 578 625 598 nos
644 578 663 599 a
686 569 843 601 servitute
868 573 902 600 et
919 578 938 600 a
961 568 1166 601 damnatione
1192 567 1358 601 liberantis
1379 569 1543 611 citantur,
1570 569 1696 602 scilicet

485 623 643 664 Evangelii
658 625 787 656 Joannis
809 635 877 665 vm,
896 629 931 657 et
947 624 1092 667 Apostoli
1109 627 1200 656 Rom.
1226 636 1262 657 vt
1274 648 1282 663 ‚
1307 636 1351 657 vu
1364 649 1373 666 ,
1393 635 1424 658 ιι
1437 650 1446 667 ,
1470 630 1503 659 et
1519 634 1543 658 2
1563 626 1644 658 Tim.
1671 636 1693 657 ιι

483 679 655 711 secundum
670 680 870 722 Pelagianum
887 680 1001 722 dogma
1017 680 1226 723 interpretari
1240 681 1382 714 molitur.
1667 691 1744 723 pag.
1765 682 1826 712 173

440 757 578 779 -mnssn
595 758 629 779 ιι.
655 747 822 781 Refellitur
838 746 921 781 liber
934 748 1050 781 Juliani
1065 749 1104 780 ad
1121 748 1246 782 Florum
1263 749 1435 789 secundus,
1448 750 1502 792 qui
1518 750 1558 782 de
1572 749 1630 781 illis
1644 753 1693 781 est

481 803 622 843 Apostoli
645 803 763 845 verbis,
790 807 881 837 Rom.
907 815 947 837 v:
965 805 1034 836 Per
1049 815 1153 837 unum
1176 805 1340 838 hominem
1362 813 1536 850 peccatum
1555 806 1590 837 in
1605 805 1692 837 hunc

482 858 641 891 mundum
664 860 818 900 intravit,
835 869 867 893 et
879 873 944 906 per
956 869 1134 905 peccatum
1157 873 1262 901 mors,
1283 871 1316 895 ez
1331 864 1380 894 ita
1399 863 1435 894 in
1452 874 1565 895 omnes
1583 861 1692 895 homi-

483 926 557 952 nes,
580 922 643 947 etc.
671 916 830 949 ,Iulianum
848 917 899 949 hic
926 918 1050 958 rejecto
1077 917 1234 950 catholico
1255 929 1347 950 sensu
1373 917 1570 958 (secundum
1597 928 1691 961 quem

482 972 674 1011 Augustinus
700 973 731 1004 in
749 973 832 1005 libro
858 985 881 1006 11
898 975 938 1006 de
955 973 1078 1015 Nuptiis
1104 979 1137 1006 et
1159 974 1438 1015 Concupiscentia,
1461 985 1534 1017 cap.
1565 983 1604 1015 27
1619 997 1628 1013 ‚
1656 984 1692 1005 ea

482 1027 582 1059 verba
600 1028 641 1060 de
658 1030 731 1061 Adae
748 1035 885 1072 peccato
901 1030 1106 1071 generatione
1123 1029 1154 1060 in
1173 1039 1282 1061 omnes
1306 1029 1404 1070 ipsius
1421 1035 1567 1072 posteros
1584 1033 1692 1061 trans-

480 1083 578 1116 misso
591 1084 765 1127 exposuit),
777 1087 896 1117 frustra
912 1085 1072 1122 laborare,
1092 1089 1127 1116 ut
1143 1085 1317 1117 secundum
1335 1085 1532 1128 Pelagianam
1545 1085 1689 1118 haeresim

481 1140 521 1171 de
539 1142 685 1182 exemplo
708 1141 846 1183 peccati,
869 1151 932 1172 non
949 1142 981 1172 in
1001 1152 1110 1173 omnes
1128 1145 1285 1182 poster08‚
1301 1142 1356 1174 sed
1373 1142 1404 1173 in
1426 1147 1599 1185 peccantes
1618 1146 1688 1174 tan-

480 1198 547 1227 tum
568 1195 745 1229 imitatione
761 1198 953 1231 transeuntis
969 1222 976 1237 ,
994 1198 1222 1241 intelligantur.

435 1263 681 1297 Annon-nouas.

945 1761 1138 1792 EXPLICIT
1169 1761 1307 1793 INDEX.

1760 1197 1821 1227 317

1755 1267 1820 1298 487
