1884 3285
405 245 488 284 <296
845 254 876 278 s.
915 251 1140 280 AUGUSTINI
1177 253 1352 281 crisconi

405 321 547 363 dicere
569 331 733 371 omnes,
760 325 802 359 et
825 331 913 360 non
932 331 1095 360 omnes.
1115 319 1177 360 Tu
1202 316 1323 370 dicis,
1341 332 1363 360 a
1377 316 1513 375 figulo
1530 320 1618 361 Deo
1635 333 1782 362 omnes

403 390 494 433 fieri
518 390 561 432 in
583 387 990 432 condemnationem
1011 407 1019 431 ε
1045 388 1277 446 Apostolus
1300 388 1431 443 dicit,
1455 403 1543 432 non
1569 404 1718 433 omnes
1738 390 1784 434 in
1831 384 1835 437 ξ
1870 396 1884 428 ;”’

401 459 808 506 condemnationem
830 493 841 513 ,
867 473 945 502 uec
966 473 1115 503 omnes
1136 459 1180 502 in
1204 460 1413 503 honorem
1439 479 1451 515 3
1481 459 1600 518 quod
1619 459 1665 502 in
1687 459 1785 504 loco
1834 471 1835 502 i
1871 454 1884 494 s<

401 545 496 586 suo,
521 529 628 590 quid
655 529 815 573 habeat
836 527 1056 588 dignitatis
1074 529 1310 574 absolvam.
1338 532 1388 572 In
1409 529 1501 588 ipsa
1520 539 1666 574 tamen
1684 546 1785 589 pro·
1835 530 1838 576 ξ
1873 539 1884 570 α’

403 602 678 646 nuntiatione
716 601 940 644 sententiae
961 635 971 654 ,
1006 610 1175 645 constat
1195 601 1309 645 inter
1345 616 1421 645 vos
1456 615 1657 659 magnam
1697 616 1787 646 esse
1874 612 1884 642 ιῑ

404 673 679 727 discordiam,
699 687 778 716 nec
796 671 998 716 eumdem
1016 687 1105 716 esse
1117 671 1301 730 figulum
1318 673 1363 716 in
1378 671 1787 717 condemnationem
1838 681 1839 685 ’
1875 684 1884 728 32³

403 752 563 789 cuncta
583 744 844 802 fingentem,
874 757 1004 802 quem
1029 742 1188 787 Paulus
1222 744 1335 787 dicat
1365 743 1410 787 in
1439 743 1650 788 honorem
1685 743 1789 789 alios
1839 730 1841 756 f
1878 756 1884 783 ὲ

402 815 689 860 fabricantem
708 832 717 858 ε
743 828 823 857 nec
840 822 883 857 te
899 812 962 856 illi
983 813 1176 869 credere,
1194 814 1269 874 qui
1283 829 1306 858 a
1320 814 1525 872 magistro
1548 813 1789 858 admirabili
1842 823 1845 862 ζ

403 884 665 946 praedicatur
680 906 691 943 3
715 885 921 944 quoniam
940 893 1040 929 tuus
1057 885 1215 944 figulus
1231 900 1380 930 omnes
1398 886 1444 929 in
1457 884 1791 930 condemnatio-

404 972 504 1002 nem
523 957 664 1015 fingit,
686 955 881 1016 Apostoli
903 956 1062 1016 figulus
1089 956 1299 1017 plurimos
1326 958 1453 1016 fingit
1474 957 1519 1001 in
1542 955 1739 1016 gloriam.
1767 974 1789 998 »
1844 947 1846 951 ⁵

466 1031 760 1073 Auens-rmus.
787 1030 899 1073 Cum
934 1026 1142 1073 dicuntur
1163 1043 1313 1072 omnes
1334 1043 1386 1071 ex
1414 1043 1504 1072 uno
1520 1027 1796 1087 inJcondem-
1846 1017 1847 1023 ¹

404 1101 643 1154 nationem,
669 1100 759 1159 ipsa
784 1114 919 1143 massa
944 1099 1212 1157 significatur
1237 1102 1266 1153 ¹,
1293 1114 1341 1142 ex
1367 1114 1452 1159 qua
1475 1099 1588 1143 fiunt
1615 1115 1639 1143 a
1660 1099 1796 1157 figulo

405 1171 489 1217 alia
509 1187 606 1216 vasa
628 1172 674 1214 in
692 1171 920 1225 honorem,
945 1169 989 1213 id
1011 1179 1089 1225 est,
1106 1186 1206 1229 quae
1228 1179 1509 1214 assumuntur
1526 1172 1570 1215 in
1594 1171 1792 1230 gratiam,
1849 1214 1851 1217 ,

405 1242 486 1286 alia
507 1243 553 1286 in
584 1241 895 1286 contumeliam
920 1276 931 1295 ,
961 1239 1007 1284 id
1038 1249 1128 1295 est,
1153 1256 1252 1301 quae
1280 1240 1334 1285 ad
1356 1240 1565 1286 luendum
1597 1241 1795 1286 debitum

405 1313 715 1373 relinquuntur
738 1333 748 1369 3
774 1321 824 1357 ut
846 1311 923 1355 filii
946 1313 1095 1371 gratiae
1128 1311 1174 1356 id
1196 1312 1278 1356 sibi
1302 1313 1457 1358 donari
1488 1314 1627 1358 sciant
1643 1349 1654 1368 ,
1676 1313 1797 1373 quod
1851 1323 1853 1337 ⁴

408 1385 442 1428 si
465 1384 705 1443 exigeretur
725 1418 735 1438 ,
768 1398 856 1427 non
878 1392 986 1427 esset
1006 1383 1216 1443 injustum
1239 1404 1249 1442 3
1274 1399 1322 1428 ac
1345 1385 1405 1429 sic
1427 1400 1516 1430 non
1543 1384 1590 1429 in
1613 1400 1656 1429 se
1678 1385 1795 1444 ipsis,
1854 1412 1855 1437 1
1882 1415 1884 1420 -

410 1456 485 1500 sed
502 1456 548 1499 in
572 1456 758 1500 Domino
781 1455 1021 1514 glorientur
1043 1456 1075 1498 ².
1856 1494 1857 1498 ,

465 1526 668 1571 CXXIX.
710 1528 937 1570 Jummus.
969 1545 986 1566 «
1015 1527 1069 1568 Et
1091 1525 1185 1569 haec
1206 1524 1384 1585 quidem
1408 1524 1614 1581 dixerim,
1635 1536 1683 1570 ut
1709 1535 1798 1571 sta·
1856 1563 1858 1566 f
1880 1551 1884 1572 ·.

409 1597 486 1640 tim
507 1605 757 1655 appareret,
786 1604 827 1639 te
845 1610 934 1639 esse
953 1604 1028 1639 aut
1053 1595 1279 1654 imperitiae
1301 1605 1376 1640 aut
1400 1597 1686 1656 impudentiae
1707 1597 1798 1641 sin-
1856 1586 1859 1624 ἶ

412 1667 571 1726 gularis
592 1702 602 1720 ,
629 1668 702 1726 qui
734 1676 909 1710 tuorum
933 1667 1027 1710 vice
1048 1702 1058 1720 ,
1084 1667 1310 1711 contrariis
1338 1668 1518 1712 utereris
1546 1688 1554 1712 :
1591 1677 1797 1712 caeterum
1858 1701 1861 1710 .

410 1740 545 1798 pietas
561 1738 810 1797 explanabit
832 1747 875 1782 et
895 1739 1003 1782 ratio
1021 1772 1031 1791 ,
1060 1740 1196 1781 Deum
1218 1753 1365 1782 meum
1384 1739 1602 1782 neminem
1626 1739 1670 1783 in
1700 1753 1802 1783 con·

413 1809 636 1854 tumeliam
665 1807 866 1853 formare.
888 1827 908 1850 »
1862 1863 1863 1872 ἵ

469 1882 761 1924 Aueuszrmus.
812 1879 853 1924 Si
887 1882 1001 1923 Deus
1036 1888 1136 1923 tuus
1164 1879 1209 1923 in
1238 1879 1548 1925 contumeliam
1582 1881 1803 1925 neminem

412 1949 597 2004 format,
620 1964 708 1993 non
731 1958 794 1993 est
812 1950 901 2009 ipse
927 1948 1049 1993 Pauli
1084 1949 1267 2008 apostoli
1290 1953 1404 1994 Deus
1433 1969 1440 1995 :
1473 1949 1546 1994 ille
1562 1951 1725 2010 quippe
1748 1950 1802 1994 de
1866 1986 1867 1990 ,

414 2024 504 2065 Deo
532 2035 636 2065 vero
658 2019 831 2064 dicebat
855 2039 863 2065 ε
895 2040 914 2062 «
939 2022 975 2064 Ο
997 2021 1146 2074 homo,
1168 2030 1216 2064 tu
1238 2021 1335 2081 quis
1356 2036 1416 2076 es,
1442 2021 1516 2081 qui
1541 2023 1802 2081 respondeas
1865 2058 1867 2061 .

419 2109 439 2132 »
463 2092 554 2134 Deo
576 2089 835 2150 PNumquid
859 2089 964 2134 dicit
984 2091 1243 2149 figmentum
1276 2092 1313 2134 ei
1346 2091 1421 2150 qui
1450 2106 1493 2134 se
1516 2091 1655 2146 finxit,
1687 2089 1804 2144 Quid
1865 2107 1869 2153 ζ

419 2179 440 2203 n
466 2176 535 2205 me
561 2159 698 2206 fecisti
730 2162 788 2205 sic
810 2163 826 2203 ἰ)
847 2164 916 2206 An
949 2176 1038 2205 non
1062 2161 1197 2205 habet
1222 2170 1479 2220 potestatem
1502 2161 1663 2220 figulus
1691 2161 1800 2216 luti,

418 2250 439 2273 »
465 2247 515 2275 ex
532 2232 683 2276 eadem
706 2247 842 2276 massa
864 2232 1031 2287 facere,
1058 2231 1175 2277 aliud
1200 2247 1272 2277 vas
1294 2234 1338 2276 in
1369 2234 1601 2288 honorem,
1623 2232 1743 2277 aliud
1759 2233 1804 2276 in
1870 2276 1871 2279 ,

419 2321 438 2344 »
465 2303 773 2346 contumeliam
798 2304 813 2328 3
836 2304 854 2346 Ρ
880 2321 899 2343 »
924 2304 1007 2347 Sed
1031 2311 1080 2346 tu
1102 2302 1304 2347 videlicet
1326 2301 1478 2346 artifex
1495 2317 1681 2361 magnus
1699 2317 1805 2360 pro·

416 2372 503 2416 fers
525 2389 574 2417 ex
603 2374 777 2418 officina
816 2372 1043 2431 Pelagiana
1085 2373 1308 2418 meliorem
1338 2372 1468 2418 deum
1486 2408 1496 2428 ,
1529 2372 1605 2433 qui
1630 2371 1802 2417 nullum

415 2459 487 2487 vas
506 2444 610 2489 facit
626 2445 673 2488 in
694 2443 1018 2489 contumeliam.

470 2553 478 2566 ¹
500 2548 604 2588 Lupus
619 2549 705 2579 Ferr.
729 2546 864 2578 Collect.
884 2550 992 2588 quaest.
1023 2557 1032 2579 1
1057 2546 1097 2577 «le
1114 2546 1315 2577 Prre‹lest.--
1331 2552 1342 2569 2
1367 2557 1375 2576 ι
1405 2547 1477 2577 Cor.
1505 2557 1528 2583 ι,
1552 2547 1604 2577 3¹.
1622 2562 1660 2570 -v
1678 2543 1690 2569 ³
1710 2547 1801 2577 Rom.

415 2613 455 2634 20
475 2608 507 2633 et
523 2611 575 2634 31¹.
