1884 3285
419 236 485 289 38μ
835 260 867 284 s.
904 253 1134 281 At'c‘csrim
1167 254 1346 280 muscom

417 324 587 368 deficiet
610 334 746 380 usque
777 321 823 362 in
852 318 982 362 finem
1005 336 1014 363 z
1037 333 1086 362 ac
1113 332 1190 376 per
1222 318 1305 361 hoc
1336 316 1627 375 perseverabit
1657 331 1795 377 usque
1850 371 1858 375 ,

414 395 460 437 in
481 394 609 435 finem
629 424 640 444 ἲ
680 403 760 433 nec
790 403 883 432 eam
919 387 1000 431 nisi
1037 395 1284 432 manentem
1319 387 1419 432 vitae
1452 387 1581 447 hujus
1603 386 1796 434 inveniet

414 464 526 507 finis.

471 532 654 574 XXXV.
688 531 828 589 Major
848 531 1011 588 quippe
1038 528 1214 573 libertas
1241 538 1305 573 est
1333 528 1568 573 necessaria
1592 526 1796 572 adversus

414 610 479 646 tot
500 611 542 645 et
569 609 709 644 tantas
742 600 1025 653 tentationes,
1056 614 1155 657 quae
1183 599 1228 642 in
1255 600 1453 658 paradiso
1481 614 1570 643 non
1593 597 1795 654 fuerunt,

414 672 531 716 dono
554 670 882 730 perseverantiae
903 669 1070 713 munita
1089 678 1219 729 atque
1241 671 1411 714 firmata
1426 704 1437 724 ‚
1462 679 1512 713 ut
1533 684 1632 713 cum
1654 669 1798 713 omni-

413 742 496 785 bus
529 741 775 795 amoribus,
816 740 1077 794 terroribus,
1120 741 1337 784 erroribus
1370 740 1456 784 suis
1486 739 1688 784 vincatur
1726 739 1798 783 hic

410 812 604 856 mundus
637 828 647 854 :
678 812 762 854 hoc
793 820 1041 855 sanctorum
1076 812 1279 868 martyria
1311 811 1572 854 docuerunt.
1603 810 1798 869 Denique

409 881 511 926 ille1
543 892 586 926 et
619 891 809 925 terrente
843 881 988 936 nullo,
1018 892 1061 925 et
1092 883 1267 940 insuper
1300 890 1450 925 contra
1483 880 1559 923 Dei
1600 880 1799 924 terrentis

411 952 642 1011 imperium
666 952 805 996 libero
827 967 931 996 usus
961 952 1161 1006 arbitrio,
1186 968 1274 996 non
1303 952 1423 996 stetit
1447 952 1494 994 in
1520 960 1639 994 tanta
1661 949 1800 994 felici-

413 1032 523 1078 tate,
553 1024 597 1067 in
629 1032 749 1066 tanta
779 1039 868 1066 non
896 1022 1103 1081 peccandi
1132 1021 1334 1066 facilitate
1364 1041 1372 1067 z
1404 1022 1472 1066 isti
1506 1031 1680 1076 autem,
1712 1036 1801 1066 non

415 1092 515 1136 dico
539 1102 728 1137 terrente
752 1092 939 1147 mundo,
969 1093 1043 1136 sed
1067 1094 1269 1137 saeviente
1295 1108 1349 1136 ne
1371 1102 1558 1146 starent,
1587 1100 1803 1135 steterunt

412 1163 458 1207 in
490 1164 600 1221 fide3
632 1179 732 1207 cum
760 1163 925 1206 videret
948 1163 1019 1206 ille
1052 1164 1164 1207 bona
1188 1165 1415 1221 praesentia
1443 1178 1542 1222 quae
1571 1162 1713 1206 fuerat
1739 1177 1802 1206 re-

413 1236 618 1288 licturus,
651 1235 719 1277 isti
742 1233 889 1277 futura
915 1250 1014 1292 quae
1040 1235 1258 1292 accepturi
1282 1232 1454 1278 fuerant
1474 1249 1564 1278 non
1586 1233 1798 1277 viderent.

415 1304 542 1349 Unde
563 1305 646 1347 hoe
664 1338 674 1358 ,
700 1304 781 1346 nisi
803 1303 994 1347 donante
1016 1303 1112 1359 illo,
1139 1320 1162 1347 a
1184 1320 1273 1362 quo
1297 1304 1632 1348 misericordiam
1652 1318 1804 1348 conse-

415 1376 506 1420 cuti
527 1383 629 1418 sunt
653 1383 703 1417 ut
730 1372 880 1416 fideles
904 1377 1098 1427 essent&
1130 1390 1151 1416 a
1182 1390 1270 1433 quo
1293 1384 1554 1433 acceperunt
1575 1375 1799 1433 spiritum,

413 1462 505 1490 non
536 1446 722 1498 timoris,
747 1460 835 1503 quo
859 1445 1221 1503 persequentibus
1254 1447 1483 1489 cederent3
1500 1481 1510 1499 ‚
1536 1445 1611 1489 sed
1631 1446 1803 1490 virtutis

415 1524 458 1560 et
480 1515 698 1559 charitatis
715 1523 758 1556 et
774 1515 1079 1565 continentiae,
1100 1530 1188 1573 quo
1206 1524 1361 1559 cuncta
1386 1516 1595 1559 minantia
1612 1550 1623 1569 ,
1645 1525 1803 1561 cuncta

413 1586 664 1635 invitantia,
699 1594 857 1628 cuncta
887 1585 1123 1627 cruciantia
1153 1588 1438 1644 superarent?
1467 1584 1535 1629 Illi
1575 1601 1677 1644 ergo
1712 1587 1804 1630 sine

415 1664 593 1715 peceato
615 1654 706 1698 ullo
740 1655 839 1698 data
868 1646 958 1708 est,
985 1669 1085 1697 cum
1121 1670 1207 1714 qua
1243 1654 1445 1699 conditus
1473 1664 1560 1711 est‚
1604 1656 1804 1700 voluntas

413 1725 548 1768 libera
566 1759 576 1778 ‚
609 1735 653 1767 et
681 1739 775 1767 eam
807 1723 910 1768 fecit
940 1725 1096 1769 servire
1124 1735 1302 1783 peccato
1337 1745 1344 1769 :
1380 1726 1537 1769 horum
1567 1741 1670 1770 vero
1703 1741 1802 1770 cum

415 1796 566 1839 fuisset
587 1794 788 1839 voluntas
809 1811 928 1838 serva
961 1796 1127 1854 peccati
1146 1831 1156 1849 ,
1182 1796 1363 1839 liberata
1386 1806 1450 1840 est
1479 1812 1556 1855 per
1581 1797 1707 1840 illum
1729 1798 1805 1857 qui

414 1865 545 1909 dixit:
576 1883 593 1903 «
620 1866 662 1909 Si
679 1880 754 1908 vos
772 1864 906 1908 Filius
929 1865 1197 1920 liberaverit,
1219 1875 1322 1910 tunc
1339 1882 1438 1910 vere
1455 1867 1580 1910 liberi
1598 1867 1756 1911 eritis4.
1779 1885 1800 1909 υ

413 1937 470 1977 Et
507 1934 725 1992 accipiunt
764 1943 926 1978 tantam
955 1949 1032 1992 per
1063 1936 1189 1978 istam
1224 1937 1405 1994 gratiam
1437 1936 1685 1980 libertatem
1707 1971 1719 1992 ‚
1754 1946 1804 1981 ut

411 2004 628 2062 quamvis,
667 2003 864 2062 quandiu
900 2004 974 2047 hie
1008 2004 1190 2060 vivunt,
1230 2016 1427 2065 pugnent
1459 2016 1610 2051 contra
1641 2023 1804 2052 concu-

409 2073 639 2132 piscentias
670 2082 968 2131 peccatorum,
998 2074 1145 2135 eisque
1167 2076 1379 2131 nonnulla
1401 2078 1668 2136 subrepant,
1694 2093 1798 2137 pro-

412 2153 510 2203 pter
521 2160 619 2203 quae
634 2143 780 2188 dicant
792 2145 990 2204 quotidie
1008 2164 1016 2189 ε
1037 2164 1056 2187 «
1075 2146 1252 2191 Dimitte
1265 2149 1388 2192 nobis
1406 2148 1552 2192 debita
1566 2158 1712 2192 nostra
1725 2151 1758 2204 ⁵,
1778 2167 1799 2191 »

412 2228 501 2257 non
530 2223 676 2257 tamen
699 2213 811 2257 ultra
843 2215 1030 2258 serviant
1056 2226 1235 2274 peccato
1263 2216 1384 2277 quod
1411 2228 1474 2262 est
1503 2219 1559 2262 ad
1587 2230 1799 2275 mortem,

414 2283 468 2328 de
499 2299 588 2343 quo
606 2283 711 2329 dicit
727 2287 916 2329 Joannes
939 2286 1159 2343 apostolus
1181 2306 1190 2331 ε
1225 2306 1245 2329 «
1266 2291 1342 2332 Est
1359 2298 1584 2348 peccatum
1607 2291 1662 2333 ad
1685 2306 1802 2335 mor-

419 2371 440 2394 »
472 2363 582 2409 tem,
611 2370 699 2398 non
738 2370 816 2413 pro
850 2354 923 2399 illo
951 2356 1049 2400 dico
1079 2367 1128 2400 ut
1159 2367 1278 2415 roget
1294 2360 1325 2401 ⁶.
1361 2377 1380 2400 »
1414 2363 1474 2403 De
1505 2375 1595 2420 quo
1623 2369 1802 2420 peccato

413 2427 648 2484 (quoniam
671 2441 760 2470 non
784 2441 1031 2485 expressum
1059 2431 1147 2486 est)
1176 2439 1356 2488 possunt
1389 2430 1527 2474 multa
1560 2440 1603 2475 et
1633 2431 1802 2477 diversa

473 2547 479 2559 ,
496 2523 542 2558 Id
552 2533 615 2564 est,
632 2526 743 2559 Adam.
761 2543 802 2550 —-
815 2534 827 2549 ²
851 2539 862 2559 1
884 2526 958 2560 Cor.
979 2526 1033 2566 vii,
1054 2528 1108 2561 25.
1126 2546 1168 2553 --—
1184 2527 1196 2552 3
1215 2538 1234 2562 2
1252 2530 1331 2563 Tim.
1353 2542 1376 2571 1,
1404 2542 1435 2573 7.
1452 2548 1493 2556 —-
1507 2530 1523 2563 4
1541 2534 1634 2565 Joan.
1653 2543 1724 2575 vin,
1744 2532 1797 2566 36.

416 2597 454 2603 »-
469 2579 482 2603 5
501 2581 613 2613 Matth.
634 2594 679 2620 vi,
700 2592 750 2614 12.
771 2601 806 2607 -—
822 2582 836 2603 Β
862 2595 874 2615 1
896 2586 988 2616 Joan.
1007 2595 1037 2624 v,
1062 2584 1112 2619 ,6.
