1821 3264
428 243 479 269 DE
513 243 625 269 nouo
658 242 1027 271 PERSEVERANTIAE.
1336 237 1416 274 125

35 307 295 360 venientem,
308 307 384 365 qui
398 305 519 350 sactis
535 307 651 365 apud
662 322 705 350 se
723 317 806 351 tam
822 310 987 368 magnis
997 310 1229 354 virtutibus
1245 310 1420 355 credere

34 375 285 422 noluerunt.
312 376 439 428 Quod
463 386 505 420 et
529 378 735 421 Dominus
760 379 986 438 increpans
1008 381 1178 438 arguit,
1209 391 1251 425 et
1273 380 1378 425 dicit
1407 401 1416 426 ε

38 464 56 488 «
80 448 157 488 Vae
178 445 255 488 tibi
276 447 486 490 Coroza'i'n
511 455 553 490 et
568 447 768 490 Betsa‘i'da
795 467 803 491 :
824 448 923 507 quia
947 449 979 492 si
998 450 1042 492 in
1061 453 1176 506 Tyro
1194 459 1235 494 et
1261 451 1419 495 Sidone

36 531 56 556 »
81 513 208 558 factae
233 513 413 559 fuissent
434 516 615 560 virtutes
636 551 646 569 ‚
667 532 766 576 quae
791 515 917 560 factae
942 527 1043 562 sunt
1072 519 1116 561 in
1138 520 1284 575 vobis,
1315 521 1418 564 olim

35 603 55 627 »
81 584 125 628 in
146 584 287 629 cilicio
310 594 352 628 et
379 587 522 630 cinere
541 586 846 645 poenitentiam
870 587 1054 646 egissent
1077 591 1106 632 ¹.
1133 607 1152 629 »
1182 591 1263 633 Sed
1288 605 1420 633 num-

31 654 138 715 quid
154 670 382 713 possumus
393 656 552 710 dicere,
565 657 693 700 etiam
707 658 855 714 Tyrios
867 667 908 701 et
923 657 1119 703 Sidonios
1127 658 1287 703 talibus
1304 659 1421 718 apud

31 740 76 771 se
95 726 328 770 virtutibus
356 726 478 772 factis
499 726 675 771 credere
711 728 926 783 noluisse,
957 738 1032 773 aut
1066 729 1308 774 credituros
1331 745 1420 773 non

31 796 160 840 fuisse
178 831 188 850 ‚
214 797 247 839 si
270 796 425 840 fierent
445 800 461 838 ἵ)
478 812 577 841 cum
597 797 655 841 eis
675 799 766 856 ipse
787 799 994 842 Dominus
1020 807 1248 843 attestetur
1263 834 1273 853 ‚
1299 798 1419 858 quod

30 867 166 911 acturi
203 876 343 910 essent
372 882 540 925 magnae
573 867 828 912 humilitatis
866 868 1194 926 poenitentiam,
1227 870 1259 912 si
1287 870 1330 911 in
1361 870 1420 912 eis

28 937 142 981 facta
168 945 308 980 essent
339 937 584 981 divinarum
614 936 687 980 illa
714 937 835 996 signa
867 938 1095 981 virtutum.
1123 941 1179 981 Et
1201 947 1345 981 tamen
1375 939 1420 980 in

28 1006 98 1051 die
131 1006 286 1066 judicii
318 1009 559 1066 punientur
579 1042 589 1061 ‚
621 1008 818 1067 quamvis
847 1008 1004 1052 minori
1035 1007 1250 1067 supplicio
1286 1023 1417 1067 quam

28 1076 114 1121 illae
133 1078 342 1133 civitates,
364 1094 464 1138 quae
484 1077 600 1137 apud
614 1094 657 1121 se
680 1079 913 1122 virtutibus
927 1078 1052 1122 factis
1069 1078 1246 1122 credere
1268 1078 1419 1122 nolue-

28 1159 146 1192 runt.
168 1151 348 1193 Secutus
364 1151 477 1193 enim
492 1150 701 1193 Dominus
715 1151 770 1193 ait
787 1152 1037 1193 :«Verumta
1047 1165 1145 1192 men
1163 1150 1260 1194 dico
1276 1150 1415 1203 vobis,

29 1236 50 1259 ³)
71 1221 185 1275 Tyro
201 1228 243 1262 et
263 1218 412 1263 Sidoni
427 1220 640 1263 remissius
655 1219 735 1262 erit
756 1220 801 1261 in
817 1218 1048 1277 diejudicii
1067 1235 1198 1277 quam
1217 1219 1339 1263 vobis
1354 1223 1383 1263 ¹³.
1396 1238 1414 1259 »

30 1289 226 1334 Severius
249 1305 349 1346 ergo
367 1291 605 1347 punientur
628 1290 713 1344 isti,
734 1289 797 1332 illi
819 1290 1033 1333 remissius
1047 1325 1056 1343 ‚
1083 1290 1157 1333 sed
1179 1299 1321 1334 tamen
1339 1306 1419 1349 puu

27 1358 218 1402 nientur.
241 1362 375 1402 Porro
393 1359 425 1401 si
447 1359 575 1402 etiam
594 1358 836 1402 secundum
855 1359 964 1402 facta
981 1375 1080 1418 quae
1102 1359 1259 1403 facturi
1277 1369 1420 1404 essent

27 1430 60 1472 si
93 1429 315 1484 viverent,
361 1430 521 1473 mortui
552 1428 808 1488 judicantur
852 1448 859 1472 z
898 1428 1095 1487 profecto
1131 1431 1229 1488 quia
1267 1430 1417 1473 fideles

26 1499 165 1544 futuri
184 1509 306 1544 erant
329 1501 396 1543 isti
415 1535 425 1553 ‚
443 1500 476 1543 si
499 1501 556 1545 eis
579 1515 676 1543 cum
702 1500 831 1543 tantis
858 1499 1075 1543 miraculis
1099 1500 1249 1543 fuisset
1272 1503 1416 1544 Evan-

29 1569 187 1627 gelium
210 1570 492 1629 praedicatum
514 1605 523 1625 ,
551 1586 639 1615 non
663 1579 764 1614 sunt
783 1569 934 1629 utique
957 1569 1169 1628 puniendi
1195 1589 1203 1615 z
1230 1571 1417 1629 punien-

27 1648 99 1683 tur
129 1648 273 1684 autem
302 1659 310 1684 :
342 1639 498 1684 falsum
530 1649 594 1684 est
627 1640 757 1697 igitur
787 1649 829 1683 et
861 1639 1104 1683 secundum
1137 1655 1185 1683 ea
1223 1649 1416 1684 mortuos

21 1710 235 1770 judicari,
267 1726 367 1770 quae
399 1711 556 1755 facturi
587 1719 728 1754 essent
760 1711 793 1753 si
825 1709 877 1754 ad
901 1711 1095 1754 viventes
1129 1711 1413 1769 Evangelium

26 1781 282 1839 perveniret.
309 1781 414 1825 Etsi
443 1782 524 1840 hoc
553 1780 712 1825 falsum
738 1790 800 1824 est
823 1815 834 1835 ‚
865 1795 953 1825 non
981 1790 1044 1824 est
1067 1797 1143 1825 cur
1165 1781 1336 1825 dicatur
1361 1781 1415 1824 de

24 1850 264 1894 infantibus
284 1851 360 1910 qui
379 1860 563 1909 pereunt
583 1851 673 1893 sine
696 1850 956 1908 baptismate
978 1850 1211 1894 morientes
1230 1885 1240 1904 ‚
1266 1851 1349 1894 hoc
1370 1851 1413 1892 in

25 1921 83 1964 eis
107 1936 158 1964 eo
175 1921 329 1964 merito
351 1921 443 1963 fieri
461 1956 470 1974 ,
490 1920 592 1979 quia
620 1920 836 1978 praescivit
862 1934 933 1963 eos
968 1923 1079 1962 Deus
1097 1954 1106 1971 ‚
1133 1920 1167 1962 si
1190 1921 1409 1971 viverent,

26 1992 397 2051 praedicatumque
425 1990 508 2034 illis
527 1991 680 2034 fuisset
701 1988 1004 2048 Evangelium‚
1029 1988 1263 2032 infideliter
1286 1989 1413 2033 audi-

25 2070 161 2106 turos.
190 2065 338 2106 Restat
368 2062 501 2120 igitur
528 2070 578 2105 ut
613 2060 705 2105 solo
741 2069 920 2119 peccato
951 2059 1150 2117 originali
1184 2069 1415 2103 teneantur

25 2131 221 2176 obstricti
245 2166 256 2185 ‚
288 2141 329 2175 et
347 2141 523 2189 propter
550 2132 634 2175 hoc
668 2130 808 2174 solum
847 2139 948 2173 eant
975 2130 1020 2173 in
1045 2130 1370 2174 damnationem
1399 2152 1409 2187 3

25 2200 144 2260 quod
170 2200 367 2245 videmus
385 2201 476 2245 aliis
494 2201 691 2244 eamdem
715 2200 978 2244 habentibus
999 2215 1190 2254 causam,
1218 2216 1308 2244 non
1331 2200 1412 2243 nisi

24 2286 100 2328 per
123 2271 200 2315 Dei
233 2271 465 2329 gratuitam
497 2271 676 2329 gratiam
700 2270 1025 2327 regeneratione
1052 2270 1205 2314 donari
1231 2291 1241 2327 3
1262 2279 1304 2313 et
1321 2271 1410 2329 ejus

25 2341 198 2386 occulto
219 2375 228 2394 ‚
251 2342 370 2400 justo
391 2351 537 2384 tamen
555 2340 736 2399 judicio,
763 2341 967 2400 quoniam
993 2356 1081 2384 non
1116 2349 1178 2384 est
1206 2341 1411 2399 iniquitas

25 2412 142 2470 apud
169 2414 307 2455 Deum
330 2446 340 2465 ‚
376 2410 590 2470 quosdam
630 2410 758 2454 etiam
802 2420 900 2469 post
932 2410 1195 2469 baptismum
1230 2411 1410 2468 pessime

25 2480 212 2526 vivendo
249 2481 460 2541 perituros
483 2515 494 2536 ‚
521 2481 566 2525 in
588 2481 669 2525 hac
688 2489 834 2524 tamen
854 2481 941 2524 vita
963 2495 1052 2539 quo
1074 2494 1211 2539 usque
1230 2487 1411 2539 pereant

72 2573 83 2588 ¹
105 2567 183 2599 Luc.
204 2577 237 2606 x,
260 2567 312 2608 13,
329 2572 361 2599 et
378 2567 490 2599 Matih,
513 2577 559 2605 ¹1,
578 2574 684 2598 21-—
698 2566 838 2604 ²1d.x=‚
855 2574 909 2607 22,
930 2570 963 2598 et
981 2566 1058 2597 Luc.
1079 2575 1111 2606 X,
1136 2563 1186 2607 14.
