1884 3285
413 260 495 300 186
847 269 881 296 s.
916 263 1147 295 Auernum
1178 251 1382 293 EP1scorr‘

410 335 722 381 adulteriorum
739 342 783 378 et
799 332 1137 378 fornicationum
1152 330 1316 376 malum
1333 330 1452 376 bono
1467 329 1655 376 naturali
1671 346 1732 392 qu

408 406 512 450 inde
534 405 724 450 nascitur
753 419 844 449 non
872 411 1016 464 potest
1037 402 1244 447 excusari.
1272 403 1382 460 Nam
1408 401 1520 446 sicut
1545 410 1772 462 peccatum

408 477 496 522 sive
520 476 622 520 hinc
645 476 733 520 sive
758 474 862 519 inde
883 490 908 519 a
931 473 1120 533 parvulis
1144 473 1355 527 trahatur,
1385 487 1496 532 opus
1517 482 1581 518 est
1603 473 1766 535 diaboli
1775 495 1802 550 ἦ

407 547 466 592 sic
484 546 616 590 homo
627 580 638 600 ‚
659 545 748 591 sive
763 546 866 590 hinc
883 545 970 589 sive
984 544 1086 588 inde
1102 553 1317 599 nascatur,
1337 558 1446 603 opus
1459 552 1523 588 est
1537 544 1629 588 Dei.
1648 544 1808 605 Etiam,

406 617 478 662 hic
495 632 544 661 ea
566 615 862 674 praetermisit,
883 616 929 659 in
946 614 1103 675 quibus
1119 630 1243 659 aures
1257 614 1489 660 catholicas
1505 614 1666 660 timuit.
1682 617 1800 675 Nam,

407 698 458 733 ut
487 686 542 732 ad
568 688 664 732 haec
694 684 824 732 verba
851 686 1088 740 veniretur,
1122 700 1250 745 supra
1277 683 1443 730 dictum
1475 694 1568 730 erat
1589 701 1613 730 a
1640 685 1767 732 nobis
1777 702 1813 744 rf-

408 761 501 803 Hoc
527 773 630 816 ergo
655 758 757 817 quia
786 757 988 811 dicimus,
1013 756 1134 817 quod
1157 757 1454 821 antiquissima
1477 765 1608 816 atque
1635 756 1800 814 firmis-,

406 829 508 872 sima
533 827 759 872 catholicae
777 826 879 872 fidei
896 826 1044 885 regula
1067 827 1330 882 continetur,
1356 827 1425 871 isti
1448 826 1609 872 novelli
1629 835 1674 872 et
1693 841 1793 886 per-

404 898 516 943 versi
538 898 753 958 dogmatis
775 907 1021 953 assertores,
1039 898 1116 958 qui
1138 897 1247 942 nihil
1269 898 1436 957 peccati
1456 912 1546 942 esse
1566 897 1613 941 in
1633 912 1794 957 parvu-

403 969 455 1013 lis
477 967 632 1013 dicunt
652 967 774 1029 quod
793 967 965 1013 lavacro
989 968 1325 1027 regenerationis
1346 967 1566 1024 abluatur,
1582 976 1804 1029 tanquam,

403 1039 662 1085 damnemus
680 1040 870 1100 nuptias,
891 1049 934 1084 et
954 1050 1166 1100 tanquam
1188 1055 1297 1099 opus
1320 1040 1413 1095 Dei,
1440 1040 1524 1084 hoc
1544 1047 1623 1095 est,
1646 1039 1824 1099 homi-3‘

404 1126 504 1156 nem
524 1113 600 1171 qui
618 1126 669 1155 ex
687 1110 770 1154 illis
792 1111 984 1155 nascitur
1001 1145 1012 1166 ,
1035 1125 1144 1170 opus
1167 1110 1331 1155 diaboli
1352 1125 1441 1154 esse
1463 1109 1672 1166 dicamus,
1693 1109 1795 1154 infi-

403 1180 558 1225 deliter
573 1181 643 1225 vel
657 1181 855 1240 imperite
869 1179 1209 1224 calumniantur.
1232 1180 1308 1225 His
1323 1195 1424 1239 ergo
1441 1180 1596 1225 nostris
1612 1188 1804 1240 praeter·,

404 1252 540 1295 missis
557 1260 803 1311 sequuntur
826 1250 900 1294 illa
919 1260 1066 1295 nostra
1085 1266 1184 1310 quae
1202 1252 1362 1310 posuit,
1381 1251 1493 1296 sicut
1510 1266 1641 1311 supra
1655 1252 1799 1311 scrip-¹

404 1330 497 1365 tum
530 1330 593 1366 est
620 1341 628 1366 :
660 1340 679 1363 «
705 1324 804 1374 Quo
841 1337 978 1382 usque
1012 1321 1303 1381 simplicitati,
1338 1323 1415 1382 qui
1448 1323 1545 1367 haec
1575 1323 1793 1383 loqueris,

401 1391 701 1450 religiosorum
724 1401 949 1451 pectorum
974 1401 1018 1437 et
1037 1392 1248 1451 imperitis
1270 1394 1448 1437 auribus
1469 1394 1681 1453 perstabis
1699 1392 1798 1440 illu-

402 1463 536 1508 dere?
559 1479 689 1523 quem
714 1462 769 1507 ad
793 1463 924 1506 finem
948 1479 1038 1508 sese
1059 1463 1333 1524 impudentia
1353 1465 1565 1510 effrenata
1581 1464 1796 1525 jactabit?

401 1533 519 1580 Nihil
542 1543 600 1589 te,
629 1549 730 1578 cum
753 1534 847 1578 haec
869 1535 1091 1591 scriberes,
1119 1550 1300 1580 censura
1323 1535 1556 1580 doctorum
1572 1537 1792 1591 virorum:

401 1604 510 1649 nihil
541 1605 782 1650 reverentia
810 1605 948 1649 futuri
972 1606 1127 1665 judicii
1148 1641 1159 1662 ,
1188 1605 1296 1650 nihil
1321 1608 1412 1666 ipsa
1435 1605 1678 1652 litterarum
1699 1621 1796 1653 mo·

401 1685 611 1720 numenta
634 1678 892 1720 moverunt?
913 1680 1064 1721 Patere
1077 1679 1167 1737 jam
1185 1676 1399 1723 fallaciam
1420 1688 1557 1735 tuam,
1578 1688 1621 1723 et
1641 1678 1794 1736 depre-

401 1747 578 1790 hensam
598 1747 734 1790 tenori
752 1762 842 1791 non
861 1746 1012 1791 vides?
1026 1749 1140 1800 Quid
1159 1748 1204 1792 in
1222 1750 1362 1808 primo
1381 1783 1393 1804 ,
1414 1749 1522 1808 quid
1538 1750 1585 1794 in
1601 1748 1797 1795 secundo¹

401 1831 532 1875 opere
565 1817 883 1876 conscripseris,
921 1833 1052 1878 quem
1081 1828 1277 1863 nostrum
1312 1819 1511 1877 ignorare
1543 1820 1795 1865 arbitraris?

401 1888 551 1931 Libuit
572 1888 686 1931 enim
714 1903 904 1947 prorsus,
931 1898 974 1933 et
997 1889 1172 1945 decuit,
1195 1890 1260 1934 his
1282 1900 1325 1935 te
1346 1890 1610 1951 compellare
1634 1890 1790 1948 modiS‚

399 1959 559 2017 quibus
585 1960 631 2002 in
664 1959 922 2018 parricidam
957 1960 1184 2019 publicum
1216 1960 1425 2021 eloquens
1457 1963 1624 2018 Consul
1653 1961 1792 2009 infre-

398 2029 511 2072 muit
528 2031 557 2070 ¹.
589 2046 607 2069 »
848 2079 854 2088 Δ

459 2105 751 2148 ΑιῑαεετιΝυε.
778 2105 895 2147 Bene
925 2102 1045 2159 facis,
1079 2104 1270 2148 indicare
1298 2104 1440 2160 nobis,
1471 2120 1527 2150 ne
1558 2103 1671 2150 forte
1700 2121 1792 2152 non

402 2188 731 2232 agnosceremus
751 2209 762 2228 ,
797 2174 851 2218 de
884 2175 1106 2220 invectivis
1137 2175 1355 2220 Ciceronis
1387 2185 1428 2220 te
1454 2177 1535 2221 ista
1562 2177 1792 2237 sumpsisse

402 2253 534 2304 atque
556 2245 731 2288 vertisse
749 2246 956 2289 :sednon
979 2246 1182 2290 timemus
1205 2245 1448 2303 Julianum,
1473 2263 1574 2292 cum
1596 2239 1794 2296 videmus

400 2313 567 2359 factum
579 2330 670 2359 esse
682 2314 931 2360 Tullianum
950 2335 959 2360 ι
976 2316 1064 2361 imo
1080 2317 1225 2375 potius
1240 2317 1438 2361 dolemus
1452 2318 1672 2374 insanum,
1691 2334 1794 2364 cum

402 2384 598 2429 videmus
620 2401 793 2430 sensum
816 2386 1052 2445 perdidisse
1074 2388 1384 2433 Christianum.
1407 2388 1522 2441 Quid
1545 2390 1662 2434 enirn
1681 2389 1793 2435 insa-

403 2453 500 2497 nius
515 2489 526 2508 ,
551 2470 683 2514 quam
706 2456 939 2515 prohibere
961 2473 984 2501 a
1008 2456 1199 2516 parvulis
1223 2458 1441 2502 medicum
1464 2459 1704 2516 Christum,
1725 2459 1792 2504 di-

403 2524 544 2568 cendo
567 2541 656 2569 non
685 2541 774 2570 esse
804 2527 849 2570 in
877 2527 936 2572 eis
961 2527 1081 2588 quod
1111 2529 1226 2572 venit
1256 2528 1327 2582 ille
1351 2532 1528 2574 sanare?
1549 2530 1702 2577 Cicero
1727 2531 1791 2576 in·
1839 2535 1842 2538 ’

448 2615 457 2631 ¹
481 2609 584 2642 Cicer.
605 2611 690 2642 Orat.
707 2622 718 2643 1
732 2610 764 2643 in
781 2611 903 2644 catilin.
