1821 3264
243 263 387 290 orssms
418 259 595 288 IMPERF.
631 255 792 285 CONTRA
828 252 997 283 JULIAN.
1034 254 1117 280 Lm.
1153 253 1183 279 1.
1322 238 1405 278 265

26 330 131 384 Quis
153 336 297 372 autem
315 334 510 369 nostrum
536 322 692 375 dicat1,
720 321 839 380 quod
872 319 999 379 primi
1023 317 1210 362 hominis
1231 324 1408 376 peccato

25 399 200 461 perierit
227 397 411 441 liberum
435 393 659 439 arbitrium
695 392 750 435 de
781 406 938 449 genere
970 390 1190 433 humano?
1215 388 1410 430 Libertas

27 470 203 532 quidem
226 468 353 527 periit
367 482 444 525 per
463 472 708 525 peccatum,
727 461 798 505 sed
818 461 892 504 illa
906 475 1004 520 quae
1026 459 1070 502 in
1092 457 1290 518 paradiso
1308 456 1408 511 fuit,

26 539 216 585 habendi
253 537 427 597 plenam
472 549 569 578 cum
604 529 929 576 immortalitate
964 529 1198 588 justitiam3
1237 536 1413 585 propter

26 610 144 671 quod
181 620 336 653 natura
359 608 549 651 humana
571 603 717 648 divina
745 601 911 660 indiget
949 600 1105 659 gratia,
1137 597 1310 642 dicente
1333 600 1413 641 Do-

26 683 144 726 mino
161 681 205 724 in
228 678 463 736 Evangelio
495 691 598 729 suo,
635 694 654 716 «
683 674 725 718 Si
752 688 826 717 vos
861 671 996 715 Filius
1018 669 1285 723 liberaverit,
1308 677 1414 711 tunc

29 771 50 794 »
71 766 170 796 vere
192 749 318 793 liberi
341 747 487 792 eritis2
511 765 519 791 ε
547 764 566 786 »
599 745 756 803 Utique
774 742 897 786 liberi
920 740 975 785 ad
997 740 1108 784 bene
1128 740 1331 798 justeque
1347 738 1413 781 vi-

28 821 232 867 vendum.
269 822 376 865 Nam
406 818 591 862 liberum
615 814 841 860 arbitrium
869 826 1009 872 usque
1045 810 1153 855 adeo
1186 810 1231 854 in
1258 824 1415 869 pecca-

27 904 120 938 tore
146 907 233 936 non
252 891 395 950 periit,
417 898 468 933 ut
489 903 565 947 per
585 887 725 946 ipsum
745 892 945 944 peccent,
965 881 1150 926 maxime
1173 895 1323 925 omnes
1340 879 1419 938 qui

28 979 126 1009 curn
150 960 438 1007 delectatione
456 967 654 1019 peccant,
681 966 724 1001 et
747 970 893 1000 amore
914 951 1104 1013 peccati,
1126 958 1169 994 et
1197 950 1256 994 eis
1276 949 1420 1008 placet

27 1033 147 1096 quod
169 1048 240 1077 eos
257 1031 364 1075 libet
387 1049 395 1074 :
424 1029 542 1073 unde
569 1026 828 1087 Apostolus,
861 1045 881 1067 «
905 1026 1019 1069 Cum
1044 1021 1189 1066 essetis
1207 1055 1218 1075 ,
1243 1019 1387 1079 inquit
1405 1052 1417 1072 ,

30 1123 51 1146 »
82 1103 191 1148 servi
214 1101 395 1162 peccati,
420 1100 546 1144 liberi
576 1098 715 1142 fuistis
731 1097 913 1158 justitiae
930 1096 961 1138 3.
987 1112 1008 1135 η
1034 1096 1148 1138 Ecce
1172 1090 1419 1135 ostendun-

30 1184 101 1220 tur
121 1175 249 1217 etiam
270 1180 448 1232 peccato
462 1171 642 1214 minime
655 1168 861 1228 potuisse,
887 1165 969 1209 nisi
993 1163 1073 1208 alia
1094 1162 1313 1215 libertate,
1338 1175 1422 1204 ser-

29 1246 132 1290 vire.
158 1245 304 1288 Liberi
327 1258 430 1301 ergo
452 1259 475 1286 a
492 1241 658 1301 justitia
681 1255 771 1284 non
793 1246 914 1290 sunt,
942 1234 1022 1280 nisi
1044 1233 1226 1278 arbitrio
1248 1232 1423 1275 liberta-

30 1316 116 1360 tis:
141 1314 266 1358 liberi
304 1322 449 1357 autem
485 1328 507 1355 a
541 1319 718 1369 peccato
754 1324 842 1353 non
874 1307 1009 1359 fiunt,
1045 1305 1125 1348 nisi
1159 1302 1295 1362 gratia
1328 1299 1422 1346 Sal-

32 1384 204 1430 vatoris.
240 1386 422 1441 Propter
458 1380 579 1440 quod
622 1377 886 1424 admirabilis
920 1377 1073 1420 doctor
1116 1373 1245 1417 etiam
1288 1371 1422 1415 verba

33 1457 120 1515 ipsa
164 1453 393 1497 discrevit:
424 1470 443 1493 «
469 1453 580 1495 Cum
619 1450 734 1492 enim
765 1448 875 1491 servi
912 1445 1079 1499 essetis,
1104 1444 1249 1502 inquit
1270 1477 1280 1495 ,
1320 1456 1424 1500 pec-

35 1544 55 1567 »
81 1525 188 1578 cati,
223 1523 347 1567 liberi
386 1521 525 1565 fuistis
559 1520 750 1579 justitiae.
785 1521 925 1571 Quem
962 1530 1064 1573 ergo
1092 1524 1198 1558 tunc
1231 1513 1426 1556 fructum

38 1613 56 1636 »
76 1593 290 1638 habuistis
310 1593 355 1636 in
375 1592 440 1635 his
458 1626 468 1645 ,
493 1591 537 1633 in
561 1590 720 1649 quibus
741 1603 860 1632 nunc
892 1585 1170 1630 erubescitis?
1191 1585 1301 1628 Nam
1329 1581 1427 1624 finis

38 1685 57 1707 »
84 1665 260 1709 illorum
283 1678 399 1707 mors
422 1672 511 1706 est:
535 1676 652 1704 nunc
675 1668 819 1703 autem
839 1657 1010 1701 liberati
1031 1672 1053 1700 a
1083 1663 1263 1714 peccato
1280 1687 1290 1707 ,
1316 1652 1426 1696 servi

37 1755 57 1778 »
83 1745 225 1779 autem
251 1733 352 1777 facti
376 1733 469 1786 Dei,
494 1731 663 1775 habetis
685 1731 878 1773 fructum
903 1737 1095 1771 vestrum
1113 1725 1158 1767 in
1182 1723 1426 1767 sanctifica—

38 1825 57 1848 »
82 1807 264 1858 tionem,
287 1804 418 1846 finem
444 1817 547 1846 vero
565 1801 697 1845 vitam
721 1809 944 1843 aeternam.
977 1815 996 1837 »
1032 1796 1211 1838 Liberos
1242 1792 1428 1850 dixijus-

36 1876 160 1931 titiae,
188 1890 276 1919 non
294 1873 497 1917 liberatos
519 1891 527 1916 :
547 1887 569 1914 a
591 1879 766 1929 peccato
789 1877 934 1912 autem
956 1881 1046 1910 non
1063 1864 1244 1916 liberos,
1271 1876 1326 1905 ne
1349 1860 1430 1904 sibi

36 1950 118 1994 hoc
131 1949 396 2000 tribuerent,
419 1943 494 1988 sed
510 1942 838 2001 vigilantissime
862 1939 1015 1983 maluit
1031 1937 1176 1981 dicere
1198 1935 1428 1984 liberatos3

37 2019 232 2064 referens
251 2018 334 2060 hoc
357 2016 410 2059 ad
434 2014 551 2058 illam
567 2012 738 2056 Domini
759 2010 1034 2059 sententiam,
1063 2007 1104 2051 Si
1127 2021 1202 2050 vos
1224 2004 1359 2047 Filius
1377 2002 1431 2045 li-

38 2088 272 2140 beraverit,
301 2096 405 2129 tunc
429 2100 530 2129 vere
554 2082 679 2126 liberi
701 2081 833 2124 eritis.
866 2082 978 2124 Cum
1005 2078 1150 2135 itaque
1176 2089 1266 2117 non
1285 2073 1434 2116 vivant

41 2160 152 2204 bene
177 2158 255 2201 filii
285 2156 511 2199 hominum
532 2190 541 2207 ,
569 2153 649 2196 nisi
675 2151 820 2195 effecti
847 2150 923 2193 filii
953 2149 1055 2204 Dei3
1083 2145 1190 2205 quid
1218 2153 1281 2188 est
1313 2144 1433 2202 quod

41 2231 118 2274 iste
132 2229 270 2272 libero
293 2226 472 2269 arbitrio
493 2223 587 2268 vult
610 2223 721 2266 bene
743 2220 915 2265 vivendi
937 2219 1130 2263 tribuere
1150 2214 1434 2274 potestatem?

42 2303 154 2345 Cum
177 2298 293 2341 enim
316 2298 410 2339 haec
432 2303 619 2354 potestas
642 2308 731 2337 non
759 2292 888 2335 detur
914 2291 992 2334 nisi
1016 2288 1149 2346 gratia
1167 2288 1242 2329 Dei
1264 2300 1340 2344 per
1363 2286 1435 2327 Je-

43 2385 137 2415 sum
173 2368 395 2412 Christum
436 2365 671 2408 Dominum
707 2371 929 2415 nostrum,
972 2359 1144 2403 dicente
1178 2354 1431 2413 Evangelio,

50 2442 319 2497 «Quotquot
351 2445 495 2480 autem
527 2442 784 2492 receperunt
807 2446 907 2476 eum
937 2428 1058 2474 dedit
1088 2428 1146 2471 eis
1179 2433 1434 2485 potestatem

94 2548 103 2564 ¹
125 2540 202 2572 Vide
221 2539 276 2570 lib.
298 2550 307 2570 ι
333 2542 447 2571 contra
465 2538 542 2568 duas
561 2536 659 2578 Epist*
687 2535 843 2577 pelagian.
874 2543 947 2575 cap.
973 2540 1004 2562 ¹2.
1020 2547 1061 2552 --
1076 2536 1087 2551 ²
1107 2531 1199 2561 Joan.
1227 2537 1283 2559 vlu
1297 2549 1306 2563 ,
1327 2525 1378 2558 36.
1395 2540 1437 2548 -·
1462 2560 1469 2564 ,

51 2596 64 2619 3
86 2599 178 2630 Rom.
199 2607 247 2638 vi,
267 2604 321 2629 ρο,
340 2611 382 2617 —
397 2594 412 2625 4
430 2595 520 2625 Joan.
539 2605 564 2633 1,
587 2601 637 2623 12.
