<?xml version="1.0" encoding="UTF-8"?>
<!DOCTYPE html PUBLIC "-//W3C//DTD XHTML 1.0 Transitional//EN"
    "http://www.w3.org/TR/xhtml1/DTD/xhtml1-transitional.dtd">
<html xmlns="http://www.w3.org/1999/xhtml" xml:lang="en" lang="en">
 <head>
  <title>
</title>
<meta http-equiv="Content-Type" content="text/html;charset=utf-8" />
  <meta name='ocr-system' content='tesseract 3.04.00' />
  <meta name='ocr-capabilities' content='ocr_page ocr_carea ocr_par ocr_line ocrx_word'/>
</head>
<body>
  <div class='ocr_page' id='page_1' title='image "./operaomniaaccura36auguuoft/operaomniaaccura36auguuoft_0464.png"; bbox 0 0 1884 3285; ppageno 0'>
   <div class='ocr_carea' id='block_1_1' title="bbox 432 262 1390 300">
    <p class='ocr_par' dir='ltr' id='par_1_1' title="bbox 432 262 1390 300">
     <span class='ocr_line' id='line_1_1' title="bbox 432 262 1390 300; baseline -0.006 0"><span class='ocrx_word' id='word_1_1' title='bbox 432 262 514 300; x_wconf 84' lang='lat'>368</span> <span class='ocrx_word' id='word_1_2' title='bbox 875 272 907 296; x_wconf 82' lang='lat' dir='ltr'>s.</span> <span class='ocrx_word' id='word_1_3' title='bbox 945 269 1177 296; x_wconf 72' lang='lat' dir='ltr'>Auensnm</span> <span class='ocrx_word' id='word_1_4' title='bbox 1212 268 1390 295; x_wconf 73' lang='lat' dir='ltr'>zmscori</span> 
     </span>
    </p>
   </div>
   <div class='ocr_carea' id='block_1_2' title="bbox 431 331 1884 393">
    <p class='ocr_par' dir='ltr' id='par_1_2' title="bbox 431 317 1884 393">
     <span class='ocr_line' id='line_1_2' title="bbox 431 331 1884 393; baseline -0.004 -13"><span class='ocrx_word' id='word_1_5' title='bbox 431 351 520 380; x_wconf 87' lang='lat' dir='ltr'>esse</span> <span class='ocrx_word' id='word_1_6' title='bbox 543 342 639 393; x_wconf 88' lang='lat' dir='ltr'>post</span> <span class='ocrx_word' id='word_1_7' title='bbox 656 341 934 393; x_wconf 86' lang='lat' dir='ltr'>peccatorum</span> <span class='ocrx_word' id='word_1_8' title='bbox 966 331 1248 378; x_wconf 85' lang='lat' dir='ltr'>abolitionem</span> <span class='ocrx_word' id='word_1_9' title='bbox 1269 367 1280 388; x_wconf 83' lang='grc'>,</span> <span class='ocrx_word' id='word_1_10' title='bbox 1299 333 1411 377; x_wconf 88' lang='lat' dir='ltr'>sicut</span> <span class='ocrx_word' id='word_1_11' title='bbox 1429 345 1543 377; x_wconf 89' lang='lat' dir='ltr'>mors</span> <span class='ocrx_word' id='word_1_12' title='bbox 1566 339 1664 390; x_wconf 92' lang='lat' dir='ltr'>post</span> <span class='ocrx_word' id='word_1_13' title='bbox 1679 332 1818 376; x_wconf 87' lang='lat' dir='ltr'>carnis</span> <span class='ocrx_word' id='word_1_14' title='bbox 1883 387 1884 390; x_wconf 11' lang='grc' dir='ltr'><strong>Ἰ</strong></span> 
     </span>
    </p>
   </div>
   <div class='ocr_carea' id='block_1_3' title="bbox 432 404 1849 533">
    <p class='ocr_par' dir='ltr' id='par_1_3' title="bbox 432 404 1849 533">
     <span class='ocr_line' id='line_1_3' title="bbox 432 404 808 450; baseline -0.003 -2"><span class='ocrx_word' id='word_1_15' title='bbox 432 404 808 450; x_wconf 83' lang='lat' dir='ltr'>resurrectionem.</span> 
     </span>
     <span class='ocr_line' id='line_1_4' title="bbox 490 471 1849 533; baseline -0.004 -13"><span class='ocrx_word' id='word_1_16' title='bbox 490 477 691 520; x_wconf 84' lang='lat' dir='ltr'><strong>LXXIX.</strong></span> <span class='ocrx_word' id='word_1_17' title='bbox 710 476 936 519; x_wconf 66' lang='lat' dir='ltr'>Jummns.</span> <span class='ocrx_word' id='word_1_18' title='bbox 958 492 977 516; x_wconf 94' lang='lat'>«</span> <span class='ocrx_word' id='word_1_19' title='bbox 999 477 1060 518; x_wconf 85' lang='lat' dir='ltr'>Ac</span> <span class='ocrx_word' id='word_1_20' title='bbox 1083 488 1159 533; x_wconf 89' lang='lat' dir='ltr'>per</span> <span class='ocrx_word' id='word_1_21' title='bbox 1179 474 1262 518; x_wconf 91' lang='lat' dir='ltr'>hoc</span> <span class='ocrx_word' id='word_1_22' title='bbox 1283 507 1294 528; x_wconf 83' lang='lat'>‚</span> <span class='ocrx_word' id='word_1_23' title='bbox 1319 471 1561 518; x_wconf 89' lang='lat' dir='ltr'>secundum</span> <span class='ocrx_word' id='word_1_24' title='bbox 1588 485 1822 531; x_wconf 81' lang='lat' dir='ltr'>argumen-</span> <span class='ocrx_word' id='word_1_25' title='bbox 1848 497 1849 502; x_wconf 64' lang='lat'><em>=</em></span> 
     </span>
    </p>
   </div>
   <div class='ocr_carea' id='block_1_4' title="bbox 432 541 1884 606">
    <p class='ocr_par' dir='ltr' id='par_1_4' title="bbox 432 530 1884 606">
     <span class='ocr_line' id='line_1_5' title="bbox 432 541 1884 606; baseline -0.006 -14"><span class='ocrx_word' id='word_1_26' title='bbox 432 547 642 592; x_wconf 86' lang='lat' dir='ltr'>tationem</span> <span class='ocrx_word' id='word_1_27' title='bbox 664 561 843 606; x_wconf 85' lang='lat' dir='ltr'>quoque</span> <span class='ocrx_word' id='word_1_28' title='bbox 865 555 986 590; x_wconf 88' lang='lat' dir='ltr'>tuam</span> <span class='ocrx_word' id='word_1_29' title='bbox 1004 582 1015 600; x_wconf 79' lang='grc'>,</span> <span class='ocrx_word' id='word_1_30' title='bbox 1046 544 1150 588; x_wconf 92' lang='lat' dir='ltr'>olim</span> <span class='ocrx_word' id='word_1_31' title='bbox 1180 560 1270 589; x_wconf 92' lang='lat' dir='ltr'>non</span> <span class='ocrx_word' id='word_1_32' title='bbox 1303 552 1395 588; x_wconf 86' lang='lat' dir='ltr'>est:</span> <span class='ocrx_word' id='word_1_33' title='bbox 1427 541 1671 588; x_wconf 88' lang='lat' dir='ltr'>secundum</span> <span class='ocrx_word' id='word_1_34' title='bbox 1705 541 1824 586; x_wconf 89' lang='lat' dir='ltr'>testi·</span> <span class='ocrx_word' id='word_1_35' title='bbox 1883 584 1884 589; x_wconf 68' lang='grc'>,</span> 
     </span>
    </p>
   </div>
   <div class='ocr_carea' id='block_1_5' title="bbox 432 615 1278 677">
    <p class='ocr_par' dir='ltr' id='par_1_5' title="bbox 432 615 1278 677">
     <span class='ocr_line' id='line_1_6' title="bbox 432 615 1278 677; baseline -0.007 -14"><span class='ocrx_word' id='word_1_36' title='bbox 432 619 627 663; x_wconf 90' lang='lat' dir='ltr'>monium</span> <span class='ocrx_word' id='word_1_37' title='bbox 649 618 855 670; x_wconf 90' lang='lat' dir='ltr'>veritatis,</span> <span class='ocrx_word' id='word_1_38' title='bbox 881 631 1110 677; x_wconf 86' lang='lat' dir='ltr'>nunquam</span> <span class='ocrx_word' id='word_1_39' title='bbox 1133 615 1232 660; x_wconf 85' lang='lat' dir='ltr'>fuit.</span> <span class='ocrx_word' id='word_1_40' title='bbox 1259 634 1278 656; x_wconf 87' lang='lat'>»</span> 
     </span>
    </p>
   </div>
   <div class='ocr_carea' id='block_1_6' title="bbox 432 681 1884 814">
    <p class='ocr_par' dir='ltr' id='par_1_6' title="bbox 432 681 1884 814">
     <span class='ocr_line' id='line_1_7' title="bbox 492 681 1851 746; baseline -0.005 -12"><span class='ocrx_word' id='word_1_41' title='bbox 492 693 785 735; x_wconf 27' lang='lat' dir='ltr'>Anctstszrmus.</span> <span class='ocrx_word' id='word_1_42' title='bbox 817 689 854 732; x_wconf 94' lang='grc' dir='ltr'><strong>Ο</strong></span> <span class='ocrx_word' id='word_1_43' title='bbox 866 687 900 732; x_wconf 92' lang='lat' dir='ltr'>si</span> <span class='ocrx_word' id='word_1_44' title='bbox 915 702 991 732; x_wconf 92' lang='lat' dir='ltr'>vos</span> <span class='ocrx_word' id='word_1_45' title='bbox 1003 702 1092 732; x_wconf 92' lang='lat' dir='ltr'>non</span> <span class='ocrx_word' id='word_1_46' title='bbox 1107 687 1268 741; x_wconf 89' lang='lat' dir='ltr'>essetis,</span> <span class='ocrx_word' id='word_1_47' title='bbox 1281 686 1356 746; x_wconf 92' lang='lat' dir='ltr'>qui</span> <span class='ocrx_word' id='word_1_48' title='bbox 1368 693 1518 730; x_wconf 87' lang='lat' dir='ltr'>contra</span> <span class='ocrx_word' id='word_1_49' title='bbox 1534 683 1825 729; x_wconf 89' lang='lat' dir='ltr'>testimonium</span> <span class='ocrx_word' id='word_1_50' title='bbox 1848 681 1851 713; x_wconf 57' lang='grc' dir='ltr'>’ἶ</span> 
     </span>
     <span class='ocr_line' id='line_1_8' title="bbox 432 752 1884 814; baseline -0.006 -8"><span class='ocrx_word' id='word_1_51' title='bbox 432 761 624 806; x_wconf 87' lang='lat' dir='ltr'>veritatis</span> <span class='ocrx_word' id='word_1_52' title='bbox 640 760 799 805; x_wconf 84' lang='lat' dir='ltr'>falsum</span> <span class='ocrx_word' id='word_1_53' title='bbox 822 758 1122 803; x_wconf 90' lang='lat' dir='ltr'>testimonium</span> <span class='ocrx_word' id='word_1_54' title='bbox 1144 767 1337 803; x_wconf 88' lang='lat' dir='ltr'>vestrum</span> <span class='ocrx_word' id='word_1_55' title='bbox 1357 766 1400 801; x_wconf 93' lang='lat' dir='ltr'>et</span> <span class='ocrx_word' id='word_1_56' title='bbox 1417 755 1576 811; x_wconf 81' lang='lat' dir='ltr'>dicitis,</span> <span class='ocrx_word' id='word_1_57' title='bbox 1591 764 1635 799; x_wconf 90' lang='lat' dir='ltr'>et</span> <span class='ocrx_word' id='word_1_58' title='bbox 1651 755 1826 813; x_wconf 89' lang='lat' dir='ltr'>insuper</span> <span class='ocrx_word' id='word_1_59' title='bbox 1850 752 1851 757; x_wconf 71' lang='grc'>’</span> <span class='ocrx_word' id='word_1_60' title='bbox 1874 781 1884 814; x_wconf 71' lang='lat' dir='ltr'>&#39;i</span> 
     </span>
    </p>
   </div>
   <div class='ocr_carea' id='block_1_7' title="bbox 431 832 1852 1032">
    <p class='ocr_par' dir='ltr' id='par_1_7' title="bbox 431 832 1852 1032">
     <span class='ocr_line' id='line_1_9' title="bbox 431 832 632 877; baseline 0 -1"><span class='ocrx_word' id='word_1_61' title='bbox 431 832 632 877; x_wconf 88' lang='lat' dir='ltr'>scribitis.</span> 
     </span>
     <span class='ocr_line' id='line_1_10' title="bbox 493 898 1827 961; baseline -0.004 -14"><span class='ocrx_word' id='word_1_62' title='bbox 493 905 670 947; x_wconf 89' lang='lat' dir='ltr'><strong>LXXX.</strong></span> <span class='ocrx_word' id='word_1_63' title='bbox 691 904 919 946; x_wconf 65' lang='lat' dir='ltr'>Jummns.</span> <span class='ocrx_word' id='word_1_64' title='bbox 942 919 961 943; x_wconf 89' lang='lat'>«</span> <span class='ocrx_word' id='word_1_65' title='bbox 982 903 1038 945; x_wconf 91' lang='lat' dir='ltr'>Et</span> <span class='ocrx_word' id='word_1_66' title='bbox 1057 910 1106 945; x_wconf 89' lang='lat' dir='ltr'>ut</span> <span class='ocrx_word' id='word_1_67' title='bbox 1127 899 1246 961; x_wconf 87' lang='lat' dir='ltr'>quod</span> <span class='ocrx_word' id='word_1_68' title='bbox 1268 900 1448 959; x_wconf 82' lang='lat' dir='ltr'>egimus,</span> <span class='ocrx_word' id='word_1_69' title='bbox 1467 898 1711 944; x_wconf 84' lang='lat' dir='ltr'>inculcetur</span> <span class='ocrx_word' id='word_1_70' title='bbox 1737 911 1827 941; x_wconf 91' lang='lat' dir='ltr'>me-</span> 
     </span>
     <span class='ocr_line' id='line_1_11' title="bbox 432 967 1852 1032; baseline -0.005 -14"><span class='ocrx_word' id='word_1_71' title='bbox 432 974 581 1019; x_wconf 72' lang='lat' dir='ltr'>moriae</span> <span class='ocrx_word' id='word_1_72' title='bbox 605 973 777 1018; x_wconf 90' lang='lat' dir='ltr'>lectoris</span> <span class='ocrx_word' id='word_1_73' title='bbox 798 994 809 1031; x_wconf 76' lang='lat'><em>3</em></span> <span class='ocrx_word' id='word_1_74' title='bbox 836 972 1025 1016; x_wconf 87' lang='lat' dir='ltr'>definisti</span> <span class='ocrx_word' id='word_1_75' title='bbox 1059 973 1281 1032; x_wconf 89' lang='lat' dir='ltr'>quondam</span> <span class='ocrx_word' id='word_1_76' title='bbox 1306 980 1532 1031; x_wconf 85' lang='lat' dir='ltr'>peccatum</span> <span class='ocrx_word' id='word_1_77' title='bbox 1554 1005 1564 1025; x_wconf 90' lang='lat'>‚</span> <span class='ocrx_word' id='word_1_78' title='bbox 1585 979 1628 1014; x_wconf 89' lang='lat' dir='ltr'>et</span> <span class='ocrx_word' id='word_1_79' title='bbox 1645 968 1825 1029; x_wconf 90' lang='lat' dir='ltr'>optime,</span> <span class='ocrx_word' id='word_1_80' title='bbox 1850 967 1852 971; x_wconf 52' lang='lat'><strong><em>⁴</em></strong></span> 
     </span>
    </p>
   </div>
   <div class='ocr_carea' id='block_1_8' title="bbox 432 1039 1884 1104">
    <p class='ocr_par' dir='ltr' id='par_1_8' title="bbox 432 1039 1884 1104">
     <span class='ocr_line' id='line_1_12' title="bbox 432 1039 1884 1104; baseline -0.005 -15"><span class='ocrx_word' id='word_1_81' title='bbox 432 1045 543 1090; x_wconf 89' lang='lat' dir='ltr'>nihil</span> <span class='ocrx_word' id='word_1_82' title='bbox 564 1060 653 1090; x_wconf 90' lang='lat' dir='ltr'>esse</span> <span class='ocrx_word' id='word_1_83' title='bbox 668 1043 786 1089; x_wconf 91' lang='lat' dir='ltr'>aliud</span> <span class='ocrx_word' id='word_1_84' title='bbox 801 1059 934 1104; x_wconf 89' lang='lat' dir='ltr'>quam</span> <span class='ocrx_word' id='word_1_85' title='bbox 957 1043 1233 1088; x_wconf 86' lang='lat' dir='ltr'>voluntatem</span> <span class='ocrx_word' id='word_1_86' title='bbox 1254 1041 1513 1086; x_wconf 88' lang='lat' dir='ltr'>admittendi</span> <span class='ocrx_word' id='word_1_87' title='bbox 1527 1040 1647 1101; x_wconf 90' lang='lat' dir='ltr'>quod</span> <span class='ocrx_word' id='word_1_88' title='bbox 1663 1039 1830 1099; x_wconf 86' lang='lat' dir='ltr'>justitia</span> <span class='ocrx_word' id='word_1_89' title='bbox 1851 1074 1854 1079; x_wconf 25' lang='grc' dir='ltr'><strong><em>Δ</em></strong></span> <span class='ocrx_word' id='word_1_90' title='bbox 1873 1069 1884 1095; x_wconf 60' lang='lat'>¹1</span> 
     </span>
    </p>
   </div>
   <div class='ocr_carea' id='block_1_9' title="bbox 433 1113 1291 1172">
    <p class='ocr_par' dir='ltr' id='par_1_9' title="bbox 433 1113 1291 1172">
     <span class='ocr_line' id='line_1_13' title="bbox 433 1113 1291 1172; baseline -0.006 -11"><span class='ocrx_word' id='word_1_91' title='bbox 433 1125 566 1172; x_wconf 89' lang='lat' dir='ltr'>vetat,</span> <span class='ocrx_word' id='word_1_92' title='bbox 582 1125 626 1160; x_wconf 91' lang='lat' dir='ltr'>et</span> <span class='ocrx_word' id='word_1_93' title='bbox 641 1116 760 1160; x_wconf 90' lang='lat' dir='ltr'>unde</span> <span class='ocrx_word' id='word_1_94' title='bbox 777 1115 964 1158; x_wconf 85' lang='lat' dir='ltr'>liberum</span> <span class='ocrx_word' id='word_1_95' title='bbox 980 1122 1044 1157; x_wconf 91' lang='lat' dir='ltr'>est</span> <span class='ocrx_word' id='word_1_96' title='bbox 1062 1113 1291 1157; x_wconf 86' lang='lat' dir='ltr'>abstinere.</span> 
     </span>
    </p>
   </div>
   <div class='ocr_carea' id='block_1_10' title="bbox 492 1179 1884 1243">
    <p class='ocr_par' dir='ltr' id='par_1_10' title="bbox 492 1179 1884 1243">
     <span class='ocr_line' id='line_1_14' title="bbox 492 1179 1884 1243; baseline -0.006 -12"><span class='ocrx_word' id='word_1_97' title='bbox 492 1190 785 1231; x_wconf 66' lang='lat' dir='ltr'>Auccanu-s.</span> <span class='ocrx_word' id='word_1_98' title='bbox 822 1187 919 1228; x_wconf 86' lang='lat' dir='ltr'>Jam</span> <span class='ocrx_word' id='word_1_99' title='bbox 945 1198 1201 1243; x_wconf 88' lang='lat' dir='ltr'>responsum</span> <span class='ocrx_word' id='word_1_100' title='bbox 1231 1191 1317 1237; x_wconf 86' lang='lat' dir='ltr'>est,</span> <span class='ocrx_word' id='word_1_101' title='bbox 1348 1182 1469 1242; x_wconf 90' lang='lat' dir='ltr'>quod</span> <span class='ocrx_word' id='word_1_102' title='bbox 1491 1180 1657 1241; x_wconf 92' lang='lat' dir='ltr'>peccati</span> <span class='ocrx_word' id='word_1_103' title='bbox 1678 1179 1734 1225; x_wconf 90' lang='lat' dir='ltr'>sit</span> <span class='ocrx_word' id='word_1_104' title='bbox 1754 1179 1832 1224; x_wconf 90' lang='lat' dir='ltr'>ista</span> <span class='ocrx_word' id='word_1_105' title='bbox 1851 1194 1884 1237; x_wconf 50' lang='grc' dir='ltr'>με,</span> 
     </span>
    </p>
   </div>
   <div class='ocr_carea' id='block_1_11' title="bbox 432 1253 1505 1316">
    <p class='ocr_par' dir='ltr' id='par_1_11' title="bbox 432 1253 1505 1316">
     <span class='ocr_line' id='line_1_15' title="bbox 432 1253 1505 1316; baseline -0.005 -15"><span class='ocrx_word' id='word_1_106' title='bbox 432 1256 646 1311; x_wconf 84' lang='lat' dir='ltr'>definitio,</span> <span class='ocrx_word' id='word_1_107' title='bbox 668 1271 758 1300; x_wconf 91' lang='lat' dir='ltr'>non</span> <span class='ocrx_word' id='word_1_108' title='bbox 782 1256 877 1316; x_wconf 88' lang='lat' dir='ltr'>ejus</span> <span class='ocrx_word' id='word_1_109' title='bbox 895 1254 1017 1314; x_wconf 93' lang='lat' dir='ltr'>quod</span> <span class='ocrx_word' id='word_1_110' title='bbox 1035 1253 1091 1299; x_wconf 92' lang='lat' dir='ltr'>sit</span> <span class='ocrx_word' id='word_1_111' title='bbox 1108 1263 1152 1298; x_wconf 91' lang='lat' dir='ltr'>et</span> <span class='ocrx_word' id='word_1_112' title='bbox 1170 1268 1301 1313; x_wconf 87' lang='lat' dir='ltr'>poena</span> <span class='ocrx_word' id='word_1_113' title='bbox 1324 1253 1505 1312; x_wconf 84' lang='lat' dir='ltr'>peccati.</span> 
     </span>
    </p>
   </div>
   <div class='ocr_carea' id='block_1_12' title="bbox 434 1535 1855 1670">
    <p class='ocr_par' dir='ltr' id='par_1_12' title="bbox 434 1535 1855 1670">
     <span class='ocr_line' id='line_1_16' title="bbox 434 1535 1855 1600; baseline -0.004 -16"><span class='ocrx_word' id='word_1_114' title='bbox 434 1541 479 1586; x_wconf 92' lang='lat' dir='ltr'>in</span> <span class='ocrx_word' id='word_1_115' title='bbox 497 1550 748 1600; x_wconf 84' lang='lat' dir='ltr'>peccatum,</span> <span class='ocrx_word' id='word_1_116' title='bbox 774 1556 797 1585; x_wconf 88' lang='lat' dir='ltr'>a</span> <span class='ocrx_word' id='word_1_117' title='bbox 820 1555 910 1599; x_wconf 93' lang='lat' dir='ltr'>quo</span> <span class='ocrx_word' id='word_1_118' title='bbox 933 1547 1078 1584; x_wconf 87' lang='lat' dir='ltr'>nosset</span> <span class='ocrx_word' id='word_1_119' title='bbox 1106 1538 1295 1582; x_wconf 88' lang='lat' dir='ltr'>liberum</span> <span class='ocrx_word' id='word_1_120' title='bbox 1324 1537 1455 1582; x_wconf 88' lang='lat' dir='ltr'>fuisse</span> <span class='ocrx_word' id='word_1_121' title='bbox 1478 1538 1533 1592; x_wconf 90' lang='lat' dir='ltr'>ei,</span> <span class='ocrx_word' id='word_1_122' title='bbox 1562 1535 1639 1597; x_wconf 90' lang='lat' dir='ltr'>qui</span> <span class='ocrx_word' id='word_1_123' title='bbox 1655 1542 1855 1595; x_wconf 50' lang='lat' dir='ltr'>propter&amp;</span> 
     </span>
     <span class='ocr_line' id='line_1_17' title="bbox 434 1610 1059 1670; baseline -0.01 -13"><span class='ocrx_word' id='word_1_124' title='bbox 434 1612 519 1657; x_wconf 92' lang='lat' dir='ltr'>hoc</span> <span class='ocrx_word' id='word_1_125' title='bbox 535 1611 764 1670; x_wconf 87' lang='lat' dir='ltr'>affligitur,</span> <span class='ocrx_word' id='word_1_126' title='bbox 785 1610 1016 1655; x_wconf 88' lang='lat' dir='ltr'>abstinere.</span> <span class='ocrx_word' id='word_1_127' title='bbox 1041 1629 1059 1651; x_wconf 90' lang='lat'>»</span> 
     </span>
    </p>
   </div>
   <div class='ocr_carea' id='block_1_13' title="bbox 494 1676 1884 1744">
    <p class='ocr_par' dir='ltr' id='par_1_13' title="bbox 494 1676 1884 1744">
     <span class='ocr_line' id='line_1_18' title="bbox 494 1676 1884 1744; baseline -0.006 -16"><span class='ocrx_word' id='word_1_128' title='bbox 494 1687 553 1727; x_wconf 72' lang='grc' dir='ltr'>Αι</span> <span class='ocrx_word' id='word_1_129' title='bbox 565 1698 787 1728; x_wconf 61' lang='lat' dir='ltr'>sosarmus.</span> <span class='ocrx_word' id='word_1_130' title='bbox 826 1685 1007 1740; x_wconf 81' lang='lat' dir='ltr'>Propter</span> <span class='ocrx_word' id='word_1_131' title='bbox 1028 1679 1136 1740; x_wconf 88' lang='lat' dir='ltr'>quid</span> <span class='ocrx_word' id='word_1_132' title='bbox 1171 1695 1275 1744; x_wconf 85' lang='lat' dir='ltr'>ergo</span> <span class='ocrx_word' id='word_1_133' title='bbox 1297 1680 1553 1739; x_wconf 84' lang='lat' dir='ltr'>affliguntur</span> <span class='ocrx_word' id='word_1_134' title='bbox 1574 1677 1744 1738; x_wconf 86' lang='lat' dir='ltr'>parvuli</span> <span class='ocrx_word' id='word_1_135' title='bbox 1764 1710 1776 1732; x_wconf 91' lang='lat'><strong>‚</strong></span> <span class='ocrx_word' id='word_1_136' title='bbox 1801 1676 1835 1720; x_wconf 90' lang='lat' dir='ltr'>si</span> <span class='ocrx_word' id='word_1_137' title='bbox 1853 1692 1884 1731; x_wconf 54' lang='grc' dir='ltr'>γ,</span> 
     </span>
    </p>
   </div>
   <div class='ocr_carea' id='block_1_14' title="bbox 430 1749 1856 1954">
    <p class='ocr_par' dir='ltr' id='par_1_14' title="bbox 430 1749 1856 1954">
     <span class='ocr_line' id='line_1_19' title="bbox 434 1749 1856 1810; baseline -0.005 -12"><span class='ocrx_word' id='word_1_138' title='bbox 434 1753 605 1798; x_wconf 88' lang='lat' dir='ltr'>nullum</span> <span class='ocrx_word' id='word_1_139' title='bbox 640 1754 806 1798; x_wconf 84' lang='lat' dir='ltr'>habent</span> <span class='ocrx_word' id='word_1_140' title='bbox 841 1752 1021 1796; x_wconf 91' lang='lat' dir='ltr'>omnino</span> <span class='ocrx_word' id='word_1_141' title='bbox 1053 1760 1285 1810; x_wconf 85' lang='lat' dir='ltr'>peccatum</span> <span class='ocrx_word' id='word_1_142' title='bbox 1317 1753 1335 1795; x_wconf 75' lang='grc' dir='ltr'><em>Ρ</em></span> <span class='ocrx_word' id='word_1_143' title='bbox 1371 1754 1440 1795; x_wconf 88' lang='lat' dir='ltr'>An</span> <span class='ocrx_word' id='word_1_144' title='bbox 1472 1749 1749 1809; x_wconf 90' lang='lat' dir='ltr'>omnipotens</span> <span class='ocrx_word' id='word_1_145' title='bbox 1785 1751 1856 1805; x_wconf 66' lang='lat' dir='ltr'>et3</span> 
     </span>
     <span class='ocr_line' id='line_1_20' title="bbox 430 1815 1856 1890; baseline -0.006 -20"><span class='ocrx_word' id='word_1_146' title='bbox 430 1825 573 1884; x_wconf 85' lang='lat' dir='ltr'>justus</span> <span class='ocrx_word' id='word_1_147' title='bbox 603 1827 717 1869; x_wconf 90' lang='lat' dir='ltr'>Deus</span> <span class='ocrx_word' id='word_1_148' title='bbox 747 1824 926 1883; x_wconf 82' lang='lat' dir='ltr'>injustas</span> <span class='ocrx_word' id='word_1_149' title='bbox 950 1837 1103 1882; x_wconf 87' lang='lat' dir='ltr'>poenas</span> <span class='ocrx_word' id='word_1_150' title='bbox 1127 1837 1151 1866; x_wconf 87' lang='lat' dir='ltr'>a</span> <span class='ocrx_word' id='word_1_151' title='bbox 1173 1830 1239 1866; x_wconf 87' lang='lat' dir='ltr'>tot</span> <span class='ocrx_word' id='word_1_152' title='bbox 1267 1821 1579 1867; x_wconf 85' lang='lat' dir='ltr'>innocentibus</span> <span class='ocrx_word' id='word_1_153' title='bbox 1598 1815 1856 1890; x_wconf 50' lang='lat' dir='ltr'>prohibere}</span> 
     </span>
     <span class='ocr_line' id='line_1_21' title="bbox 437 1894 732 1954; baseline -0.01 -15"><span class='ocrx_word' id='word_1_154' title='bbox 437 1909 527 1939; x_wconf 93' lang='lat' dir='ltr'>non</span> <span class='ocrx_word' id='word_1_155' title='bbox 549 1895 693 1954; x_wconf 89' lang='lat' dir='ltr'>potuit</span> <span class='ocrx_word' id='word_1_156' title='bbox 714 1894 732 1936; x_wconf 69' lang='grc' dir='ltr'>’Ξ</span> 
     </span>
    </p>
   </div>
   <div class='ocr_carea' id='block_1_15' title="bbox 497 1960 1837 2022">
    <p class='ocr_par' dir='ltr' id='par_1_15' title="bbox 497 1939 1866 2025">
     <span class='ocr_line' id='line_1_22' title="bbox 497 1960 1837 2022; baseline -0.007 -11"><span class='ocrx_word' id='word_1_157' title='bbox 497 1968 721 2011; x_wconf 84' lang='lat' dir='ltr'><strong>LXXXII.</strong></span> <span class='ocrx_word' id='word_1_158' title='bbox 737 1966 761 2009; x_wconf 89' lang='lat' dir='ltr'><strong>J</strong></span> <span class='ocrx_word' id='word_1_159' title='bbox 767 1981 994 2009; x_wconf 54' lang='lat' dir='ltr'>numus«</span> <span class='ocrx_word' id='word_1_160' title='bbox 1007 1963 1263 2022; x_wconf 84' lang='lat' dir='ltr'>Magistrum</span> <span class='ocrx_word' id='word_1_161' title='bbox 1287 1977 1389 2007; x_wconf 87' lang='lat' dir='ltr'>vero</span> <span class='ocrx_word' id='word_1_162' title='bbox 1412 1962 1607 2020; x_wconf 84' lang='lat' dir='ltr'>gentium</span> <span class='ocrx_word' id='word_1_163' title='bbox 1626 1960 1857 2005; x_wconf 85' lang='lat' dir='ltr'>rationem</span> 
     </span>
    </p>
   </div>
   <div class='ocr_carea' id='block_1_16' title="bbox 437 2032 1857 2164">
    <p class='ocr_par' dir='ltr' id='par_1_16' title="bbox 437 2032 1857 2164">
     <span class='ocr_line' id='line_1_23' title="bbox 437 2032 1857 2099; baseline -0.006 -16"><span class='ocrx_word' id='word_1_164' title='bbox 437 2038 664 2099; x_wconf 87' lang='lat' dir='ltr'>privilegio</span> <span class='ocrx_word' id='word_1_165' title='bbox 687 2036 956 2081; x_wconf 76' lang='lat' dir='ltr'>auctoritatis</span> <span class='ocrx_word' id='word_1_166' title='bbox 985 2043 1224 2078; x_wconf 83' lang='lat' dir='ltr'>armantem</span> <span class='ocrx_word' id='word_1_167' title='bbox 1245 2069 1254 2088; x_wconf 91' lang='lat'>,</span> <span class='ocrx_word' id='word_1_168' title='bbox 1281 2033 1601 2092; x_wconf 85' lang='lat' dir='ltr'>pronuntiasse,</span> <span class='ocrx_word' id='word_1_169' title='bbox 1626 2032 1726 2092; x_wconf 90' lang='lat' dir='ltr'>quia</span> <span class='ocrx_word' id='word_1_170' title='bbox 1755 2045 1833 2090; x_wconf 87' lang='lat' dir='ltr'>per</span> <span class='ocrx_word' id='word_1_171' title='bbox 1854 2039 1857 2063; x_wconf 57' lang='grc' dir='ltr'>ὲ</span> 
     </span>
     <span class='ocr_line' id='line_1_24' title="bbox 438 2098 1857 2164; baseline -0.006 -10"><span class='ocrx_word' id='word_1_172' title='bbox 438 2124 577 2153; x_wconf 91' lang='lat' dir='ltr'>unum</span> <span class='ocrx_word' id='word_1_173' title='bbox 609 2109 831 2154; x_wconf 90' lang='lat' dir='ltr'>hominem</span> <span class='ocrx_word' id='word_1_174' title='bbox 855 2107 900 2150; x_wconf 90' lang='lat' dir='ltr'>in</span> <span class='ocrx_word' id='word_1_175' title='bbox 922 2107 1042 2150; x_wconf 90' lang='lat' dir='ltr'>hunc</span> <span class='ocrx_word' id='word_1_176' title='bbox 1070 2105 1287 2149; x_wconf 84' lang='lat' dir='ltr'>mundum</span> <span class='ocrx_word' id='word_1_177' title='bbox 1320 2104 1450 2164; x_wconf 89' lang='lat' dir='ltr'>culpa</span> <span class='ocrx_word' id='word_1_178' title='bbox 1470 2103 1684 2148; x_wconf 86' lang='lat' dir='ltr'>transierit</span> <span class='ocrx_word' id='word_1_179' title='bbox 1712 2123 1723 2161; x_wconf 78' lang='lat'><em>3</em></span> <span class='ocrx_word' id='word_1_180' title='bbox 1747 2098 1857 2162; x_wconf 44' lang='lat' dir='ltr'>quo]</span> 
     </span>
    </p>
   </div>
   <div class='ocr_carea' id='block_1_17' title="bbox 440 2173 1864 2240">
    <p class='ocr_par' dir='ltr' id='par_1_17' title="bbox 440 2173 1864 2240">
     <span class='ocr_line' id='line_1_25' title="bbox 440 2173 1864 2240; baseline -0.006 -15"><span class='ocrx_word' id='word_1_181' title='bbox 440 2181 619 2226; x_wconf 90' lang='lat' dir='ltr'>nomine</span> <span class='ocrx_word' id='word_1_182' title='bbox 647 2179 864 2240; x_wconf 88' lang='lat' dir='ltr'>separavit</span> <span class='ocrx_word' id='word_1_183' title='bbox 899 2193 1029 2237; x_wconf 86' lang='lat' dir='ltr'>opera</span> <span class='ocrx_word' id='word_1_184' title='bbox 1066 2177 1348 2236; x_wconf 78' lang='lat' dir='ltr'>nuptiarum,</span> <span class='ocrx_word' id='word_1_185' title='bbox 1390 2192 1490 2235; x_wconf 81' lang='lat' dir='ltr'>quae</span> <span class='ocrx_word' id='word_1_186' title='bbox 1519 2176 1611 2220; x_wconf 88' lang='lat' dir='ltr'>sine</span> <span class='ocrx_word' id='word_1_187' title='bbox 1647 2173 1837 2218; x_wconf 91' lang='lat' dir='ltr'>duorum</span> <span class='ocrx_word' id='word_1_188' title='bbox 1855 2176 1864 2214; x_wconf 67' lang='lat' dir='ltr'>i‘</span> 
     </span>
    </p>
   </div>
   <div class='ocr_carea' id='block_1_18' title="bbox 441 2245 1858 2311">
    <p class='ocr_par' dir='ltr' id='par_1_18' title="bbox 441 2245 1858 2311">
     <span class='ocr_line' id='line_1_26' title="bbox 441 2245 1858 2311; baseline -0.006 -14"><span class='ocrx_word' id='word_1_189' title='bbox 441 2252 618 2311; x_wconf 84' lang='lat' dir='ltr'>negotio</span> <span class='ocrx_word' id='word_1_190' title='bbox 650 2267 741 2296; x_wconf 89' lang='lat' dir='ltr'>esse</span> <span class='ocrx_word' id='word_1_191' title='bbox 772 2266 861 2295; x_wconf 89' lang='lat' dir='ltr'>non</span> <span class='ocrx_word' id='word_1_192' title='bbox 888 2257 1070 2309; x_wconf 86' lang='lat' dir='ltr'>possunt</span> <span class='ocrx_word' id='word_1_193' title='bbox 1095 2269 1106 2306; x_wconf 78' lang='lat'>3</span> <span class='ocrx_word' id='word_1_194' title='bbox 1147 2248 1550 2293; x_wconf 87' lang='lat' dir='ltr'>commendavimus</span> <span class='ocrx_word' id='word_1_195' title='bbox 1575 2266 1584 2291; x_wconf 91' lang='grc'>;</span> <span class='ocrx_word' id='word_1_196' title='bbox 1621 2255 1752 2306; x_wconf 88' lang='lat' dir='ltr'>atque</span> <span class='ocrx_word' id='word_1_197' title='bbox 1780 2245 1858 2290; x_wconf 51' lang='lat' dir='ltr'>ob?</span> 
     </span>
    </p>
   </div>
   <div class='ocr_carea' id='block_1_19' title="bbox 442 2315 1858 2381">
    <p class='ocr_par' dir='ltr' id='par_1_19' title="bbox 442 2315 1858 2381">
     <span class='ocr_line' id='line_1_27' title="bbox 442 2315 1858 2381; baseline -0.006 -13"><span class='ocrx_word' id='word_1_198' title='bbox 442 2324 526 2368; x_wconf 91' lang='lat' dir='ltr'>hoc</span> <span class='ocrx_word' id='word_1_199' title='bbox 553 2323 607 2367; x_wconf 86' lang='lat' dir='ltr'>ab</span> <span class='ocrx_word' id='word_1_200' title='bbox 629 2321 706 2367; x_wconf 87' lang='lat' dir='ltr'>illo</span> <span class='ocrx_word' id='word_1_201' title='bbox 724 2336 861 2366; x_wconf 88' lang='lat' dir='ltr'>unum</span> <span class='ocrx_word' id='word_1_202' title='bbox 887 2319 1019 2364; x_wconf 84' lang='lat' dir='ltr'>fuisse</span> <span class='ocrx_word' id='word_1_203' title='bbox 1041 2319 1334 2374; x_wconf 87' lang='lat' dir='ltr'>nominatum,</span> <span class='ocrx_word' id='word_1_204' title='bbox 1368 2334 1424 2363; x_wconf 89' lang='lat' dir='ltr'>ne</span> <span class='ocrx_word' id='word_1_205' title='bbox 1446 2318 1544 2378; x_wconf 90' lang='lat' dir='ltr'>quis</span> <span class='ocrx_word' id='word_1_206' title='bbox 1561 2317 1671 2362; x_wconf 91' lang='lat' dir='ltr'>duos</span> <span class='ocrx_word' id='word_1_207' title='bbox 1683 2315 1858 2381; x_wconf 59' lang='lat' dir='ltr'>intelli-3</span> 
     </span>
    </p>
   </div>
   <div class='ocr_carea' id='block_1_20' title="bbox 444 2392 1858 2662">
    <p class='ocr_par' dir='ltr' id='par_1_20' title="bbox 444 2392 1858 2662">
     <span class='ocr_line' id='line_1_28' title="bbox 444 2392 816 2452; baseline -0.013 -14"><span class='ocrx_word' id='word_1_208' title='bbox 444 2409 543 2452; x_wconf 85' lang='lat' dir='ltr'>gere</span> <span class='ocrx_word' id='word_1_209' title='bbox 573 2392 770 2438; x_wconf 83' lang='lat' dir='ltr'>auderet.</span> <span class='ocrx_word' id='word_1_210' title='bbox 797 2410 816 2433; x_wconf 87' lang='lat'>»</span> 
     </span>
     <span class='ocr_line' id='line_1_29' title="bbox 504 2451 1857 2521; baseline -0.005 -12"><span class='ocrx_word' id='word_1_211' title='bbox 504 2468 796 2510; x_wconf 64' lang='lat' dir='ltr'>Acctsnntzs.</span> <span class='ocrx_word' id='word_1_212' title='bbox 833 2464 930 2507; x_wconf 75' lang='lat' dir='ltr'>‚lam</span> <span class='ocrx_word' id='word_1_213' title='bbox 955 2475 1208 2521; x_wconf 88' lang='lat' dir='ltr'>responsum</span> <span class='ocrx_word' id='word_1_214' title='bbox 1239 2469 1335 2505; x_wconf 86' lang='lat' dir='ltr'>est:</span> <span class='ocrx_word' id='word_1_215' title='bbox 1369 2459 1539 2505; x_wconf 83' lang='lat' dir='ltr'>assidue</span> <span class='ocrx_word' id='word_1_216' title='bbox 1572 2467 1615 2504; x_wconf 90' lang='lat' dir='ltr'>te</span> <span class='ocrx_word' id='word_1_217' title='bbox 1651 2451 1857 2503; x_wconf 56' lang='lat' dir='ltr'>delectatT</span> 
     </span>
     <span class='ocr_line' id='line_1_30' title="bbox 445 2528 1858 2597; baseline -0.006 -16"><span class='ocrx_word' id='word_1_218' title='bbox 445 2551 556 2581; x_wconf 88' lang='lat' dir='ltr'>vana</span> <span class='ocrx_word' id='word_1_219' title='bbox 574 2536 749 2594; x_wconf 83' lang='lat' dir='ltr'>garrire.</span> <span class='ocrx_word' id='word_1_220' title='bbox 1855 2528 1858 2597; x_wconf 41' lang='lat' dir='ltr'>J</span> 
     </span>
     <span class='ocr_line' id='line_1_31' title="bbox 507 2601 1857 2662; baseline -0.007 -9"><span class='ocrx_word' id='word_1_221' title='bbox 507 2607 1027 2653; x_wconf 69' lang='lat' dir='ltr'><strong>LXXXIII.JUL1ANth.«</strong></span> <span class='ocrx_word' id='word_1_222' title='bbox 1041 2605 1096 2648; x_wconf 88' lang='lat' dir='ltr'>Et</span> <span class='ocrx_word' id='word_1_223' title='bbox 1118 2618 1163 2647; x_wconf 88' lang='lat' dir='ltr'>re</span> <span class='ocrx_word' id='word_1_224' title='bbox 1185 2617 1285 2648; x_wconf 87' lang='lat' dir='ltr'>vera</span> <span class='ocrx_word' id='word_1_225' title='bbox 1302 2601 1443 2648; x_wconf 90' lang='lat' dir='ltr'>multo</span> <span class='ocrx_word' id='word_1_226' title='bbox 1464 2617 1546 2662; x_wconf 82' lang='lat' dir='ltr'>ego</span> <span class='ocrx_word' id='word_1_227' title='bbox 1562 2615 1836 2661; x_wconf 87' lang='lat' dir='ltr'>consequen·</span> <span class='ocrx_word' id='word_1_228' title='bbox 1855 2626 1857 2633; x_wconf 28' lang='grc' dir='ltr'><strong><em>π</em></strong></span> 
     </span>
    </p>
   </div>
   <div class='ocr_carea' id='block_1_21' title="bbox 493 1299 1884 1382">
    <p class='ocr_par' dir='ltr' id='par_1_21' title="bbox 493 1299 1884 1382">
     <span class='ocr_line' id='line_1_32' title="bbox 493 1299 1884 1382; baseline -0.006 -9"><span class='ocrx_word' id='word_1_229' title='bbox 493 1329 1012 1373; x_wconf 71' lang='lat' dir='ltr'>LXXXI.J11L1AN11s.«</span> <span class='ocrx_word' id='word_1_230' title='bbox 1040 1328 1149 1379; x_wconf 85' lang='lat' dir='ltr'>Quae</span> <span class='ocrx_word' id='word_1_231' title='bbox 1184 1324 1381 1370; x_wconf 83' lang='lat' dir='ltr'>definitio</span> <span class='ocrx_word' id='word_1_232' title='bbox 1415 1323 1470 1369; x_wconf 89' lang='lat' dir='ltr'>ad</span> <span class='ocrx_word' id='word_1_233' title='bbox 1504 1321 1832 1382; x_wconf 84' lang='lat' dir='ltr'>intelligendam</span> <span class='ocrx_word' id='word_1_234' title='bbox 1852 1299 1884 1372; x_wconf 65' lang='lat' dir='ltr'>ii</span> 
     </span>
    </p>
   </div>
   <div class='ocr_carea' id='block_1_22' title="bbox 433 1388 1884 1543">
    <p class='ocr_par' dir='ltr' id='par_1_22' title="bbox 433 1388 1884 1529">
     <span class='ocr_line' id='line_1_33' title="bbox 433 1388 1884 1459; baseline -0.006 -15"><span class='ocrx_word' id='word_1_235' title='bbox 433 1413 614 1459; x_wconf 88' lang='lat' dir='ltr'>quoque</span> <span class='ocrx_word' id='word_1_236' title='bbox 630 1399 842 1459; x_wconf 83' lang='lat' dir='ltr'>justitiam</span> <span class='ocrx_word' id='word_1_237' title='bbox 873 1397 947 1442; x_wconf 88' lang='lat' dir='ltr'>Dei</span> <span class='ocrx_word' id='word_1_238' title='bbox 969 1396 1141 1456; x_wconf 86' lang='lat' dir='ltr'>aperuit</span> <span class='ocrx_word' id='word_1_239' title='bbox 1161 1396 1311 1451; x_wconf 87' lang='lat' dir='ltr'>viam,</span> <span class='ocrx_word' id='word_1_240' title='bbox 1343 1404 1392 1440; x_wconf 88' lang='lat' dir='ltr'>ut</span> <span class='ocrx_word' id='word_1_241' title='bbox 1408 1409 1681 1440; x_wconf 84' lang='lat' dir='ltr'>censeremus</span> <span class='ocrx_word' id='word_1_242' title='bbox 1698 1392 1834 1453; x_wconf 87' lang='lat' dir='ltr'>aequi-</span> <span class='ocrx_word' id='word_1_243' title='bbox 1852 1388 1884 1456; x_wconf 60' lang='lat' dir='ltr'>{i</span> 
     </span>
     <span class='ocr_line' id='line_1_34' title="bbox 434 1431 1884 1543; baseline -0.006 -28"><span class='ocrx_word' id='word_1_244' title='bbox 434 1478 571 1515; x_wconf 88' lang='lat' dir='ltr'>tatem</span> <span class='ocrx_word' id='word_1_245' title='bbox 595 1469 733 1515; x_wconf 91' lang='lat' dir='ltr'>divini</span> <span class='ocrx_word' id='word_1_246' title='bbox 755 1469 1013 1529; x_wconf 83' lang='lat' dir='ltr'>neutiquam</span> <span class='ocrx_word' id='word_1_247' title='bbox 1034 1477 1145 1513; x_wconf 89' lang='lat' dir='ltr'>stare</span> <span class='ocrx_word' id='word_1_248' title='bbox 1163 1431 1333 1528; x_wconf 84' lang='lat' dir='ltr'>judicii,</span> <span class='ocrx_word' id='word_1_249' title='bbox 1351 1467 1432 1512; x_wconf 90' lang='lat' dir='ltr'>nisi</span> <span class='ocrx_word' id='word_1_250' title='bbox 1453 1465 1563 1511; x_wconf 91' lang='lat' dir='ltr'>illud</span> <span class='ocrx_word' id='word_1_251' title='bbox 1580 1466 1835 1543; x_wconf 81' lang='lat' dir='ltr'>imputasset</span> <span class='ocrx_word' id='word_1_252' title='bbox 1852 1474 1884 1523; x_wconf 58' lang='lat' dir='ltr'>‘&#39;iss</span> 
     </span>
    </p>
   </div>
   <div class='ocr_carea' id='block_1_23' title="bbox 1853 1533 1884 3285">
    <p class='ocr_par' dir='ltr' id='par_1_23' title="bbox 1853 1533 1884 3285">
     <span class='ocr_line' id='line_1_35' title="bbox 1853 1533 1884 3285; baseline 0 0"><span class='ocrx_word' id='word_1_253' title='bbox 1853 1533 1884 3285; x_wconf 95' lang='lat' dir='ltr'> </span> 
     </span>
    </p>
   </div>
  </div>
 </body>
</html>
