1821 3264
0 62 7 120 t

2 198 6 218 l

3 242 6 279 Ξ
245 254 389 284 orsms
421 254 597 283 muns.
630 249 794 281 comm
825 251 993 282 sctum.
1029 255 1113 284 Lm.
1152 256 1183 282 1.
1321 244 1405 284 219

1 316 5 378 ᾗ
25 320 130 382 quid
149 319 237 364 istis
267 319 591 372 contradicatis,
617 332 665 362 ac
688 332 776 362 non
797 319 942 377 potius
961 334 1051 379 quo
1076 319 1274 377 fugiatiS,
1297 320 1331 363 si
1348 321 1407 364 eis

0 402 5 466 ς’
26 389 267 438 consentire
286 404 374 433 non
387 388 543 433 vultis?
567 386 651 433 Sed
668 388 871 447 quoniam
886 404 956 432 me
970 390 1112 433 dixisti
1131 398 1345 434 eructasse
1361 389 1407 433 in

1 469 5 527 'i
25 459 190 507 Italiam
211 458 330 518 quod
354 457 548 517 gematis,
573 457 776 501 eumdem
798 457 922 501 illum
944 459 1199 518 episcopum
1228 459 1367 504 Italiae
1384 475 1407 504 a

1 529 99 583 {tuo
129 529 308 573 doctore
332 527 558 572 laudatum
588 527 633 570 in
659 535 780 570 tuam
810 525 999 572 frontem
1026 528 1188 587 replico
1219 528 1407 574 Ambro-

0 595 4 647 ἓ
25 590 133 645 'sium
167 601 197 642 ¹.
220 599 380 642 Omnes
404 598 601 642 homines
616 631 627 652 ,
652 597 794 656 inquit
812 631 824 652 ‚
849 597 930 641 sub
959 607 1139 656 peccato
1171 599 1402 655 nascimur,

1 650 211 730 {quorum
240 668 331 727 ipse
370 676 490 712 ortus
524 667 569 710 in
595 666 702 711 vitio
719 675 805 722 est,
837 667 947 711 sicut
968 668 1101 712 habes
1125 667 1312 723 lectum,
1339 667 1408 712 di-

1 737 5 791 ἷ
25 748 146 787 cente
164 737 320 794 David,
339 757 359 780 «
379 741 490 783 Ecce
513 738 557 781 in
579 737 882 796 iniquitatibus
897 749 1135 798 conceptus
1155 755 1249 783 sum
1265 774 1277 794 ‚
1302 747 1346 783 et
1362 739 1408 783 in

1 816 3 847 i
27 829 48 854 »
67 810 231 855 delictis
251 810 418 869 peperit
436 825 506 854 me
523 818 660 854 mater
682 824 792 854 mea.
817 827 838 851 »
862 808 967 854 Ideo
981 810 1104 854 Pauli
1125 825 1226 855 caro
1252 824 1409 868 corpus

0 908 3 950 ξ
23 881 171 926 mortis
191 889 298 936 erat,
318 881 431 924 sicut
451 880 543 939 ipse
561 880 620 923 ait
646 898 655 924 z
680 898 700 922 «
721 880 826 933 Quis
841 894 910 923 me
931 879 1134 924 liberabit
1152 881 1207 924 de
1227 894 1409 939 corpore

0 955 4 1003 i
27 968 48 995 »
73 951 222 996 mortis
259 952 388 1011 hujus
410 954 428 977 ²
450 952 468 992 ‘2
494 968 512 992 »
539 950 699 995 Christi
720 959 865 994 autem
888 965 986 994 caro
1010 949 1232 994 damnavit
1252 965 1407 1009 pecca-

0 1014 4 1079 }
25 1029 132 1076 turn,
152 1020 271 1081 quod
293 1019 510 1065 nascendo
528 1035 618 1064 non
633 1020 780 1076 sensit,
796 1020 917 1080 quod
934 1019 1162 1065 moriendo
1178 1019 1406 1075 crucifixit,

0 1092 4 1155 i
23 1100 72 1136 ut
97 1092 141 1135 in
164 1106 292 1136 carne
317 1100 461 1136 nostra
483 1099 592 1135 esset
611 1091 861 1150 justificatio
880 1106 957 1150 per
980 1092 1185 1150 gratiam,
1215 1091 1293 1135 ubi
1318 1100 1410 1135 erat

0 1156 3 1171 ⁷
24 1169 122 1207 ante
154 1161 343 1206 colluvio
380 1177 456 1221 per
494 1160 685 1220 culpam.
721 1164 844 1206 Hanc
880 1176 961 1220 ego
995 1163 1127 1206 fidem
1169 1162 1410 1221 antiquitus

0 1249 3 1285 ,¹
24 1232 225 1278 traditam
253 1231 351 1277 dico
370 1242 502 1292 atque
525 1231 754 1276 fundatam
774 1251 783 1277 :
806 1241 854 1276 tu
876 1233 1040 1288 renuiS‚
1062 1243 1104 1278 et
1126 1233 1197 1278 cui
1220 1232 1409 1277 relucte-

0 1303 106 1368 }ri3,
136 1319 225 1347 non
262 1303 451 1361 respicis.
493 1302 717 1362 Numquid
751 1303 854 1347 huic
884 1318 979 1347 eam
1009 1319 1033 1348 a
1062 1303 1239 1348 diabolo
1266 1303 1409 1348 dicere

0 1369 4 1450 f
24 1374 182 1434 poteris
211 1373 496 1432 inspiratam?
522 1372 746 1432 Numquid
768 1374 845 1417 iste
867 1375 1136 1418 Manichaeus
1158 1383 1222 1418 est
1240 1377 1258 1416 ⁶?
1277 1389 1410 1418 num-

0 1452 3 1495 Ι
25 1445 130 1506 quid
160 1445 353 1489 Marcion
373 1446 390 1486 ‘?
412 1447 596 1488 Faustus
629 1446 648 1488 Ξ)
676 1444 935 1488 Adimantus
957 1446 975 1488 Ξ)
1006 1447 1103 1490 Non
1127 1445 1281 1504 utique
1300 1478 1311 1499 ‚
1334 1444 1411 1488 sed

0 1497 151 1577 {longe
178 1515 243 1559 his
271 1514 510 1569 dissimilis,
535 1514 762 1574 longeque
784 1515 1040 1559 contrarius.
1068 1515 1268 1573 Pelagius
1295 1523 1411 1558 certe

0 1581 4 1606 ³
24 1585 137 1631 dicat
150 1585 246 1644 quis
263 1585 342 1629 iste
362 1584 430 1628 sit.
451 1583 546 1639 Ille,
562 1583 635 1627 ille
650 1592 729 1639 est,
751 1585 873 1644 cujus
895 1585 1043 1639 fidem,
1069 1593 1112 1628 et
1132 1584 1411 1644 purissimum

26 1656 70 1701 in
90 1655 318 1715 Scripturis
337 1669 510 1698 sensum
533 1669 587 1698 ne
612 1654 813 1699 inimicus
832 1655 1010 1714 quidem
1034 1671 1162 1700 ausus
1175 1664 1238 1700 est
1261 1669 1411 1714 repre-

25 1727 235 1782 hendere,
261 1725 378 1779 Quid
401 1735 481 1781 est,
505 1724 707 1769 Juliane‘?
722 1726 800 1769 ubi
824 1735 866 1770 te
889 1726 1010 1770 vides
1032 1728 1050 1771 Ρ
1072 1726 1151 1770 Ille
1166 1761 1177 1781 ,
1212 1727 1335 1785 cujus
1358 1741 1412 1770 ne

0 1791 4 1854 Ι
26 1796 220 1840 inimicus
265 1795 444 1856 quidem
482 1795 800 1854 reprehendere
834 1811 962 1840 ausus
1002 1806 1065 1841 est
1105 1796 1236 1840 fidem
1254 1831 1264 1851 ‚
1300 1798 1413 1840 hanc

0 1857 4 1912 i
25 1865 210 1915 habebat
232 1866 362 1910 fidem
382 1900 394 1920 ,
418 1880 552 1925 quam
575 1873 624 1909 tu
644 1865 702 1909 ita
725 1866 1004 1925 reprehendis
1023 1902 1034 1922 ,
1061 1876 1108 1911 ut
1132 1882 1225 1911 earn
1248 1866 1412 1911 tribuas

0 1915 4 1993 i
26 1938 213 1983 conciliis
231 1937 579 1997 malignantium.
606 1940 719 1981 Ecce
742 1953 830 1981 non
854 1946 916 1981 est
939 1953 1106 1992 eorum,
1128 1936 1203 1981 sed
1224 1946 1287 1981 est
1311 1939 1412 1980 Am-

26 2008 153 2054 brosii
175 2028 184 2054 :
205 2011 306 2069 quia
325 2024 426 2054 vera
449 2017 513 2053 est
530 2043 540 2063 ,
561 2008 664 2068 quia
685 2023 788 2052 sana
816 2017 881 2052 est
896 2043 906 2063 ,
931 2009 1032 2068 quia
1046 2043 1056 2063 ,
1082 2017 1131 2052 ut
1159 2007 1270 2062 dixi,
1296 2007 1412 2051 anti-

28 2080 172 2140 quitus
189 2079 343 2124 tradita
358 2089 488 2140 atque
505 2078 690 2123 fundata
711 2089 790 2133 est,
815 2079 908 2123 haec
926 2089 970 2123 et
990 2095 1086 2123 mea
1107 2087 1184 2122 est.
1210 2081 1307 2123 Non
1331 2092 1412 2136 ego

27 2149 137 2195 hanc
164 2150 211 2194 in
239 2149 409 2194 Italiam
427 2149 576 2209 (quod
602 2164 678 2194 vos
701 2163 871 2207 gemere
898 2148 1063 2207 dicitis)
1084 2149 1276 2193 eructavi
1303 2167 1312 2192 ε
1338 2148 1413 2192 sed

28 2221 170 2281 potius
192 2220 248 2264 ab
265 2221 344 2264 isto
368 2220 569 2279 episcopo
589 2218 725 2263 Italiae
746 2220 859 2264 hanc
876 2218 1141 2278 praedicante
1163 2227 1207 2263 et
1227 2218 1413 2263 docente

29 2289 248 2336 lavacrum
277 2289 610 2348 regenerationis
649 2291 810 2348 accepi.
847 2289 1061 2343 Quoniam
1092 2289 1198 2333 fides
1231 2289 1311 2333 ista
1338 2303 1413 2333 ca·-

31 2361 189 2408 tholica
211 2371 289 2417 est,
313 2371 356 2405 et
373 2371 520 2406 tamen
541 2369 613 2405 tua
642 2375 731 2405 non
754 2369 816 2404 est
840 2379 848 2405 :
873 2368 923 2404 tu
944 2376 1047 2419 ergo
1076 2360 1155 2404 ubi
1179 2375 1222 2404 es
1244 2362 1262 2404 Ρ
1282 2360 1408 2413 Vide,

32 2432 208 2478 obsecro
227 2467 238 2487 ‚
264 2442 306 2476 et
328 2432 434 2476 redi.
459 2431 617 2475 Videre
639 2432 719 2475 tibi
743 2432 919 2491 expedit
936 2466 947 2488 ⁷
968 2447 1056 2476 non
1087 2431 1281 2476 invidere
1307 2450 1315 2476 :
1341 2445 1412 2474 re-

35 2503 122 2550 dire
149 2504 365 2563 cupimus,
391 2518 480 2548 non
494 2503 648 2561 perire.

80 2596 90 2611 1
110 2589 253 2621 Anibi-os.
273 2588 328 2620 lib.
345 2599 355 2622 1
373 2589 413 2622 de
427 2587 629 2629 Paenitentia,
645 2597 717 2630 cap.
739 2595 758 2622 2
778 2586 830 2620 vel
850 2586 880 2621 3.
897 2592 964 2613 -2
984 2589 1073 2620 Rom.
1094 2597 1151 2628 vn,
1174 2585 1224 2627 14.
