1821 3264
231 235 375 266 omnus
407 231 584 261 lMPERF.
617 224 780 257 CONTRA
811 224 982 254 summ.
1019 222 1102 248 Lm.
1138 220 1187 246 11.
1323 201 1408 243 349

26 303 165 352 cendo
187 302 447 351 traheretur,
481 311 569 342 non
591 293 671 338 nisi
693 307 770 352 per
791 305 891 334 eum
913 285 1088 332 intravit
1109 283 1153 328 in
1176 278 1409 334 mundum,

8 395 10 437 g
26 375 103 437 qui
116 374 281 434 primus
294 388 316 416 a
337 370 509 415 nemine
523 373 767 426 generatus,
786 357 1043 421 generandis
1059 353 1225 400 caeteris
1238 350 1414 409 originis

8 444 203 504 ¹ingessit
222 443 395 487 initium
423 460 434 497 3
458 438 529 483 hic
556 444 619 480 est
641 434 795 478 Adam.
829 435 888 475 De
909 427 1150 473 imitatione
1169 423 1299 481 igitur
1321 423 1415 465 An-

29 515 223 576 gelorum
246 521 291 557 et
310 511 539 556 hominum
561 504 756 563 intellige
789 511 830 546 te
859 499 969 544 nihil
1003 496 1057 541 ad
1079 507 1255 540 causam
1282 490 1418 550 perti-

8 588 136 647 }nens
170 584 314 628 dicere
346 603 357 640 3
389 579 464 625 sed
500 585 671 622 tantum
707 582 850 617 tacere
893 568 1098 613 noluisse.
1141 563 1420 621 Disputamus

8 661 11 711 ἡ
30 656 162 710 enim,
183 669 274 698 non
295 652 350 696 de
369 660 649 710 quocumque
671 650 914 703 peccatore,
943 638 1020 698 qui
1048 632 1421 695 quandocumque

8 726 225 788 'peccavit
254 725 300 767 in
338 720 533 766 mundo1
567 738 578 775 3
613 713 688 760 sed
719 713 774 757 de
812 710 888 755 illo
920 724 997 768 per
1027 720 1157 766 quem
1190 710 1420 761 peccatum

8 809 9 813 ’
30 797 207 842 intravit
228 796 274 839 in
294 791 534 837 mundum:
551 787 630 832 ubi
650 786 685 829 si
707 790 929 844 quaeratur
951 775 1198 835 exemplum
1219 770 1423 815 imitatio-

7 894 9 906 ε
32 869 113 924 nis,
138 864 339 910 diabolus
351 861 589 913 invenitur,
622 856 657 901 si
674 852 927 910 contagium
951 843 1240 907 generationis
1262 841 1419 885 Adam.

8 944 11 1001 ἓ
33 937 237 990 Proinde,
262 934 409 979 dicens
433 928 669 990 Apostolus
690 944 699 970 z
730 943 750 965 «
771 927 851 967 Per
875 933 1013 964 unum
1033 915 1253 960 hominem
1267 925 1423 971 pecca-

8 1006 11 1059 }
39 1028 58 1051 »
88 1017 183 1052 tum
222 1003 399 1049 intravit
429 1002 475 1045 in
509 996 727 1043 mundum
751 995 795 1048 2,
830 1009 849 1032 »
883 996 1111 1050 peccatum
1140 979 1427 1041 generationis

8 1096 10 1138 ξ
34 1077 220 1136 intelligi
243 1073 399 1120 voluit.
423 1067 662 1115 Imitationi
683 1065 796 1109 enim
817 1068 1059 1121 peccatum,
1085 1069 1174 1099 non
1193 1067 1271 1112 per
1287 1063 1427 1094 unum

7 1150 9 1194 j
35 1148 276 1200 hominem,
299 1142 376 1188 sed
397 1156 473 1202 per
490 1138 713 1183 diabolum
728 1132 908 1179 intravit
924 1132 970 1174 in
984 1126 1217 1173 mundum.

96 1222 147 1264 L.
168 1220 396 1262 ,lunam-s.
427 1213 572 1256 «Nam
611 1222 712 1252 cum
733 1214 971 1262 utrumque
1006 1214 1059 1242 ex
1082 1210 1203 1241 more
1235 1193 1426 1245 dicatur,

8 1291 10 1311 ²
40 1288 278 1350 aliquando
312 1283 434 1345 quod
464 1279 689 1326 diabolum
717 1275 814 1336 quis
841 1273 1058 1324 imitatus,
1094 1265 1310 1320 invideat,
1349 1262 1430 1305 ali-

40 1359 221 1423 quando
250 1355 372 1417 quod
405 1351 626 1397 hominem
657 1345 913 1397 aemulatus,
944 1348 1020 1385 aut
1041 1335 1202 1382 invidia
1218 1369 1229 1389 ,
1256 1341 1331 1377 aut
1352 1332 1433 1375 ssa-

41 1427 322 1492 gitiosorum³
348 1422 548 1469 sordibus
574 1418 822 1471 oblinatur,
857 1414 942 1457 hoc
970 1422 1147 1470 quoque
1176 1402 1432 1449 imitationis

8 1506 9 1509 ’
41 1516 203 1548 nomen
225 1498 400 1556 utrique
422 1493 555 1553 possit
581 1487 814 1535 convenire
835 1496 1054 1544 personae,
1085 1477 1131 1521 id
1152 1485 1237 1530 est,
1263 1483 1307 1518 et
1332 1486 1432 1516 cum

8 1570 11 1623 ἱ
44 1575 99 1619 de
119 1570 325 1622 homine,
356 1574 400 1610 et
420 1577 522 1609 cum
552 1561 607 1604 de
636 1555 812 1602 diabolo
851 1553 1012 1598 dicitur
1052 1567 1061 1594 z
1093 1557 1141 1592 tu
1174 1541 1435 1605 perridicule

10 1693 11 1698 ,
46 1642 231 1702 ineptire
257 1635 462 1689 voluisti,
486 1647 564 1692 per
590 1626 841 1674 imitationis
872 1620 1147 1667 intellectum
1174 1614 1314 1661 Adam
1346 1627 1436 1657 non

46 1713 238 1775 potuisse
257 1705 500 1753 monstrari.
530 1721 550 1743 »

108 1786 400 1828 Auensmmcs.
424 1768 654 1830 Numquid
692 1782 770 1826 per
804 1773 1130 1823 quemcumque
1172 1753 1395 1799 hominem
1424 1784 1434 1805 ,

9 1873 11 1891 =
49 1869 183 1916 quem
203 1846 427 1912 peccando
443 1843 551 1889 alius
569 1839 780 1891 imitatur,
799 1841 1027 1894 peccatum
1047 1826 1225 1872 intravit
1245 1824 1292 1867 in
1313 1836 1439 1865 mun-

9 1938 11 1978 }
51 1925 184 1971 dum?
211 1922 301 1976 Dic,
322 1918 356 1963 si
373 1924 512 1976 potes,
533 1908 641 1972 quid
655 1909 725 1962 sit,
749 1908 866 1950 «Per
884 1916 1023 1946 unum
1047 1897 1270 1943 hominem
1286 1906 1438 1952 pecca-

10 1990 12 2004 *
54 2015 76 2039 »
101 2005 197 2040 tum
216 1988 453 2036 intravitin
465 1982 700 2033 mundum,
722 1986 766 2022 et
779 1990 856 2036 per
867 1980 1096 2033 peccatum
1120 1980 1250 2019 mors,
1268 1972 1312 2007 et
1323 1963 1383 2006 ita
1395 1961 1441 2004 in

10 2122 11 2126 Ἰ
55 2086 77 2110 n
100 2079 250 2112 omnes
274 2059 474 2106 homines
495 2049 770 2115 pertransiit,
799 2045 888 2090 sive
911 2057 1042 2096 mors,
1068 2040 1155 2084 sive
1182 2042 1410 2096 peccatum
1428 2065 1440 2086 ,

57 2155 78 2178 »
105 2137 191 2180 sive
221 2131 368 2193 potius
405 2141 505 2172 cum
542 2130 682 2166 morte
710 2125 955 2177 peccatum.
988 2130 1008 2153 »
1046 2112 1154 2155 Nam
1188 2112 1440 2165 peccatum,

11 2218 13 2270 J
55 2207 179 2266 cujus
195 2199 436 2247 imitatione
451 2200 656 2254 peccatur
673 2223 684 2245 ,
709 2202 799 2232 non
824 2184 906 2228 nisi
927 2196 1004 2242 per
1027 2176 1250 2223 diabolum
1268 2171 1445 2217 intravit

10 2282 13 2346 j
56 2279 103 2322 in
123 2273 340 2320 mundum
359 2305 370 2325 ,
395 2267 472 2328 qui
493 2265 658 2325 primus
677 2274 767 2304 non
783 2254 996 2302 imitando
1010 2249 1129 2305 fecit,
1153 2246 1274 2308 quod
1291 2243 1364 2288 alii
1386 2241 1445 2286 fa-

56 2355 205 2394 cerent
224 2340 453 2389 imitando.

118 2420 194 2462 LI.
220 2417 446 2460 JULIANES.
471 2426 493 2450 «
530 2404 599 2451 Ad
629 2402 795 2461 reliqua
828 2395 1005 2442 festinat
1025 2392 1162 2438 oratio
1201 2407 1209 2431 ι
1246 2386 1322 2430 sed
1346 2399 1447 2443 pre-

13 2550 15 2555 !
61 2486 248 2535 mendus
268 2483 411 2528 adhuc
432 2480 554 2524 locus
574 2484 661 2530 est,
686 2481 736 2516 ut
757 2466 1044 2516 divisionibus
1065 2474 1198 2521 quam
1220 2470 1449 2517 possumus

111 2580 119 2597 ¹
142 2571 227 2604 Beda
240 2572 274 2603 et
287 2567 393 2600 Florus
410 2564 452 2597 ad
464 2565 556 2596 Rom.
576 2570 618 2593 vi.
632 2575 671 2584 —-
690 2563 702 2580 ²
721 2558 813 2589 Rom.
835 2564 870 2593 v,
894 2559 947 2584 12.
963 2564 1004 2573 ·-
1017 2545 1031 2570 3
1050 2546 1154 2579 Forte
1177 2541 1378 2584 flagitiorum.
