<?xml version="1.0" encoding="UTF-8"?>
<!DOCTYPE html PUBLIC "-//W3C//DTD XHTML 1.0 Transitional//EN"
    "http://www.w3.org/TR/xhtml1/DTD/xhtml1-transitional.dtd">
<html xmlns="http://www.w3.org/1999/xhtml" xml:lang="en" lang="en">
 <head>
  <title>
</title>
<meta http-equiv="Content-Type" content="text/html;charset=utf-8" />
  <meta name='ocr-system' content='tesseract 3.04.00' />
  <meta name='ocr-capabilities' content='ocr_page ocr_carea ocr_par ocr_line ocrx_word'/>
</head>
<body>
  <div class='ocr_page' id='page_1' title='image "./operaomniaaccura36auguuoft/operaomniaaccura36auguuoft_0580.png"; bbox 0 0 1884 3285; ppageno 0'>
   <div class='ocr_carea' id='block_1_1' title="bbox 411 249 1354 288">
    <p class='ocr_par' dir='ltr' id='par_1_1' title="bbox 411 249 1354 288">
     <span class='ocr_line' id='line_1_1' title="bbox 411 249 1354 288; baseline -0.003 -1"><span class='ocrx_word' id='word_1_1' title='bbox 411 249 459 288; x_wconf 76' lang='lat'>47</span> <span class='ocrx_word' id='word_1_2' title='bbox 469 251 492 287; x_wconf 87' lang='grc'>8</span> <span class='ocrx_word' id='word_1_3' title='bbox 842 259 874 285; x_wconf 85' lang='lat' dir='ltr'>s.</span> <span class='ocrx_word' id='word_1_4' title='bbox 910 255 1140 286; x_wconf 64' lang='lat' dir='ltr'>Auens-run</span> <span class='ocrx_word' id='word_1_5' title='bbox 1175 258 1354 286; x_wconf 73' lang='lat' dir='ltr'>Emscom</span> 
     </span>
    </p>
   </div>
   <div class='ocr_carea' id='block_1_2' title="bbox 403 321 1800 2585">
    <p class='ocr_par' dir='ltr' id='par_1_2' title="bbox 403 321 1800 2585">
     <span class='ocr_line' id='line_1_2' title="bbox 407 321 1789 382; baseline 0 -14"><span class='ocrx_word' id='word_1_6' title='bbox 407 337 564 382; x_wconf 82' lang='lat' dir='ltr'><strong>nempe</strong></span> <span class='ocrx_word' id='word_1_7' title='bbox 579 322 778 376; x_wconf 86' lang='lat' dir='ltr'><strong>dicimus,</strong></span> <span class='ocrx_word' id='word_1_8' title='bbox 795 321 850 366; x_wconf 92' lang='lat' dir='ltr'>de</span> <span class='ocrx_word' id='word_1_9' title='bbox 861 331 1038 381; x_wconf 84' lang='lat' dir='ltr'>peccato</span> <span class='ocrx_word' id='word_1_10' title='bbox 1052 322 1307 382; x_wconf 81' lang='lat' dir='ltr'>Apostolum</span> <span class='ocrx_word' id='word_1_11' title='bbox 1318 321 1553 367; x_wconf 86' lang='lat' dir='ltr'>voluntatis</span> <span class='ocrx_word' id='word_1_12' title='bbox 1569 323 1789 380; x_wconf 74' lang='lat' dir='ltr'>humanae,</span> 
     </span>
     <span class='ocr_line' id='line_1_3' title="bbox 407 393 1789 456; baseline 0 -16"><span class='ocrx_word' id='word_1_13' title='bbox 407 395 566 456; x_wconf 74' lang='lat' dir='ltr'>quaein</span> <span class='ocrx_word' id='word_1_14' title='bbox 579 408 849 454; x_wconf 82' lang='lat' dir='ltr'>unoquoque</span> <span class='ocrx_word' id='word_1_15' title='bbox 863 403 1071 453; x_wconf 84' lang='lat' dir='ltr'>peccante</span> <span class='ocrx_word' id='word_1_16' title='bbox 1097 403 1176 450; x_wconf 90' lang='lat' dir='ltr'>est,</span> <span class='ocrx_word' id='word_1_17' title='bbox 1197 394 1394 439; x_wconf 88' lang='lat' dir='ltr'>locutum</span> <span class='ocrx_word' id='word_1_18' title='bbox 1416 393 1546 439; x_wconf 81' lang='lat' dir='ltr'>fuisse</span> <span class='ocrx_word' id='word_1_19' title='bbox 1572 413 1581 440; x_wconf 71' lang='grc' dir='ltr'><strong><em>ι</em></strong></span> <span class='ocrx_word' id='word_1_20' title='bbox 1602 403 1650 439; x_wconf 93' lang='lat' dir='ltr'>tu</span> <span class='ocrx_word' id='word_1_21' title='bbox 1670 410 1789 451; x_wconf 88' lang='lat' dir='ltr'>vero,</span> 
     </span>
     <span class='ocr_line' id='line_1_4' title="bbox 407 463 1795 524; baseline 0 -13"><span class='ocrx_word' id='word_1_22' title='bbox 407 466 462 511; x_wconf 90' lang='lat' dir='ltr'>de</span> <span class='ocrx_word' id='word_1_23' title='bbox 483 481 534 510; x_wconf 93' lang='lat' dir='ltr'>eo</span> <span class='ocrx_word' id='word_1_24' title='bbox 565 464 683 524; x_wconf 92' lang='lat' dir='ltr'>quod</span> <span class='ocrx_word' id='word_1_25' title='bbox 711 466 871 509; x_wconf 88' lang='lat' dir='ltr'>Fausto</span> <span class='ocrx_word' id='word_1_26' title='bbox 893 463 1048 521; x_wconf 88' lang='lat' dir='ltr'>eredis,</span> <span class='ocrx_word' id='word_1_27' title='bbox 1074 465 1349 524; x_wconf 78' lang='lat' dir='ltr'>generatione</span> <span class='ocrx_word' id='word_1_28' title='bbox 1368 465 1680 522; x_wconf 80' lang='lat' dir='ltr'>transmissum,</span> <span class='ocrx_word' id='word_1_29' title='bbox 1709 475 1753 511; x_wconf 90' lang='lat' dir='ltr'>et</span> <span class='ocrx_word' id='word_1_30' title='bbox 1769 481 1795 511; x_wconf 90' lang='lat' dir='ltr'>a</span> 
     </span>
     <span class='ocr_line' id='line_1_5' title="bbox 408 535 1794 598; baseline 0 -16"><span class='ocrx_word' id='word_1_31' title='bbox 408 536 576 583; x_wconf 89' lang='lat' dir='ltr'>cunctis</span> <span class='ocrx_word' id='word_1_32' title='bbox 608 535 699 580; x_wconf 89' lang='lat' dir='ltr'>sine</span> <span class='ocrx_word' id='word_1_33' title='bbox 721 535 947 581; x_wconf 86' lang='lat' dir='ltr'>voluntate</span> <span class='ocrx_word' id='word_1_34' title='bbox 978 545 1243 596; x_wconf 88' lang='lat' dir='ltr'>susceptum.</span> <span class='ocrx_word' id='word_1_35' title='bbox 1269 537 1622 582; x_wconf 89' lang='lat' dir='ltr'>Concertationes</span> <span class='ocrx_word' id='word_1_36' title='bbox 1647 537 1794 598; x_wconf 90' lang='lat' dir='ltr'>itaque</span> 
     </span>
     <span class='ocr_line' id='line_1_6' title="bbox 409 605 1797 667; baseline 0 -14"><span class='ocrx_word' id='word_1_37' title='bbox 409 607 632 662; x_wconf 85' lang='lat' dir='ltr'>nostrae,si</span> <span class='ocrx_word' id='word_1_38' title='bbox 645 606 804 666; x_wconf 89' lang='lat' dir='ltr'>placet,</span> <span class='ocrx_word' id='word_1_39' title='bbox 821 605 1034 652; x_wconf 86' lang='lat' dir='ltr'>facessant</span> <span class='ocrx_word' id='word_1_40' title='bbox 1056 627 1066 664; x_wconf 78' lang='lat'><em>3</em></span> <span class='ocrx_word' id='word_1_41' title='bbox 1091 617 1133 652; x_wconf 93' lang='lat' dir='ltr'>et</span> <span class='ocrx_word' id='word_1_42' title='bbox 1150 616 1198 652; x_wconf 89' lang='lat' dir='ltr'>ut</span> <span class='ocrx_word' id='word_1_43' title='bbox 1221 606 1495 653; x_wconf 82' lang='lat' dir='ltr'>mediocriter</span> <span class='ocrx_word' id='word_1_44' title='bbox 1514 623 1654 667; x_wconf 84' lang='lat' dir='ltr'>agam,</span> <span class='ocrx_word' id='word_1_45' title='bbox 1671 606 1797 654; x_wconf 75' lang='lat' dir='ltr'>dissi-</span> 
     </span>
     <span class='ocr_line' id='line_1_7' title="bbox 409 675 1791 739; baseline 0.001 -17"><span class='ocrx_word' id='word_1_46' title='bbox 409 677 625 722; x_wconf 89' lang='lat' dir='ltr'>mulemus</span> <span class='ocrx_word' id='word_1_47' title='bbox 669 675 864 736; x_wconf 84' lang='lat' dir='ltr'>Apostoli</span> <span class='ocrx_word' id='word_1_48' title='bbox 905 677 1158 735; x_wconf 82' lang='lat' dir='ltr'>dignitatem</span> <span class='ocrx_word' id='word_1_49' title='bbox 1184 712 1196 732; x_wconf 94' lang='lat'>‚</span> <span class='ocrx_word' id='word_1_50' title='bbox 1236 694 1322 738; x_wconf 88' lang='lat' dir='ltr'>qua</span> <span class='ocrx_word' id='word_1_51' title='bbox 1361 678 1582 738; x_wconf 77' lang='lat' dir='ltr'>praescribi</span> <span class='ocrx_word' id='word_1_52' title='bbox 1622 687 1791 739; x_wconf 82' lang='lat' dir='ltr'>posset,</span> 
     </span>
     <span class='ocr_line' id='line_1_8' title="bbox 407 747 1797 810; baseline -0.001 -16"><span class='ocrx_word' id='word_1_53' title='bbox 407 748 573 794; x_wconf 86' lang='lat' dir='ltr'>etiamsi</span> <span class='ocrx_word' id='word_1_54' title='bbox 603 747 724 792; x_wconf 85' lang='lat' dir='ltr'>vobis</span> <span class='ocrx_word' id='word_1_55' title='bbox 759 762 835 807; x_wconf 90' lang='lat' dir='ltr'>per</span> <span class='ocrx_word' id='word_1_56' title='bbox 863 748 1010 792; x_wconf 89' lang='lat' dir='ltr'>omnia</span> <span class='ocrx_word' id='word_1_57' title='bbox 1030 752 1123 810; x_wconf 85' lang='lat' dir='ltr'>ejus</span> <span class='ocrx_word' id='word_1_58' title='bbox 1158 750 1292 795; x_wconf 89' lang='lat' dir='ltr'>verba</span> <span class='ocrx_word' id='word_1_59' title='bbox 1312 749 1624 805; x_wconf 83' lang='lat' dir='ltr'>concinerent,</span> <span class='ocrx_word' id='word_1_60' title='bbox 1648 758 1797 794; x_wconf 86' lang='lat' dir='ltr'>tamen</span> 
     </span>
     <span class='ocr_line' id='line_1_9' title="bbox 405 817 1793 878; baseline 0 -15"><span class='ocrx_word' id='word_1_61' title='bbox 405 820 529 864; x_wconf 89' lang='lat' dir='ltr'>illum</span> <span class='ocrx_word' id='word_1_62' title='bbox 545 834 623 878; x_wconf 89' lang='lat' dir='ltr'>pro</span> <span class='ocrx_word' id='word_1_63' title='bbox 640 818 773 863; x_wconf 84' lang='lat' dir='ltr'>officii</span> <span class='ocrx_word' id='word_1_64' title='bbox 795 819 861 863; x_wconf 88' lang='lat' dir='ltr'>sui</span> <span class='ocrx_word' id='word_1_65' title='bbox 883 817 1114 878; x_wconf 82' lang='lat' dir='ltr'>splendore</span> <span class='ocrx_word' id='word_1_66' title='bbox 1137 820 1246 865; x_wconf 89' lang='lat' dir='ltr'>nihil</span> <span class='ocrx_word' id='word_1_67' title='bbox 1262 829 1349 865; x_wconf 88' lang='lat' dir='ltr'>tam</span> <span class='ocrx_word' id='word_1_68' title='bbox 1371 818 1567 865; x_wconf 85' lang='lat' dir='ltr'>deforme</span> <span class='ocrx_word' id='word_1_69' title='bbox 1587 820 1793 878; x_wconf 77' lang='lat' dir='ltr'>sensisse3</span> 
     </span>
     <span class='ocr_line' id='line_1_10' title="bbox 405 888 1794 950; baseline -0.001 -15"><span class='ocrx_word' id='word_1_70' title='bbox 405 890 731 948; x_wconf 83' lang='lat' dir='ltr'>ambiguitatem</span> <span class='ocrx_word' id='word_1_71' title='bbox 751 904 840 934; x_wconf 89' lang='lat' dir='ltr'>esse</span> <span class='ocrx_word' id='word_1_72' title='bbox 853 888 1168 946; x_wconf 87' lang='lat' dir='ltr'>elocutionum,</span> <span class='ocrx_word' id='word_1_73' title='bbox 1185 906 1274 936; x_wconf 90' lang='lat' dir='ltr'>non</span> <span class='ocrx_word' id='word_1_74' title='bbox 1291 905 1495 935; x_wconf 91' lang='lat' dir='ltr'>sensuum</span> <span class='ocrx_word' id='word_1_75' title='bbox 1513 891 1794 950; x_wconf 81' lang='lat' dir='ltr'>pravitatem3</span> 
     </span>
     <span class='ocr_line' id='line_1_11' title="bbox 406 961 1798 1021; baseline -0.003 -13"><span class='ocrx_word' id='word_1_76' title='bbox 406 964 489 1008; x_wconf 92' lang='lat' dir='ltr'>hoc</span> <span class='ocrx_word' id='word_1_77' title='bbox 511 962 649 1008; x_wconf 91' lang='lat' dir='ltr'>solum</span> <span class='ocrx_word' id='word_1_78' title='bbox 678 962 718 1006; x_wconf 90' lang='lat' dir='ltr'>ei</span> <span class='ocrx_word' id='word_1_79' title='bbox 741 962 786 1006; x_wconf 91' lang='lat' dir='ltr'>in</span> <span class='ocrx_word' id='word_1_80' title='bbox 808 962 1010 1021; x_wconf 84' lang='lat' dir='ltr'>praesenti</span> <span class='ocrx_word' id='word_1_81' title='bbox 1031 963 1206 1021; x_wconf 80' lang='lat' dir='ltr'>negotio</span> <span class='ocrx_word' id='word_1_82' title='bbox 1228 962 1496 1008; x_wconf 91' lang='lat' dir='ltr'>concedatur</span> <span class='ocrx_word' id='word_1_83' title='bbox 1512 996 1523 1016; x_wconf 93' lang='lat'>,</span> <span class='ocrx_word' id='word_1_84' title='bbox 1549 971 1599 1006; x_wconf 88' lang='lat' dir='ltr'>ut</span> <span class='ocrx_word' id='word_1_85' title='bbox 1621 961 1685 1006; x_wconf 92' lang='lat' dir='ltr'>vir</span> <span class='ocrx_word' id='word_1_86' title='bbox 1705 975 1798 1005; x_wconf 91' lang='lat' dir='ltr'>non</span> 
     </span>
     <span class='ocr_line' id='line_1_12' title="bbox 407 1031 1799 1095; baseline -0.002 -16"><span class='ocrx_word' id='word_1_87' title='bbox 407 1035 668 1095; x_wconf 81' lang='lat' dir='ltr'>perturbatae</span> <span class='ocrx_word' id='word_1_88' title='bbox 693 1033 865 1088; x_wconf 89' lang='lat' dir='ltr'>mentis,</span> <span class='ocrx_word' id='word_1_89' title='bbox 889 1034 1021 1091; x_wconf 79' lang='lat' dir='ltr'>magis</span> <span class='ocrx_word' id='word_1_90' title='bbox 1043 1034 1201 1092; x_wconf 89' lang='lat' dir='ltr'>scripta</span> <span class='ocrx_word' id='word_1_91' title='bbox 1226 1048 1302 1077; x_wconf 88' lang='lat' dir='ltr'>sua</span> <span class='ocrx_word' id='word_1_92' title='bbox 1321 1048 1453 1093; x_wconf 88' lang='lat' dir='ltr'>quam</span> <span class='ocrx_word' id='word_1_93' title='bbox 1471 1041 1520 1077; x_wconf 91' lang='lat' dir='ltr'>tu</span> <span class='ocrx_word' id='word_1_94' title='bbox 1540 1031 1799 1077; x_wconf 82' lang='lat' dir='ltr'>intellexisse</span> 
     </span>
     <span class='ocr_line' id='line_1_13' title="bbox 406 1103 1799 1164; baseline -0.003 -14"><span class='ocrx_word' id='word_1_95' title='bbox 406 1106 623 1150; x_wconf 90' lang='lat' dir='ltr'>credatur.</span> <span class='ocrx_word' id='word_1_96' title='bbox 649 1124 669 1147; x_wconf 91' lang='lat'>«</span> <span class='ocrx_word' id='word_1_97' title='bbox 699 1107 796 1150; x_wconf 90' lang='lat' dir='ltr'>Nou</span> <span class='ocrx_word' id='word_1_98' title='bbox 819 1119 922 1162; x_wconf 84' lang='lat' dir='ltr'>ergo</span> <span class='ocrx_word' id='word_1_99' title='bbox 949 1113 1125 1162; x_wconf 82' lang='lat' dir='ltr'>regnet,</span> <span class='ocrx_word' id='word_1_100' title='bbox 1153 1104 1322 1164; x_wconf 88' lang='lat' dir='ltr'>inquit,</span> <span class='ocrx_word' id='word_1_101' title='bbox 1342 1112 1568 1163; x_wconf 90' lang='lat' dir='ltr'>peccatum</span> <span class='ocrx_word' id='word_1_102' title='bbox 1592 1103 1637 1147; x_wconf 89' lang='lat' dir='ltr'>in</span> <span class='ocrx_word' id='word_1_103' title='bbox 1656 1111 1799 1148; x_wconf 84' lang='lat' dir='ltr'>vestro</span> 
     </span>
     <span class='ocr_line' id='line_1_14' title="bbox 409 1174 1800 1236; baseline 0 -18"><span class='ocrx_word' id='word_1_104' title='bbox 409 1196 428 1219; x_wconf 87' lang='lat'>»</span> <span class='ocrx_word' id='word_1_105' title='bbox 457 1176 628 1221; x_wconf 82' lang='lat' dir='ltr'>mortali</span> <span class='ocrx_word' id='word_1_106' title='bbox 646 1190 826 1235; x_wconf 86' lang='lat' dir='ltr'>corpore</span> <span class='ocrx_word' id='word_1_107' title='bbox 848 1174 903 1219; x_wconf 91' lang='lat' dir='ltr'>ad</span> <span class='ocrx_word' id='word_1_108' title='bbox 920 1175 1216 1220; x_wconf 88' lang='lat' dir='ltr'>obediendum</span> <span class='ocrx_word' id='word_1_109' title='bbox 1241 1176 1279 1219; x_wconf 91' lang='lat' dir='ltr'>ei</span> <span class='ocrx_word' id='word_1_110' title='bbox 1308 1178 1338 1220; x_wconf 92' lang='lat'>¹.</span> <span class='ocrx_word' id='word_1_111' title='bbox 1367 1194 1387 1218; x_wconf 75' lang='lat' dir='ltr'>n</span> <span class='ocrx_word' id='word_1_112' title='bbox 1413 1178 1587 1221; x_wconf 88' lang='lat' dir='ltr'>Possem</span> <span class='ocrx_word' id='word_1_113' title='bbox 1612 1176 1702 1236; x_wconf 86' lang='lat' dir='ltr'>jam</span> <span class='ocrx_word' id='word_1_114' title='bbox 1728 1174 1800 1218; x_wconf 92' lang='lat' dir='ltr'>hic</span> 
     </span>
     <span class='ocr_line' id='line_1_15' title="bbox 406 1244 1800 1306; baseline -0.001 -16"><span class='ocrx_word' id='word_1_115' title='bbox 406 1247 565 1302; x_wconf 81' lang='lat' dir='ltr'>dicere,</span> <span class='ocrx_word' id='word_1_116' title='bbox 587 1246 894 1291; x_wconf 76' lang='lat' dir='ltr'>exhortationis</span> <span class='ocrx_word' id='word_1_117' title='bbox 918 1246 1164 1291; x_wconf 84' lang='lat' dir='ltr'>testimonio</span> <span class='ocrx_word' id='word_1_118' title='bbox 1181 1246 1417 1306; x_wconf 82' lang='lat' dir='ltr'>probatum</span> <span class='ocrx_word' id='word_1_119' title='bbox 1440 1261 1553 1302; x_wconf 86' lang='lat' dir='ltr'>esse,</span> <span class='ocrx_word' id='word_1_120' title='bbox 1573 1244 1629 1290; x_wconf 89' lang='lat' dir='ltr'>de</span> <span class='ocrx_word' id='word_1_121' title='bbox 1645 1259 1800 1304; x_wconf 86' lang='lat' dir='ltr'>pecca-</span> 
     </span>
     <span class='ocr_line' id='line_1_16' title="bbox 405 1314 1795 1377; baseline -0.001 -15"><span class='ocrx_word' id='word_1_122' title='bbox 405 1319 457 1362; x_wconf 89' lang='lat' dir='ltr'>tis</span> <span class='ocrx_word' id='word_1_123' title='bbox 484 1332 585 1362; x_wconf 92' lang='lat' dir='ltr'>eum</span> <span class='ocrx_word' id='word_1_124' title='bbox 617 1332 741 1376; x_wconf 87' lang='lat' dir='ltr'>agere</span> <span class='ocrx_word' id='word_1_125' title='bbox 764 1317 1001 1362; x_wconf 87' lang='lat' dir='ltr'>voluntatis</span> <span class='ocrx_word' id='word_1_126' title='bbox 1028 1336 1036 1361; x_wconf 89' lang='lat'>:</span> <span class='ocrx_word' id='word_1_127' title='bbox 1061 1317 1164 1377; x_wconf 91' lang='lat' dir='ltr'>quia</span> <span class='ocrx_word' id='word_1_128' title='bbox 1187 1316 1299 1361; x_wconf 87' lang='lat' dir='ltr'>mala</span> <span class='ocrx_word' id='word_1_129' title='bbox 1331 1317 1364 1360; x_wconf 87' lang='lat' dir='ltr'>si</span> <span class='ocrx_word' id='word_1_130' title='bbox 1387 1325 1529 1361; x_wconf 88' lang='lat' dir='ltr'>essent</span> <span class='ocrx_word' id='word_1_131' title='bbox 1559 1314 1795 1371; x_wconf 87' lang='lat' dir='ltr'>naturalia,</span> 
     </span>
     <span class='ocr_line' id='line_1_17' title="bbox 406 1387 1798 1449; baseline -0.002 -16"><span class='ocrx_word' id='word_1_132' title='bbox 406 1405 482 1448; x_wconf 89' lang='lat' dir='ltr'>per</span> <span class='ocrx_word' id='word_1_133' title='bbox 498 1390 708 1449; x_wconf 88' lang='lat' dir='ltr'>justitiam</span> <span class='ocrx_word' id='word_1_134' title='bbox 731 1388 909 1433; x_wconf 88' lang='lat' dir='ltr'>defendi</span> <span class='ocrx_word' id='word_1_135' title='bbox 925 1397 1115 1448; x_wconf 88' lang='lat' dir='ltr'>possent,</span> <span class='ocrx_word' id='word_1_136' title='bbox 1132 1404 1207 1448; x_wconf 91' lang='lat' dir='ltr'>per</span> <span class='ocrx_word' id='word_1_137' title='bbox 1219 1387 1556 1432; x_wconf 86' lang='lat' dir='ltr'>misericordiam</span> <span class='ocrx_word' id='word_1_138' title='bbox 1578 1396 1798 1447; x_wconf 87' lang='lat' dir='ltr'>postremo</span> 
     </span>
     <span class='ocr_line' id='line_1_18' title="bbox 405 1457 1799 1520; baseline -0.001 -16"><span class='ocrx_word' id='word_1_139' title='bbox 405 1459 578 1519; x_wconf 77' lang='lat' dir='ltr'>desseri3</span> <span class='ocrx_word' id='word_1_140' title='bbox 599 1460 721 1505; x_wconf 91' lang='lat' dir='ltr'>nullo</span> <span class='ocrx_word' id='word_1_141' title='bbox 742 1470 888 1504; x_wconf 85' lang='lat' dir='ltr'>autem</span> <span class='ocrx_word' id='word_1_142' title='bbox 910 1469 1038 1520; x_wconf 90' lang='lat' dir='ltr'>paeto</span> <span class='ocrx_word' id='word_1_143' title='bbox 1052 1459 1392 1505; x_wconf 86' lang='lat' dir='ltr'>admonerentur</span> <span class='ocrx_word' id='word_1_144' title='bbox 1412 1458 1622 1504; x_wconf 86' lang='lat' dir='ltr'>cavenda.</span> <span class='ocrx_word' id='word_1_145' title='bbox 1639 1457 1799 1511; x_wconf 89' lang='lat' dir='ltr'>Quovis</span> 
     </span>
     <span class='ocr_line' id='line_1_19' title="bbox 404 1529 1800 1590; baseline -0.001 -16"><span class='ocrx_word' id='word_1_146' title='bbox 404 1532 518 1575; x_wconf 91' lang='lat' dir='ltr'>enim</span> <span class='ocrx_word' id='word_1_147' title='bbox 538 1530 726 1576; x_wconf 85' lang='lat' dir='ltr'>naturali</span> <span class='ocrx_word' id='word_1_148' title='bbox 751 1530 882 1585; x_wconf 57' lang='lat' dir='ltr'>malm</span> <span class='ocrx_word' id='word_1_149' title='bbox 903 1531 938 1574; x_wconf 92' lang='lat' dir='ltr'>si</span> <span class='ocrx_word' id='word_1_150' title='bbox 959 1530 1100 1575; x_wconf 88' lang='lat' dir='ltr'>ullum</span> <span class='ocrx_word' id='word_1_151' title='bbox 1123 1546 1212 1575; x_wconf 88' lang='lat' dir='ltr'>esse</span> <span class='ocrx_word' id='word_1_152' title='bbox 1233 1539 1394 1590; x_wconf 87' lang='lat' dir='ltr'>posset,</span> <span class='ocrx_word' id='word_1_153' title='bbox 1421 1531 1503 1575; x_wconf 89' lang='lat' dir='ltr'>hoc</span> <span class='ocrx_word' id='word_1_154' title='bbox 1526 1529 1688 1574; x_wconf 88' lang='lat' dir='ltr'>malum</span> <span class='ocrx_word' id='word_1_155' title='bbox 1707 1536 1800 1572; x_wconf 89' lang='lat' dir='ltr'>erat</span> 
     </span>
     <span class='ocr_line' id='line_1_20' title="bbox 404 1598 1798 1662; baseline -0.001 -18"><span class='ocrx_word' id='word_1_156' title='bbox 404 1603 541 1661; x_wconf 86' lang='lat' dir='ltr'>majus</span> <span class='ocrx_word' id='word_1_157' title='bbox 561 1602 755 1657; x_wconf 84' lang='lat' dir='ltr'>insaniae,</span> <span class='ocrx_word' id='word_1_158' title='bbox 780 1617 867 1661; x_wconf 89' lang='lat' dir='ltr'>qua</span> <span class='ocrx_word' id='word_1_159' title='bbox 889 1601 1136 1657; x_wconf 87' lang='lat' dir='ltr'>tenebatur,</span> <span class='ocrx_word' id='word_1_160' title='bbox 1163 1601 1433 1662; x_wconf 89' lang='lat' dir='ltr'>quicumque</span> <span class='ocrx_word' id='word_1_161' title='bbox 1454 1599 1732 1645; x_wconf 88' lang='lat' dir='ltr'>devotionem</span> <span class='ocrx_word' id='word_1_162' title='bbox 1753 1598 1798 1643; x_wconf 93' lang='lat' dir='ltr'>in</span> 
     </span>
     <span class='ocr_line' id='line_1_21' title="bbox 405 1672 1799 1732; baseline -0.001 -16"><span class='ocrx_word' id='word_1_163' title='bbox 405 1673 606 1717; x_wconf 86' lang='lat' dir='ltr'>cavendis</span> <span class='ocrx_word' id='word_1_164' title='bbox 650 1673 780 1717; x_wconf 86' lang='lat' dir='ltr'>rebus</span> <span class='ocrx_word' id='word_1_165' title='bbox 827 1673 1100 1717; x_wconf 80' lang='lat' dir='ltr'>naturalibus</span> <span class='ocrx_word' id='word_1_166' title='bbox 1133 1674 1347 1732; x_wconf 77' lang='lat' dir='ltr'>exigebat.</span> <span class='ocrx_word' id='word_1_167' title='bbox 1384 1672 1618 1731; x_wconf 83' lang='lat' dir='ltr'>Apostolus</span> <span class='ocrx_word' id='word_1_168' title='bbox 1651 1680 1799 1716; x_wconf 89' lang='lat' dir='ltr'>autem</span> 
     </span>
     <span class='ocr_line' id='line_1_22' title="bbox 405 1742 1800 1803; baseline 0 -17"><span class='ocrx_word' id='word_1_169' title='bbox 405 1742 513 1786; x_wconf 89' lang='lat' dir='ltr'>nihil</span> <span class='ocrx_word' id='word_1_170' title='bbox 540 1743 678 1787; x_wconf 78' lang='lat' dir='ltr'>sanxit</span> <span class='ocrx_word' id='word_1_171' title='bbox 695 1743 818 1803; x_wconf 90' lang='lat' dir='ltr'>quod</span> <span class='ocrx_word' id='word_1_172' title='bbox 838 1743 970 1803; x_wconf 86' lang='lat' dir='ltr'>possit</span> <span class='ocrx_word' id='word_1_173' title='bbox 987 1744 1086 1803; x_wconf 89' lang='lat' dir='ltr'>jure</span> <span class='ocrx_word' id='word_1_174' title='bbox 1108 1742 1382 1803; x_wconf 85' lang='lat' dir='ltr'>reprehendi.</span> <span class='ocrx_word' id='word_1_175' title='bbox 1405 1746 1639 1788; x_wconf 89' lang='lat' dir='ltr'>Peccatum</span> <span class='ocrx_word' id='word_1_176' title='bbox 1652 1742 1800 1802; x_wconf 85' lang='lat' dir='ltr'>itaque</span> 
     </span>
     <span class='ocr_line' id='line_1_23' title="bbox 403 1813 1616 1876; baseline 0 -17"><span class='ocrx_word' id='word_1_177' title='bbox 403 1813 639 1859; x_wconf 86' lang='lat' dir='ltr'>voluntatis</span> <span class='ocrx_word' id='word_1_178' title='bbox 653 1813 868 1870; x_wconf 87' lang='lat' dir='ltr'>ostendit,</span> <span class='ocrx_word' id='word_1_179' title='bbox 890 1815 1010 1876; x_wconf 86' lang='lat' dir='ltr'>quod</span> <span class='ocrx_word' id='word_1_180' title='bbox 1034 1814 1226 1860; x_wconf 86' lang='lat' dir='ltr'>inculcat</span> <span class='ocrx_word' id='word_1_181' title='bbox 1248 1815 1409 1859; x_wconf 89' lang='lat' dir='ltr'>debere</span> <span class='ocrx_word' id='word_1_182' title='bbox 1430 1814 1570 1859; x_wconf 89' lang='lat' dir='ltr'>vitari.</span> <span class='ocrx_word' id='word_1_183' title='bbox 1596 1832 1616 1856; x_wconf 87' lang='lat'>»</span> 
     </span>
     <span class='ocr_line' id='line_1_24' title="bbox 464 1885 1797 1947; baseline -0.002 -17"><span class='ocrx_word' id='word_1_184' title='bbox 464 1888 757 1931; x_wconf 65' lang='lat' dir='ltr'>Aueusrmcs.</span> <span class='ocrx_word' id='word_1_185' title='bbox 787 1885 893 1939; x_wconf 84' lang='lat' dir='ltr'>Quis</span> <span class='ocrx_word' id='word_1_186' title='bbox 918 1887 1091 1945; x_wconf 82' lang='lat' dir='ltr'>ignorat</span> <span class='ocrx_word' id='word_1_187' title='bbox 1108 1902 1197 1931; x_wconf 90' lang='lat' dir='ltr'>non</span> <span class='ocrx_word' id='word_1_188' title='bbox 1219 1885 1338 1947; x_wconf 89' lang='lat' dir='ltr'>loqui</span> <span class='ocrx_word' id='word_1_189' title='bbox 1353 1885 1610 1945; x_wconf 84' lang='lat' dir='ltr'>Apostolum</span> <span class='ocrx_word' id='word_1_190' title='bbox 1635 1899 1797 1945; x_wconf 85' lang='lat' dir='ltr'>parvu-</span> 
     </span>
     <span class='ocr_line' id='line_1_25' title="bbox 404 1953 1799 2017; baseline 0 -18"><span class='ocrx_word' id='word_1_191' title='bbox 404 1955 471 2011; x_wconf 87' lang='lat' dir='ltr'>lis,</span> <span class='ocrx_word' id='word_1_192' title='bbox 497 1956 573 2001; x_wconf 89' lang='lat' dir='ltr'>sed</span> <span class='ocrx_word' id='word_1_193' title='bbox 595 1957 654 2001; x_wconf 89' lang='lat' dir='ltr'>eis</span> <span class='ocrx_word' id='word_1_194' title='bbox 680 1958 754 2017; x_wconf 89' lang='lat' dir='ltr'>qui</span> <span class='ocrx_word' id='word_1_195' title='bbox 773 1965 954 2016; x_wconf 88' lang='lat' dir='ltr'>possunt</span> <span class='ocrx_word' id='word_1_196' title='bbox 978 1956 1220 2016; x_wconf 83' lang='lat' dir='ltr'>intelligere</span> <span class='ocrx_word' id='word_1_197' title='bbox 1239 1957 1370 2002; x_wconf 86' lang='lat' dir='ltr'>verba</span> <span class='ocrx_word' id='word_1_198' title='bbox 1390 1955 1589 2012; x_wconf 86' lang='lat' dir='ltr'>dicentis,</span> <span class='ocrx_word' id='word_1_199' title='bbox 1608 1964 1653 2000; x_wconf 93' lang='lat' dir='ltr'>et</span> <span class='ocrx_word' id='word_1_200' title='bbox 1672 1953 1799 2015; x_wconf 87' lang='lat' dir='ltr'>adju-</span> 
     </span>
     <span class='ocr_line' id='line_1_26' title="bbox 404 2027 1798 2089; baseline -0.001 -18"><span class='ocrx_word' id='word_1_201' title='bbox 404 2035 534 2072; x_wconf 90' lang='lat' dir='ltr'>vante</span> <span class='ocrx_word' id='word_1_202' title='bbox 565 2027 642 2071; x_wconf 91' lang='lat' dir='ltr'>Dei</span> <span class='ocrx_word' id='word_1_203' title='bbox 676 2028 811 2086; x_wconf 84' lang='lat' dir='ltr'>gratia</span> <span class='ocrx_word' id='word_1_204' title='bbox 851 2028 1029 2073; x_wconf 88' lang='lat' dir='ltr'>obedire</span> <span class='ocrx_word' id='word_1_205' title='bbox 1056 2030 1281 2089; x_wconf 82' lang='lat' dir='ltr'>praeceptis</span> <span class='ocrx_word' id='word_1_206' title='bbox 1310 2030 1328 2072; x_wconf 74' lang='lat'>‘2</span> <span class='ocrx_word' id='word_1_207' title='bbox 1363 2029 1446 2074; x_wconf 88' lang='lat' dir='ltr'>Sed</span> <span class='ocrx_word' id='word_1_208' title='bbox 1481 2028 1634 2088; x_wconf 87' lang='lat' dir='ltr'>utique</span> <span class='ocrx_word' id='word_1_209' title='bbox 1662 2034 1798 2085; x_wconf 82' lang='lat' dir='ltr'>agunt</span> 
     </span>
     <span class='ocr_line' id='line_1_27' title="bbox 403 2096 1797 2159; baseline -0.001 -18"><span class='ocrx_word' id='word_1_210' title='bbox 403 2098 533 2142; x_wconf 89' lang='lat' dir='ltr'>etiam</span> <span class='ocrx_word' id='word_1_211' title='bbox 568 2113 670 2143; x_wconf 90' lang='lat' dir='ltr'>cum</span> <span class='ocrx_word' id='word_1_212' title='bbox 699 2099 796 2143; x_wconf 86' lang='lat' dir='ltr'>filiis</span> <span class='ocrx_word' id='word_1_213' title='bbox 829 2099 917 2143; x_wconf 89' lang='lat' dir='ltr'>suis</span> <span class='ocrx_word' id='word_1_214' title='bbox 937 2134 948 2154; x_wconf 88' lang='lat'>,</span> <span class='ocrx_word' id='word_1_215' title='bbox 984 2109 1033 2143; x_wconf 88' lang='lat' dir='ltr'>ut</span> <span class='ocrx_word' id='word_1_216' title='bbox 1064 2098 1438 2159; x_wconf 87' lang='lat' dir='ltr'>quemadmodum</span> <span class='ocrx_word' id='word_1_217' title='bbox 1470 2098 1623 2143; x_wconf 85' lang='lat' dir='ltr'>crescit</span> <span class='ocrx_word' id='word_1_218' title='bbox 1649 2098 1696 2142; x_wconf 88' lang='lat' dir='ltr'>in</span> <span class='ocrx_word' id='word_1_219' title='bbox 1738 2096 1797 2140; x_wconf 92' lang='lat' dir='ltr'>eis</span> 
     </span>
     <span class='ocr_line' id='line_1_28' title="bbox 405 2167 1797 2226; baseline 0 -15"><span class='ocrx_word' id='word_1_220' title='bbox 405 2168 582 2212; x_wconf 87' lang='lat' dir='ltr'>rationis</span> <span class='ocrx_word' id='word_1_221' title='bbox 619 2183 721 2212; x_wconf 89' lang='lat' dir='ltr'>usus</span> <span class='ocrx_word' id='word_1_222' title='bbox 747 2204 758 2223; x_wconf 95' lang='lat'>,</span> <span class='ocrx_word' id='word_1_223' title='bbox 791 2169 848 2213; x_wconf 91' lang='lat' dir='ltr'>ita</span> <span class='ocrx_word' id='word_1_224' title='bbox 883 2178 1082 2214; x_wconf 81' lang='lat' dir='ltr'>exeratur</span> <span class='ocrx_word' id='word_1_225' title='bbox 1112 2169 1375 2215; x_wconf 86' lang='lat' dir='ltr'>obedientiae</span> <span class='ocrx_word' id='word_1_226' title='bbox 1403 2169 1571 2213; x_wconf 84' lang='lat' dir='ltr'>fructus</span> <span class='ocrx_word' id='word_1_227' title='bbox 1589 2172 1606 2195; x_wconf 75' lang='lat'>²</span> <span class='ocrx_word' id='word_1_228' title='bbox 1629 2189 1642 2226; x_wconf 79' lang='lat'>3</span> <span class='ocrx_word' id='word_1_229' title='bbox 1667 2182 1722 2212; x_wconf 88' lang='lat' dir='ltr'>ne</span> <span class='ocrx_word' id='word_1_230' title='bbox 1750 2167 1797 2211; x_wconf 90' lang='lat' dir='ltr'>in</span> 
     </span>
     <span class='ocr_line' id='line_1_29' title="bbox 405 2238 1793 2300; baseline 0 -18"><span class='ocrx_word' id='word_1_231' title='bbox 405 2253 592 2283; x_wconf 72' lang='lat' dir='ltr'>vacuum</span> <span class='ocrx_word' id='word_1_232' title='bbox 616 2240 796 2298; x_wconf 83' lang='lat' dir='ltr'>gratiam</span> <span class='ocrx_word' id='word_1_233' title='bbox 820 2240 896 2284; x_wconf 90' lang='lat' dir='ltr'>Dei</span> <span class='ocrx_word' id='word_1_234' title='bbox 920 2242 1202 2299; x_wconf 75' lang='lat' dir='ltr'>susceperint,</span> <span class='ocrx_word' id='word_1_235' title='bbox 1226 2238 1404 2300; x_wconf 90' lang='lat' dir='ltr'>quando</span> <span class='ocrx_word' id='word_1_236' title='bbox 1421 2239 1662 2298; x_wconf 85' lang='lat' dir='ltr'>regenerati</span> <span class='ocrx_word' id='word_1_237' title='bbox 1674 2246 1793 2293; x_wconf 90' lang='lat' dir='ltr'>sunt,</span> 
     </span>
     <span class='ocr_line' id='line_1_30' title="bbox 407 2310 1793 2371; baseline -0.001 -18"><span class='ocrx_word' id='word_1_238' title='bbox 407 2310 661 2354; x_wconf 84' lang='lat' dir='ltr'>nescientes.</span> <span class='ocrx_word' id='word_1_239' title='bbox 674 2312 987 2355; x_wconf 89' lang='lat' dir='ltr'>Verumtamen</span> <span class='ocrx_word' id='word_1_240' title='bbox 1008 2310 1128 2356; x_wconf 89' lang='lat' dir='ltr'>illam</span> <span class='ocrx_word' id='word_1_241' title='bbox 1145 2311 1372 2371; x_wconf 86' lang='lat' dir='ltr'>pulchram</span> <span class='ocrx_word' id='word_1_242' title='bbox 1395 2319 1639 2370; x_wconf 87' lang='lat' dir='ltr'>susceptam</span> <span class='ocrx_word' id='word_1_243' title='bbox 1654 2319 1793 2363; x_wconf 85' lang='lat' dir='ltr'>tuam,</span> 
     </span>
     <span class='ocr_line' id='line_1_31' title="bbox 407 2379 1796 2441; baseline 0 -17"><span class='ocrx_word' id='word_1_244' title='bbox 407 2396 506 2441; x_wconf 82' lang='lat' dir='ltr'>quae</span> <span class='ocrx_word' id='word_1_245' title='bbox 535 2379 741 2425; x_wconf 84' lang='lat' dir='ltr'>deformis</span> <span class='ocrx_word' id='word_1_246' title='bbox 764 2390 827 2426; x_wconf 90' lang='lat' dir='ltr'>est</span> <span class='ocrx_word' id='word_1_247' title='bbox 847 2382 1052 2427; x_wconf 84' lang='lat' dir='ltr'>omnibus</span> <span class='ocrx_word' id='word_1_248' title='bbox 1079 2382 1422 2428; x_wconf 87' lang='lat' dir='ltr'>debellatoribus</span> <span class='ocrx_word' id='word_1_249' title='bbox 1443 2382 1545 2437; x_wconf 81' lang='lat' dir='ltr'>suiS,</span> <span class='ocrx_word' id='word_1_250' title='bbox 1565 2381 1796 2440; x_wconf 86' lang='lat' dir='ltr'>concupis-</span> 
     </span>
     <span class='ocr_line' id='line_1_32' title="bbox 407 2453 1795 2514; baseline -0.001 -18"><span class='ocrx_word' id='word_1_251' title='bbox 407 2453 594 2497; x_wconf 91' lang='lat' dir='ltr'>centiam</span> <span class='ocrx_word' id='word_1_252' title='bbox 626 2453 765 2497; x_wconf 87' lang='lat' dir='ltr'>carnis</span> <span class='ocrx_word' id='word_1_253' title='bbox 802 2453 900 2498; x_wconf 88' lang='lat' dir='ltr'>dico</span> <span class='ocrx_word' id='word_1_254' title='bbox 916 2489 926 2509; x_wconf 92' lang='lat'>,</span> <span class='ocrx_word' id='word_1_255' title='bbox 960 2469 1038 2513; x_wconf 87' lang='lat' dir='ltr'>per</span> <span class='ocrx_word' id='word_1_256' title='bbox 1074 2468 1206 2514; x_wconf 88' lang='lat' dir='ltr'>quam</span> <span class='ocrx_word' id='word_1_257' title='bbox 1245 2454 1437 2498; x_wconf 87' lang='lat' dir='ltr'>nascitur</span> <span class='ocrx_word' id='word_1_258' title='bbox 1451 2488 1463 2509; x_wconf 95' lang='lat'>,</span> <span class='ocrx_word' id='word_1_259' title='bbox 1497 2462 1540 2497; x_wconf 91' lang='lat' dir='ltr'>et</span> <span class='ocrx_word' id='word_1_260' title='bbox 1577 2467 1677 2497; x_wconf 91' lang='lat' dir='ltr'>cum</span> <span class='ocrx_word' id='word_1_261' title='bbox 1708 2466 1795 2512; x_wconf 87' lang='lat' dir='ltr'>qua</span> 
     </span>
     <span class='ocr_line' id='line_1_33' title="bbox 407 2521 1793 2585; baseline -0.001 -18"><span class='ocrx_word' id='word_1_262' title='bbox 407 2522 599 2568; x_wconf 87' lang='lat' dir='ltr'>nascitur</span> <span class='ocrx_word' id='word_1_263' title='bbox 625 2523 758 2568; x_wconf 91' lang='lat' dir='ltr'>homo</span> <span class='ocrx_word' id='word_1_264' title='bbox 778 2543 786 2569; x_wconf 90' lang='lat'>:</span> <span class='ocrx_word' id='word_1_265' title='bbox 809 2524 919 2569; x_wconf 90' lang='lat' dir='ltr'>hanc</span> <span class='ocrx_word' id='word_1_266' title='bbox 936 2539 1039 2584; x_wconf 88' lang='lat' dir='ltr'>ergo</span> <span class='ocrx_word' id='word_1_267' title='bbox 1057 2523 1453 2585; x_wconf 83' lang='lat' dir='ltr'>concupiscentiam</span> <span class='ocrx_word' id='word_1_268' title='bbox 1479 2538 1645 2580; x_wconf 79' lang='lat' dir='ltr'>carnis,</span> <span class='ocrx_word' id='word_1_269' title='bbox 1670 2521 1793 2569; x_wconf 87' lang='lat' dir='ltr'>cohi-</span> 
     </span>
    </p>
   </div>
   <div class='ocr_carea' id='block_1_3' title="bbox 458 2610 1052 2652">
    <p class='ocr_par' dir='ltr' id='par_1_3' title="bbox 458 2610 1052 2652">
     <span class='ocr_line' id='line_1_34' title="bbox 458 2610 1052 2652; baseline 0 -11"><span class='ocrx_word' id='word_1_270' title='bbox 458 2613 468 2631; x_wconf 84' lang='lat'><em>¹</em></span> <span class='ocrx_word' id='word_1_271' title='bbox 488 2610 581 2642; x_wconf 82' lang='lat' dir='ltr'>Rom.</span> <span class='ocrx_word' id='word_1_272' title='bbox 600 2618 648 2651; x_wconf 77' lang='lat' dir='ltr'>vx,</span> <span class='ocrx_word' id='word_1_273' title='bbox 672 2617 723 2642; x_wconf 84' lang='lat'>12.</span> <span class='ocrx_word' id='word_1_274' title='bbox 738 2625 771 2633; x_wconf 90' lang='lat'>-</span> <span class='ocrx_word' id='word_1_275' title='bbox 793 2615 806 2633; x_wconf 88' lang='lat'>²</span> <span class='ocrx_word' id='word_1_276' title='bbox 826 2618 844 2642; x_wconf 86' lang='lat'><strong>2</strong></span> <span class='ocrx_word' id='word_1_277' title='bbox 863 2612 937 2644; x_wconf 83' lang='lat' dir='ltr'>Gor.</span> <span class='ocrx_word' id='word_1_278' title='bbox 957 2620 1000 2652; x_wconf 75' lang='lat' dir='ltr'>vi,</span> <span class='ocrx_word' id='word_1_279' title='bbox 1024 2621 1052 2642; x_wconf 84' lang='lat'>1.</span> 
     </span>
    </p>
   </div>
   <div class='ocr_carea' id='block_1_4' title="bbox 1835 0 1884 3256">
    <p class='ocr_par' dir='ltr' id='par_1_4' title="bbox 1835 0 1884 3256">
     <span class='ocr_line' id='line_1_35' title="bbox 1835 0 1884 3256; baseline 0 0"><span class='ocrx_word' id='word_1_280' title='bbox 1835 0 1884 3256; x_wconf 95' lang='lat' dir='ltr'> </span> 
     </span>
    </p>
   </div>
  </div>
 </body>
</html>
