1884 3285
443 295 525 335 426
867 303 900 332 s.
938 303 1169 333 mausum
1200 303 1383 332 EPJSCOPI

500 374 791 415 AmtsTmns.
823 370 892 415 Ab
929 370 1010 414 hac
1049 369 1183 428 gratia
1210 367 1412 428 separatis
1439 367 1643 428 parvulos
1671 401 1682 424 ‚
1717 381 1827 428 quos

441 441 613 486 nullum
635 441 843 485 delictum
867 456 918 484 ex
939 441 1103 499 origine
1129 449 1315 485 tractum
1341 439 1504 484 habere
1525 438 1787 484 contenditis
1812 457 1822 485 ε

441 512 557 557 unde
574 513 623 556 fit
644 527 912 572 consequens
931 547 941 567 ‚
966 521 1122 556 utnon
1139 511 1193 556 ad
1215 526 1285 556 eos
1302 510 1516 570 pertineat
1537 509 1825 565 beneficium,

440 599 528 642 quo
561 592 739 642 propter
771 581 928 627 delicta
951 591 1096 627 nostra
1120 592 1183 627 est
1205 581 1391 626 traditus
1413 581 1611 626 Christus
1638 599 1646 625 :
1672 588 1716 624 et
1734 580 1829 624 haec

440 655 671 698 sentientes
714 664 758 699 et
795 653 1134 713 dogmatizantes
1170 653 1437 699 Christianos
1479 650 1714 696 catholicos
1753 665 1850 696 vos*

441 724 584 769 dicere
602 723 770 771 audetis
794 725 811 767 Ξ)

499 797 699 840 CLXIII.
735 798 960 839 humus.
988 813 1007 835 «
1031 796 1170 846 Quam
1188 794 1468 838 vehementer
1481 789 1688 846 inculcat,
1712 789 1831 850 apud

435 866 602 925 justum
615 864 807 924 judicem
834 867 972 908 Deum
991 863 1129 907 aliena
1153 872 1326 923 peccata
1346 862 1437 906 aliis
1458 876 1547 905 non
1564 875 1735 916 nocere,
1756 860 1832 920 qui

441 937 750 980 commendans
773 946 957 981 mortem
978 936 1136 980 Christi
1158 934 1387 994 vigilanter
1406 931 1607 977 enuntiat
1621 967 1632 987 ,
1655 940 1832 990 propter

441 1016 587 1051 nostra
614 1006 738 1051 illum
761 1006 933 1059 delicta,
955 1022 1054 1066 quae
1076 1015 1119 1050 et
1136 1005 1260 1064 plura
1282 1013 1404 1048 erant
1422 1039 1432 1058 ‚
1454 1013 1497 1048 et
1521 1011 1667 1047 nostra
1688 1011 1828 1057 erant,
1872 1049 1875 1056 ,

442 1086 485 1122 et
503 1093 590 1122 non
624 1086 800 1137 propter
821 1093 957 1121 unum
981 1086 1023 1120 et
1046 1075 1254 1130 alienum,
1275 1083 1320 1118 et
1341 1073 1446 1118 olim
1469 1071 1665 1117 defuncti
1686 1073 1832 1117 homi·
1872 1063 1877 1077 ⁸

443 1149 522 1203 nis,
548 1158 730 1192 mortem
756 1147 1033 1207 oppetiisse.»
1873 1140 1877 1151 ’

501 1221 555 1260 A1
572 1237 620 1261 m
633 1237 792 1262 snivi-s.
830 1216 1130 1261 Inobedientia
1167 1214 1344 1275 quidem
1368 1213 1497 1259 unius
1531 1213 1718 1258 hominis
1743 1227 1832 1258 non

439 1288 625 1332 absurde
665 1289 819 1348 utique
856 1287 1064 1332 delictum
1106 1286 1265 1331 dicitur
1315 1286 1505 1331 alienum
1530 1321 1541 1341 ,
1579 1286 1680 1345 quia
1717 1300 1832 1329 non-

439 1359 543 1403 dum
570 1360 657 1403 nati
682 1359 879 1404 nondum
903 1374 1129 1418 egeramus
1163 1357 1329 1418 aliquid
1363 1358 1588 1418 proprium
1608 1391 1619 1410 ‚
1645 1356 1732 1400 sive
1752 1356 1834 1401 bo-

438 1446 568 1486 num,
594 1432 682 1475 sive
706 1430 869 1475 malum
903 1450 911 1475 ε
935 1430 1009 1474 sed
1032 1430 1133 1489 quia
1150 1430 1194 1473 in
1212 1429 1288 1474 illo
1310 1429 1386 1489 qui
1408 1430 1491 1473 hoc
1513 1428 1602 1488 egit
1617 1463 1628 1483 ,
1654 1427 1832 1487 quando

436 1501 480 1545 id
508 1502 609 1559 egit,
636 1516 785 1545 omues
814 1516 984 1545 eramus
1002 1535 1012 1555 ,
1033 1509 1295 1559 tantumque
1317 1500 1403 1544 fuit
1422 1514 1470 1543 ac
1495 1498 1581 1543 tale
1601 1496 1827 1553 delictum,

438 1581 486 1616 ut
509 1588 559 1616 eo
587 1581 741 1616 natura
762 1573 960 1616 universa
996 1572 1219 1615 vitiaretur
1240 1571 1432 1614 humana
1452 1590 1464 1627 3
1488 1567 1608 1628 quod
1637 1569 1736 1612 satis
1757 1568 1830 1613 in·
1881 1571 1884 1617 s

438 1641 552 1686 dicat
573 1643 701 1686 etiam
724 1643 813 1701 ipsa
839 1643 1003 1700 generis
1027 1641 1208 1685 humani
1238 1649 1326 1684 tam
1362 1639 1592 1684 manifesta
1621 1638 1789 1682 miseria
1815 1659 1827 1697 3

437 1713 519 1757 hoc
552 1712 761 1757 delictum
799 1712 989 1757 alienum
1013 1713 1201 1756 obnoxia
1227 1711 1495 1756 successione
1519 1711 1569 1754 fit
1593 1718 1791 1754 nostrum
1816 1727 1826 1754 :

434 1793 611 1842 propter
645 1784 765 1843 quod
795 1782 961 1827 dictum
985 1792 1049 1826 est
1071 1799 1093 1827 a
1129 1782 1308 1827 doctore
1339 1781 1553 1826 catholico
1573 1815 1584 1836 ‚
1610 1780 1686 1840 qui
1713 1788 1828 1824 recte

433 1852 646 1897 intellexit
688 1853 948 1914 Apostolum
989 1872 998 1898 z
1047 1872 1066 1895 «
1100 1854 1261 1897 Omnes
1296 1852 1492 1896 homines
1530 1851 1612 1894 sub
1648 1859 1828 1910 peccato

439 1945 456 1965 »
483 1925 716 1977 nascimur,
747 1940 936 1985 quorum
960 1925 1050 1983 ipse
1071 1933 1190 1968 ortus
1213 1924 1257 1967 in
1278 1923 1382 1967 vitio
1405 1932 1468 1966 est
1491 1924 1521 1966 ¹.
1555 1939 1576 1962 »
1609 1922 1744 1982 Cujus
1765 1921 1829 1965 in·
1879 1915 1884 1984 ξ

437 1993 675 2049 tellectum,
696 2005 739 2039 et
762 1996 943 2039 aliorum
969 1997 1062 2056 ejus
1084 1996 1128 2038 in
1152 1992 1363 2038 catholiea
1389 1992 1570 2038 veritate
1592 1991 1825 2048 sociorum,
1880 1999 1884 2211 i

1881 2214 1884 2248 1

1881 2254 1884 2319 ἰ

1881 2333 1884 2472 l

432 2066 466 2108 si
486 2068 609 2125 sequi
623 2065 861 2119 volueritis,
878 2081 967 2109 non
985 2065 1199 2123 cogemini
1213 2064 1402 2108 alienare
1418 2061 1621 2124 parvulos
1642 2078 1665 2107 a
1688 2063 1825 2107 bene-

432 2136 529 2180 ficio
543 2137 691 2181 mortis
713 2139 803 2196 ejus
818 2172 828 2192 ‚
844 2137 920 2196 qui
940 2135 1123 2180 traditus
1141 2144 1205 2179 est
1224 2145 1406 2195 propter
1426 2133 1585 2179 delicta
1607 2142 1752 2178 nostra
1773 2136 1790 2160 ²
1811 2153 1823 2192 3

434 2214 477 2249 et
511 2221 621 2250 unus
643 2222 721 2265 pro
743 2207 946 2250 omnibus
979 2216 1176 2250 mortuus
1199 2215 1262 2249 est
1285 2207 1300 2231 ³
1328 2224 1337 2250 ε
1372 2204 1446 2249 ubi
1475 2204 1594 2265 quod
1628 2203 1826 2264 sequitur

433 2275 591 2321 clamat
618 2276 848 2336 Apostolus
884 2292 892 2318 :
933 2296 953 2318 «
985 2280 1101 2335 Ergo
1139 2291 1288 2321 omnes
1312 2276 1471 2320 mortui
1501 2283 1630 2329 sunt,
1664 2283 1708 2318 et
1743 2289 1823 2333 pro

436 2365 456 2389 »
492 2348 696 2391 omnibus
720 2357 915 2392 mortuus
945 2356 1008 2391 est
1041 2366 1049 2391 :
1088 2365 1106 2387 »
1141 2356 1183 2390 et
1207 2362 1280 2391 vos
1301 2345 1542 2390 reclamatis
1568 2364 1576 2389 z
1602 2346 1698 2390 Non
1721 2352 1823 2389 sunt

433 2419 594 2464 mortui
617 2419 784 2478 parvuli
810 2440 820 2476 3
843 2419 1025 2463 clamate
1047 2427 1090 2462 et
1118 2418 1237 2478 quod
1259 2418 1457 2478 sequitur
1482 2435 1491 2462 :
1515 2419 1609 2475 Ego
1631 2431 1720 2460 non
1744 2431 1823 2475 pro

431 2489 530 2548 ipsis
542 2499 742 2534 mortuus
755 2499 819 2534 est
836 2510 846 2546 3
865 2498 909 2533 et
922 2488 1066 2533 videte
1078 2497 1226 2532 utrum
1240 2502 1316 2532 vos
1339 2503 1428 2532 non
1449 2487 1611 2531 mortui
1627 2487 1818 2546 jaceatiS‚
1883 2518 1884 2522 η

477 2592 618 2624 Anibi-os.
643 2592 699 2624 lib.
719 2605 731 2625 1
749 2593 789 2625 de
808 2591 1009 2630 poenitentia,
1028 2601 1099 2633 cap.
1123 2599 1142 2622 2
1161 2591 1207 2622 vel
1226 2591 1256 2623 3.
1275 2607 1315 2613 -
1332 2596 1345 2612 ²
1364 2592 1454 2623 Rom.
1478 2600 1523 2629 iv,
1541 2588 1596 2621 25.
1612 2607 1653 2613 —
1669 2587 1682 2613 3
1707 2597 1726 2621 2
1744 2590 1819 2622 Cor.
1883 2617 1884 2622 ,

433 2659 465 2685 v,
491 2648 526 2688 ¹4
547 2652 575 2679 ct
606 2648 657 2679 15.
