1884 3285
430 241 482 280 42
856 245 889 275 s.
926 242 1155 274 Amissum
1187 242 1368 274 trucum

428 324 470 360 et
496 312 712 358 imbecilla
732 313 779 356 in
795 311 912 356 bono
934 310 1077 355 adhuc
1097 324 1229 370 parvo
1254 317 1543 370 perseveraret
1567 321 1645 370 per
1667 310 1808 355 virtu·-
1860 298 1863 345 j

428 394 514 430 tem
547 384 622 428 Dei
649 401 658 428 :
685 396 786 426 cum
814 381 1015 426 voluntas
1042 381 1171 440 primi
1199 380 1384 425 hominis
1412 378 1534 424 fortis
1557 388 1601 423 et
1633 393 1736 424 sana
1763 381 1811 425 in
1860 374 1864 428 ἓξ

427 457 544 500 bono
575 453 783 513 ampliore
816 469 904 498 non
936 453 1295 512 perseveraverit,
1330 451 1496 496 habens
1523 451 1731 495 virtutem
1762 450 1812 496 li·
1860 490 1866 502 ,,

427 526 518 570 beri
536 525 700 570 arbitrii
717 545 728 583 3
745 524 942 584 quamvis
959 536 1047 568 non
1065 522 1271 567 defuturo
1289 521 1506 583 adjutorio
1525 522 1601 566 Dei
1615 522 1706 566 sine
1723 537 1813 582 quo
1859 528 1864 542 ¹

427 608 516 642 non
535 605 680 656 posset
703 609 974 655 perseverare
999 595 1033 638 si
1064 593 1223 647 vellet,
1259 608 1347 637 non
1370 602 1517 636 tamen
1545 591 1621 636 tali
1651 607 1740 652 quo
1766 593 1813 638 in

427 667 503 712 illo
531 670 643 711 Deus
672 675 924 725 operaretur
946 673 995 708 ut
1018 663 1163 708 vellet.
1191 663 1444 708 Fortissimo
1467 661 1814 722 quippe÷dimisit
1863 649 1867 656 ’

429 748 560 798 atque
582 737 775 796 permisit
804 735 945 780 facere.
973 733 1092 795 quod
1121 733 1251 778 vellet
1283 753 1290 778 :
1320 733 1500 776 infirmis
1526 734 1733 788 servavit,
1764 739 1815 778 'nt

426 810 519 868 ipso
537 808 728 852 donante
749 807 1027 851 invictissime
1052 804 1171 866 quod
1195 806 1360 849 bonum
1377 813 1440 848 est
1463 803 1648 858 vellent,
1669 813 1714 847 et
1729 804 1814 849 hoc
1862 799 1868 839 ἑ

427 879 624 923 deserere
638 877 917 921 invictissime
936 876 1119 920 nollent.
1143 875 1321 919 Dicente
1338 889 1441 933 ergo
1458 874 1632 919 Christo
1650 893 1659 918 :
1687 892 1707 916 κ
1726 877 1815 919 Rue
1865 923 1867 931 ¹

430 967 449 991 »
478 949 573 1007 gavi
595 964 673 1008 pro
694 957 738 992 te
757 963 812 991 ne
830 947 1002 991 deficiat
1023 947 1129 990 fides
1154 948 1253 990 tua1
1267 981 1278 1000 ,
1303 964 1322 987 »
1347 944 1642 1004 intelligamus
1664 944 1703 988 ei
1718 943 1815 989 dic·
1863 944 1868 976 ἕ

426 1030 518 1065 tum
537 1056 547 1075 ,
571 1022 645 1080 qui
678 1019 917 1062 aedificatur
939 1032 1067 1076 super
1095 1026 1276 1075 petram.
1313 1021 1458 1075 Atque
1487 1016 1546 1059 ita
1576 1016 1710 1060 homo
1740 1016 1816 1059 Dei
1865 1027 1869 1045 Ξ

427 1108 516 1136 non
541 1092 681 1136 solum
716 1091 816 1150 quia
846 1087 1182 1133 misericordiam
1211 1097 1470 1132 consecutus
1498 1096 1562 1130 est
1593 1096 1644 1130 ut
1675 1084 1822 1130 fidelis
1847 1089 1870 1101 ‘⁸

427 1172 550 1218 esset,
575 1177 728 1207 verum
749 1161 877 1204 etiam
896 1160 996 1220 quia
1016 1159 1152 1202 fides
1144 1174 1234 1218 ipsa
1256 1174 1346 1202 non
1372 1158 1539 1212 deficit,
1571 1175 1591 1199 «
1612 1156 1697 1209 Qui
1719 1155 1814 1215 glo·
1868 1206 1870 1212 k

428 1251 448 1274 »
477 1235 640 1287 riatur,
662 1235 706 1276 in
725 1233 912 1275 Domino
940 1230 1209 1288 glorietur.»

482 1305 689 1348 XXXIX.
728 1305 831 1346 Haec
855 1301 909 1345 de
932 1302 996 1344 his
1020 1300 1202 1359 loquor,
1228 1300 1303 1359 qui
1325 1298 1621 1357 praedestinati
1643 1306 1745 1341 sunt
1765 1298 1812 1342 in
1867 1300 1871 1329 ἒ

425 1390 606 1433 regnum
632 1375 729 1427 Dei,
755 1387 942 1432 quorum
966 1372 1025 1415 ita
1047 1380 1190 1415 certus
1212 1379 1275 1414 est
1300 1385 1533 1424 numerus,
1561 1378 1610 1412 ut
1631 1383 1711 1412 nec
1734 1368 1814 1412 ad-

427 1445 556 1489 datur
589 1445 645 1487 eis
677 1444 905 1503 quisquam
924 1477 934 1497 ,
969 1457 1048 1485 nec
1081 1442 1305 1484 minuatur
1333 1455 1383 1483 ex
1411 1440 1469 1483 eis
1492 1453 1611 1483 :non
1639 1438 1693 1482 de
1723 1438 1812 1494 his,

426 1516 517 1576 qui,
550 1530 649 1559 curn
677 1514 974 1558 annuntiasset
1001 1521 1043 1555 et
1069 1513 1242 1557 locutus
1276 1520 1384 1555 esset
1413 1509 1691 1569 multiplicati
1714 1517 1817 1553 sunt

426 1601 554 1646 super
577 1599 809 1628 numerum
827 1587 859 1626 ².
885 1581 971 1642 Ipsi
997 1583 1110 1626 enim
1136 1583 1277 1627 vocati
1299 1581 1383 1625 dici
1406 1590 1602 1640 possunt,
1627 1594 1717 1624 non
1739 1594 1818 1623 au-

426 1666 514 1701 tem
533 1656 673 1709 electi,
694 1655 794 1715 quia
813 1669 901 1697 non
917 1654 1158 1697 secundum
1179 1653 1449 1712 propositum
1465 1652 1620 1696 vocati.
1636 1652 1816 1695 Certum

424 1743 527 1772 vero
555 1742 643 1770 esse
671 1740 904 1769 numerum
933 1725 1187 1778 electorum,
1223 1738 1367 1783 neque
1395 1720 1645 1781 augendum
1673 1735 1816 1779 neque
1875 1767 1877 1772 ,

426 1798 714 1842 minuendum
735 1832 745 1851 ,
790 1796 985 1856 quamvis
1023 1804 1066 1839 et
1099 1799 1287 1840 Joannes
1324 1794 1540 1853 baptisma
1574 1792 1812 1850 significet,

424 1870 501 1913 ubi
525 1869 629 1913 dicit
654 1887 664 1912 ι
689 1887 707 1909 «
730 1867 878 1912 Facite
901 1882 1002 1925 ergo
1028 1865 1218 1910 fructum
1242 1866 1425 1924 dignum
1449 1863 1750 1923 poenitentiae3
1774 1872 1818 1908 et
1875 1865 1878 1908 t

428 1959 447 1980 »
470 1939 602 1983 nolite
626 1939 767 1982 dicere
788 1936 905 1996 apud
925 1937 1230 1995 vosmetipsos,
1258 1939 1430 1978 Patrem
1450 1934 1661 1977 habemus
1679 1934 1815 1977 Abra·
1875 1947 1879 1992 ᾗ

429 2028 448 2051 n
470 2011 568 2053 ham
589 2030 600 2067 3
627 2018 780 2068 potens
807 2016 870 2051 est
898 2008 1011 2050 enim
1038 2010 1150 2050 Deus
1172 2006 1227 2049 de
1253 2005 1473 2065 lapidibus
1494 2005 1583 2048 istis
1606 2005 1813 2049 suscitare
1875 2003 1878 2024 ²

430 2099 449 2121 »
470 2081 580 2124 filios
605 2080 840 2135 Abrahae³3
857 2097 878 2118 n
898 2088 947 2122 ut
962 2077 1162 2122 ostendat
1177 2078 1235 2121 sic
1249 2077 1350 2121 istos
1368 2091 1457 2120 esse
1475 2075 1766 2135 amputandos
1780 2076 1815 2135 si
1875 2058 1880 2108 '3

427 2167 517 2195 non
539 2150 722 2195 fecerint
744 2148 934 2193 fructum
949 2184 960 2202 ,
986 2157 1034 2192 ut
1056 2163 1145 2192 non
1168 2148 1279 2192 desit
1302 2161 1510 2191 numerus
1531 2148 1608 2206 qui
1629 2146 1815 2205 promis-

427 2238 496 2268 sus
527 2232 590 2266 est
618 2222 805 2266 Abrahae
832 2240 840 2265 :
866 2229 1011 2264 tamen
1042 2221 1229 2278 apertius
1261 2219 1305 2263 in
1334 2217 1597 2278 Apocalypsi
1628 2217 1811 2262 dicitur:

434 2313 454 2335 «
484 2295 601 2336 Tene
623 2291 742 2352 quod
766 2288 897 2335 habe's
916 2326 926 2345 ,
954 2306 1008 2334 ne
1030 2289 1136 2334 alius
1159 2290 1340 2349 accipiat
1361 2303 1565 2333 coronam
1588 2297 1707 2332 tuam
1727 2289 1759 2332 ⁴.
1789 2305 1810 2329 »
1878 2288 1881 2325 ἕ

432 2365 473 2409 Si
497 2364 612 2407 enim
637 2363 743 2407 alius
763 2377 852 2406 non
874 2371 938 2406 est
962 2370 1216 2421 accepturus
1243 2360 1321 2404 nisi
1342 2360 1422 2404 iste
1445 2358 1698 2419 perdiderit,
1720 2374 1814 2404 cer-
1878 2358 1881 2408 Ῐ

430 2443 499 2478 tus
524 2443 587 2478 est
613 2448 835 2477 numerus.

481 2542 486 2556 ¹
524 2536 600 2567 Luc.
629 2544 720 2573 xxn,
752 2534 804 2566 32.
823 2550 861 2556 -ω
883 2539 895 2554 2
925 2531 1001 2563 psat.
1033 2541 1152 2569 xxxix,
1183 2529 1303 2562 6.—3
1330 2530 1442 2563 Mattb.
1472 2540 1529 2571 m,
1562 2529 1593 2562 8.
1614 2528 1685 2554 -4
1715 2531 1813 2572 Apoc.
1880 2554 1881 2562 1

432 2601 559 2622 111,11.
