1821 3264
292 262 436 290 orfitus
468 263 644 291 IMPERF.
679 265 843 294 CONTRA
875 269 1044 297 JULIAN.
1081 270 1163 297 Lus.
1200 273 1247 297 11.
1381 261 1462 299 417

0 324 2 329 ’
87 333 150 368 est
171 325 357 384 qualiter
378 341 466 370 non
483 328 643 385 possit,
665 329 723 374 ita
745 331 903 377 clareat
918 333 1104 393 qualiter
1121 344 1164 379 et
1179 334 1337 380 debeat
1356 340 1468 381 Pau-

0 396 2 410 *
85 393 153 438 lus
174 404 218 439 et
239 396 373 454 possit
395 396 593 455 intelligi.
617 416 638 440 »

0 523 17 529 ¹
144 468 435 512 Arati-smnus.
472 470 536 512 Ita
556 467 762 514 desereris
783 473 962 517 veritate
978 508 988 527 ,
1010 482 1053 517 et
1073 483 1223 519 contra
1245 475 1470 521 manifesta

0 539 2 548 '
29 546 33 593 g
86 536 280 594 Apostoli
305 538 435 582 verba
456 554 545 583 non
562 549 684 598 potes
708 541 902 586 invenire
921 543 1026 603 quid
1049 544 1165 589 dicas
1181 580 1191 599 ,
1219 555 1267 589 ut
1284 547 1403 605 quod
1425 548 1472 590 in

29 630 33 644 ι
87 606 145 649 eis
177 607 485 653 intellexerunt
508 619 571 654 tot
593 612 726 655 sancti
752 611 944 672 clarique
965 614 1162 658 doctores
1181 649 1190 669 ,
1215 617 1290 675 qui
1312 617 1395 660 hoc
1426 617 1472 659 in

27 688 30 747 'k
87 676 278 722 Ecclesia
294 679 507 724 catholica
525 679 772 726 didicerunt
790 693 920 742 atque
938 684 1201 740 docuerunt,
1221 688 1339 742 (non
1357 688 1472 729 enim

19 756 31 807 ζ
86 761 239 791 sanum
260 763 435 793 sensum
453 751 663 795 habentes
685 752 730 795 in
750 761 839 796 tam
863 754 1099 799 manifestis
1114 756 1256 799 verbis
1273 756 1391 799 aliud
1411 756 1476 798 in-

16 840 29 871 .'
87 817 279 877 telligere
310 824 599 879 potuerunt,)
625 831 672 866 tu
705 824 1048 868 Manichaeorum
1074 841 1163 870 esse
1193 826 1330 881 dicas,
1356 825 1476 885 quod

87 887 183 933 illos
206 905 295 934 non
316 889 450 935 fuisse
471 894 634 950 cogeris
657 894 853 938 confiteri
871 929 881 949 ,
907 895 1178 954 quantolibet
1200 912 1370 941 veneno
1392 900 1476 940 Pe-

86 957 272 1017 lagianae
294 961 425 1019 pestis
449 961 650 1006 insanias.

21 1026 23 1034 '
146 1031 256 1075 CLI.
293 1033 522 1076 JULIANts.
552 1052 572 1074 «
600 1034 799 1078 Scribens
817 1033 965 1094 itaque
985 1034 1040 1079 ad
1059 1038 1277 1079 Romanos
1293 1070 1303 1089 ,
1325 1037 1478 1095 eojam

23 1122 26 1142 ε
87 1109 304 1160 tempore,
324 1118 413 1161 quo
430 1104 625 1161 gentium
644 1113 834 1164 coeperat
851 1120 941 1148 esse
958 1106 1211 1163 permixtio,
1233 1115 1364 1164 atque
1381 1105 1479 1148 ideo

19 1172 21 1187 ⁴
87 1179 176 1215 tam
194 1186 245 1214 ex
267 1171 432 1215 Judaeis
451 1188 584 1232 quam
606 1189 659 1217 ex
682 1174 885 1231 gentibus
904 1173 1240 1233 complebantur
1258 1174 1476 1227 Ecclesiae,

18 1237 21 1291 ’ἶ
88 1240 305 1286 tumultus
330 1243 481 1302 populi
498 1245 726 1304 utriusque
746 1245 996 1304 componit,
1022 1244 1247 1288 inculcans
1270 1244 1479 1304 quoniam

17 1300 21 1329 l
88 1328 168 1357 nec
207 1322 355 1371 gentes
385 1315 650 1373 impietatem
691 1331 812 1359 suam
828 1350 838 1370 ,
875 1331 961 1375 qua
990 1324 1264 1359 mutaverant
1300 1315 1481 1372 gloriam

91 1383 168 1427 Dei
196 1383 241 1426 in
269 1382 595 1428 similitudinem
628 1385 826 1442 imaginis
849 1385 1060 1440 hominis,
1086 1394 1129 1428 et
1160 1385 1412 1439 volucrum,
1439 1393 1482 1427 et

91 1452 426 1513 quadrupedum
449 1490 460 1509 ,
493 1464 536 1499 et
559 1456 824 1513 serpentium
840 1491 850 1510 ,
883 1456 989 1514 legis
1013 1456 1177 1515 possint
1208 1457 1483 1514 ignoratione

92 1522 275 1579 diluere,
297 1541 395 1584 quae
416 1540 490 1583 per
508 1525 596 1568 vim
615 1526 793 1569 rationis
810 1526 1036 1584 ingenitae,
1058 1527 1134 1569 etsi
1151 1541 1239 1569 non
1258 1526 1389 1568 ritum
1412 1539 1484 1568 ce-

93 1592 386 1638 remoniarum
402 1593 697 1653 judaicarum,
717 1603 864 1638 tamen
878 1598 1014 1638 Deum
1029 1595 1371 1639 innotescentem
1384 1608 1483 1652 ope-

93 1664 237 1719 ribus,
269 1664 523 1709 substantiae
545 1680 649 1709 vero
668 1663 968 1723 profunditate
996 1673 1207 1708 secretum
1223 1699 1233 1719 ,
1259 1663 1483 1722 potuerint

94 1749 144 1778 ex
163 1735 228 1778 his
247 1735 302 1779 ab
325 1750 376 1779 eo
399 1750 498 1794 quae
521 1744 621 1778 sunt
644 1733 756 1778 sacta
777 1749 1052 1793 cognoscere.
1074 1734 1197 1790 Legis
1216 1742 1360 1776 autem
1378 1746 1483 1775 nor-

95 1820 210 1849 mam
225 1840 236 1860 ,
257 1814 473 1865 quantum
492 1805 547 1850 ad
564 1806 664 1849 vitae
678 1805 938 1864 probitatem
958 1804 1150 1863 respicit,
1168 1803 1368 1871 proprius
1385 1801 1484 1845 uni-

95 1876 254 1935 cuique
272 1877 530 1935 suggerebat
547 1876 728 1920 affectus
748 1896 758 1933 3
782 1874 981 1919 videlicet
1003 1884 1050 1918 ut
1072 1873 1181 1917 nihil
1198 1872 1282 1917 tale
1304 1871 1486 1915 inferret

97 1947 295 2007 proximo
310 1982 320 2002 ,
351 1946 481 2006 quale
504 1947 671 2006 perpeti
694 1946 901 1990 noluisset
927 1964 936 1990 :
963 1954 1093 2004 atque
1121 1943 1220 1988 ideo
1243 1943 1485 2002 profanita-

98 2028 186 2063 tem
209 2018 404 2077 gentium
422 2019 520 2077 jure
542 2017 708 2075 optimo
728 2017 851 2075 argui
873 2031 995 2075 posse
1010 2014 1250 2059 convincit1
1269 2048 1279 2066 ,
1300 2012 1379 2057 etsi
1396 2027 1480 2056 non

98 2104 175 2149 per
190 2088 330 2147 legem
347 2124 357 2144 ,
383 2104 459 2148 per
477 2103 570 2132 eam
589 2097 735 2131 tamen
751 2087 964 2147 justitiam
983 2101 1082 2145 quae
1104 2083 1301 2129 condidit
1317 2082 1458 2141 legem
1471 2116 1482 2136 ,

98 2169 142 2204 et
155 2159 494 2219 quajudicante,
519 2159 562 2202 hi
582 2158 658 2218 qui
673 2158 764 2201 sine
776 2156 871 2216 lege
885 2164 1192 2216 peccaverunt,
1216 2154 1306 2198 sine
1326 2152 1422 2210 lege
1445 2160 1488 2195 et

99 2231 348 2290 peribunt2.
367 2232 391 2274 J
398 2230 544 2274 udaeos
566 2244 668 2273 vero
685 2263 695 2283 ,
719 2243 907 2288 quorum
933 2227 1069 2285 magis
1085 2226 1268 2269 intereat
1284 2258 1295 2277 ,
1318 2223 1419 2282 quia
1443 2222 1485 2265 in

101 2300 354 2360 despectum
370 2301 566 2359 gentium
580 2300 762 2344 maxime
775 2297 1092 2351 tumescebant,
1110 2296 1318 2339 honorem
1338 2292 1418 2336 sibi
1433 2291 1487 2334 de

102 2371 209 2431 legis
238 2370 614 2431 purificationibus
636 2369 927 2423 vindicantes,
958 2383 1006 2412 ac
1030 2382 1107 2425 per
1130 2367 1212 2408 hoc
1229 2363 1489 2406 aestimantes

102 2458 192 2487 non
218 2443 298 2486 sibi
315 2443 372 2486 ita
393 2452 442 2486 ut
465 2441 667 2500 gentibus
692 2439 902 2500 profuisse
925 2437 1085 2483 Christi
1109 2435 1286 2493 gratiam
1313 2440 1487 2491 peccata

105 2512 340 2558 donantem
356 2548 366 2568 ,
386 2512 743 2574 quandoquidem
767 2510 874 2569 legis
896 2525 945 2552 ea
970 2505 1240 2552 institutione
1267 2504 1495 2555 vitassent,

154 2605 163 2620 ¹
186 2600 276 2630 Rom.
298 2608 321 2638 t,
341 2599 391 2630 23.
410 2613 451 2621 --
469 2604 480 2620 ²
497 2597 545 2629 ld.
568 2607 601 2637 n,
626 2604 674 2627 12.

294 2661 439 2692 cmii.
1254 2643 1301 2678 ’27
