1884 3285
443 207 498 244 66
881 212 913 238 S.
948 211 1177 238 Arensnffl
1213 210 1388 236 EPlseOffl

433 299 453 321 »
480 280 654 335 rigavit¹
684 295 702 316 υ
731 277 840 318 Hinc
859 289 960 332 ergo
983 276 1027 317 in
1044 274 1194 318 eadem
1216 272 1458 316 intentione
1484 271 1729 328 persistens,
1755 270 1811 316 ad
1835 263 1841 309 ζ·

426 350 508 391 hoc
520 348 639 390 venit.
657 355 705 388 ut
723 345 914 389 diceret:
939 364 958 386 (ι
976 348 1127 404 Itaque
1146 359 1275 388 nemo
1293 342 1502 402 glorietur
1521 341 1568 384 in
1585 342 1776 384 homine.
1789 342 1815 383 ί
1838 365 1842 392 4

425 419 521 460 Jarn
537 416 650 458 enim
665 413 852 458 dixerat:
871 415 991 467 «Qui
1012 414 1240 473 gloriatur,
1259 415 1303 457 in
1323 412 1504 456 Domino
1527 411 1807 469 glorietur-².»
1839 467 1844 474 Δ

422 490 524 530 Post
545 487 639 529 haec
661 494 705 529 et
728 485 809 529 alia
825 485 1034 529 nonnulla
1059 501 1158 545 quae
1186 485 1252 528 his
1276 491 1598 528 connectuntur
1615 516 1627 537 ‚
1653 481 1707 525 ad
1730 481 1811 524 hoc

429 555 683 615 perducitur
718 555 867 599 eadem
893 556 983 613 ipsa
1017 557 1107 614 ejus
1138 553 1351 606 intentio,
1382 561 1430 596 ut
1462 551 1578 596 dieat
1611 570 1620 596 ε
1661 571 1675 592 α
1708 550 1814 595 Haec

427 643 448 666 >1
474 634 634 678 autem,
668 623 817 668 fratres
838 660 848 680 ,
874 624 1174 681 transfiguravi
1202 624 1247 666 in
1281 637 1348 665 me
1371 631 1413 665 et
1436 620 1593 680 Apollo
1625 628 1815 679 propter
1844 627 1849 678 ᾗ

429 712 450 735 »
477 709 578 746 vos,
610 703 657 737 ut
683 695 727 736 in
752 695 874 737 nobis
896 694 1091 747 discatis,
1113 708 1167 736 ne
1194 707 1322 751 supra
1345 706 1479 750 quam
1508 691 1720 749 scriptum
1751 697 1816 734 est
1845 716 1849 723 ι

423 782 444 804 »
475 778 586 806 unus
605 778 681 820 pro
704 763 838 806 altero
857 763 1032 806 infletur
1055 761 1256 805 adversus
1275 761 1474 804 alterurn.
1497 761 1603 812 Quis
1623 759 1740 802 enim
1774 767 1819 803 te
1847 783 1853 839 ξ

421 851 441 873 »
466 832 694 876 discernit?
712 833 827 885 Quid
850 842 997 876 autem
1022 833 1150 875 habes
1166 830 1292 891 quod
1313 846 1402 874 uon
1425 830 1655 888 accepisti?
1679 829 1721 874 Si
1739 844 1815 872 au·
1852 844 1853 849 ¹

420 921 440 943 »
466 911 553 946 tem
572 912 615 946 et
633 903 860 960 accepisti,
885 902 990 962 quid
1009 902 1200 960 gloriaris
1217 903 1338 962 quasi
1359 917 1446 945 non
1470 901 1691 960 acceperis
1711 901 1764 943 ³?
1789 912 1810 940 »

479 975 533 1016 X.
558 974 700 1017 Inhac
724 972 915 1031 Apostoli
939 973 1261 1017 evidentissima
1281 973 1539 1025 intentione,
1561 986 1645 1031 qua
1666 979 1819 1015 contra
1853 987 1856 1005 2

431 1045 665 1087 humanam
686 1044 933 1102 superbiam
965 1043 1185 1102 loquitur,
1209 1060 1264 1088 ne
1296 1044 1526 1103 quisquam
1546 1043 1590 1086 in
1608 1042 1787 1086 homine
1804 1075 1816 1096 ,
1855 1090 1859 1104 .

433 1113 508 1157 sed
527 1115 570 1157 in
591 1114 775 1157 Domino
794 1113 1017 1173 glorietur,
1034 1115 1148 1158 dona
1166 1115 1240 1157 Dei
1261 1113 1472 1156 naturalia
1486 1113 1710 1170 suspicari,
1732 1111 1820 1155 sive
1855 1109 1859 1162 ζ

430 1185 567 1243 ipsam
590 1193 722 1228 totam
743 1184 1066 1243 perfectamque
1092 1194 1307 1235 naturam,
1328 1183 1469 1242 qualis
1490 1183 1536 1226 in
1558 1184 1695 1241 prima
1715 1197 1821 1227 con-
1857 1202 1860 1209 ¹

431 1254 598 1298 ditione
632 1254 792 1297 donata
829 1263 893 1298 est
916 1290 926 1308 ‚
963 1256 1050 1298 sive
1080 1254 1244 1299 vitiatae
1278 1264 1446 1298 naturae
1478 1253 1820 1313 qualescumque
1858 1260 1862 1287 ὲ

430 1323 650 1382 reliquias,
677 1324 819 1376 nimis,
844 1335 1061 1383 quantum
1082 1324 1295 1377 existimo,
1322 1323 1561 1367 absurdum
1586 1333 1662 1367 est.
1683 1325 1822 1367 Num-a
1858 1315 1863 1363 5

432 1393 537 1453 quid
569 1394 683 1437 enim
714 1409 789 1451 per
816 1395 909 1438 haec
939 1394 1054 1438 dona
1077 1407 1176 1453 quae
1204 1395 1408 1438 omnibus
1443 1395 1691 1438 communia
1719 1399 1823 1437 sunt
1862 1426 1867 1451 ὁ

433 1463 685 1507 hominibus
707 1498 717 1515 ‚
745 1462 1052 1507 discernuntur
1087 1464 1284 1508 homines
1315 1465 1368 1507 ab
1406 1464 1656 1507 hominibus
1688 1465 1707 1505 ?
1741 1463 1822 1508 Hic
1864 1493 1867 1500 r

438 1541 583 1576 autem
608 1533 723 1590 prius
742 1532 851 1576 dixit
875 1553 882 1578 z
908 1553 927 1574 «
948 1535 1052 1586 Quis
1070 1534 1184 1576 enim
1211 1542 1253 1577 te
1274 1533 1478 1577 discernit
1506 1535 1523 1576 Ρ
1544 1552 1563 1574 n
1591 1542 1634 1577 et
1663 1532 1823 1576 deinde
1864 1531 1867 1566 ἶ

438 1601 605 1645 addidit
623 1621 631 1645 ε
649 1621 668 1643 «
687 1601 802 1655 Quid
825 1612 969 1646 autem
994 1603 1123 1646 habes
1141 1603 1259 1663 quod
1278 1618 1366 1646 non
1389 1603 1617 1662 accepisti?
1638 1606 1824 1647 »Posset
1868 1622 1870 1637 ι

433 1673 596 1732 quippe
619 1671 762 1716 dicere
787 1674 917 1717 homo
948 1674 1121 1717 inflatus
1151 1672 1355 1717 adversus
1377 1673 1584 1717 alterum:
1608 1673 1822 1716 Discernit

435 1757 502 1785 me
525 1741 630 1785 fides
650 1757 762 1795 mea,
782 1744 947 1802 justitia
973 1759 1066 1786 mea
1082 1778 1092 1797 ‚
1115 1743 1233 1787 velsi
1256 1742 1361 1802 quid
1385 1743 1518 1787 aliud.
1537 1743 1712 1787 Talibus
1734 1757 1820 1786 oc-
1869 1773 1873 1799 ὲ

435 1827 611 1856 currens
632 1812 968 1870 cogitationibus
987 1814 1127 1857 bonus
1143 1815 1297 1857 doctor
1314 1832 1352 1858 :«
1368 1803 1486 1866 Quid
1504 1823 1649 1857 autem
1671 1813 1820 1867 habes,

440 1899 459 1921 n
485 1881 646 1940 inquit,
674 1880 795 1940 quod
818 1897 906 1926 non
932 1883 1134 1941 accepisti
1156 1885 1174 1924 ?
1199 1901 1219 1924 o
1249 1886 1286 1926 A
1305 1898 1394 1942 quo
1414 1917 1425 1936 ‚
1458 1884 1538 1926 nisi
1566 1883 1621 1926 ab
1650 1883 1725 1927 illo
1748 1882 1824 1943 qui
1870 1902 1875 1933 ς

438 1958 480 1992 te
501 1950 706 1994 discernit
725 1952 778 1994 ab
803 1952 885 1995 alio
903 1987 913 2006 ‚
935 1953 1007 1995 cui
1030 1968 1118 1996 non
1137 1953 1317 1995 donavit
1337 1987 1346 2005 ‚
1368 1952 1488 2011 quod
1511 1951 1688 1996 donavit
1711 1953 1824 1996 tibi?
1873 1969 1876 1991 1

444 2038 464 2060 (ι
491 2021 532 2064 Si
551 2030 694 2063 autem
714 2029 756 2064 et
775 2023 990 2081 accepisti,
1012 2024 1085 2075 ait,
1109 2023 1216 2082 quid
1239 2022 1429 2079 gloriaris
1444 2024 1565 2082 quasi
1591 2039 1677 2068 non
1702 2035 1825 2068 acce·

443 2107 464 2129 υ
486 2090 627 2148 peris?
652 2109 671 2130 n
698 2094 828 2145 Num,
856 2107 1019 2150 quaeso,
1043 2092 1130 2149 agit
1151 2091 1284 2145 aliud,
1312 2093 1388 2135 nisi
1409 2103 1454 2136 ut
1477 2095 1549 2152 qui
1575 2093 1820 2151 gloriatur„
1876 2085 1879 2136 ᾸῘ

434 2158 479 2201 in
498 2160 678 2203 Domino
699 2159 939 2217 glorietur?
955 2161 1070 2206 Nihil
1087 2171 1233 2205 autem
1256 2161 1357 2205 huic
1374 2164 1516 2205 sensui
1542 2173 1626 2207 tam
1651 2173 1824 2208 contra-
1878 2154 1879 2180 ³

438 2228 549 2271 rium
574 2238 660 2283 est,
695 2245 827 2289 quam
850 2229 904 2273 de
940 2231 1025 2273 suis
1056 2231 1214 2274 meritis
1247 2231 1306 2275 sic
1334 2247 1600 2292 quemquam
1633 2233 1820 2291 gloriari,
1876 2231 1883 2295 ’ὲ

442 2307 648 2358 tanquam
673 2300 760 2358 ipse
783 2301 862 2344 sibi
885 2316 932 2344 ea
960 2299 1109 2344 fecerit
1130 2336 1140 2355 ‚
1166 2316 1254 2344 non
1281 2302 1415 2359 gratia
1444 2304 1518 2346 Dei
1545 2322 1553 2347 z
1583 2303 1656 2347 sed
1687 2304 1823 2362 gratia
1879 2297 1882 2334 3

440 2386 540 2429 quae
567 2370 702 2414 bonos
719 2371 921 2415 discernit
937 2388 959 2414 a
975 2371 1110 2425 malis,
1128 2387 1215 2415 non
1239 2384 1338 2431 quae
1355 2375 1597 2416 communis
1615 2383 1678 2417 est
1699 2374 1824 2418 bonis

441 2448 481 2482 et
507 2439 642 2484 malis.
668 2442 729 2485 Sit
744 2456 845 2498 ergo
868 2442 1003 2499 gratia
1026 2451 1193 2485 naturae
1208 2442 1432 2497 attributa,
1451 2458 1538 2502 qua
1560 2458 1708 2488 sumus
1727 2443 1823 2488 ani-

483 2529 490 2543 ¹
520 2525 623 2555 1Cor.
645 2534 690 2563 ιιι,
716 2532 769 2555 21.
799 2528 849 2545 2²
868 2523 915 2555 ld.
934 2533 958 2564 ι,
982 2521 1307 2564 31.—³1d.1v,6.
