1884 3285
448 219 532 258 374
877 234 910 264 s.
947 236 1176 270 uersum
1209 243 1388 275 zmscom

447 294 719 340 instituerat?
736 297 818 342 Sed
837 301 932 359 quis
948 311 1089 361 potest
1105 306 1187 351 hoc
1204 323 1351 368 sapere
1365 321 1407 356 et
1424 311 1583 372 dicere,
1601 318 1682 362 nisi
1696 334 1822 379 quem

446 378 534 406 non
555 365 688 422 pudet
705 366 749 410 id
769 367 948 415 laudare
964 373 1083 431 quod
1099 377 1260 434 pudet?

442 519 562 560 nere,
584 515 626 550 et
643 522 758 553 mors
775 521 951 570 peccato
973 513 1132 561 dicitur
1148 519 1373 577 accidisse,
1398 524 1659 573 ablationem
1678 532 1824 584 mortis
1868 526 1884 567 '⁶³

442 576 604 621 amotio
626 580 793 637 peccati
819 580 952 628 debet
974 589 1156 645 operari.
1185 608 1204 631 »

501 650 794 697 Anca-snmus.
830 654 988 701 Adhuc
1021 659 1199 718 quidem
1235 662 1395 720 dicitis,
1431 665 1569 712 Adam
1603 670 1663 714 sic
1697 662 1849 736 fuisse,¹

441 715 607 762 factum
625 753 636 774 ,
670 730 719 764 ut
746 722 834 766 sive
856 737 1075 783 peccaret,
1107 730 1196 776 sive
1225 749 1314 777 non
1344 746 1564 793 peccaret,
1590 740 1840 798 moritum&
1870 742 1884 779 1<

440 797 550 831 esset
570 807 580 833 z
605 789 679 834 sed
701 791 782 836 ista
804 792 994 841 dicentes
1012 799 1102 858 jam
1123 816 1198 846 vos
1219 804 1423 863 magister
1439 816 1579 852 vester
1597 810 1642 853 in
1664 799 1842 878 episcml
1870 806 1884 850 ᾗ(

440 857 705 919 palijudicio
727 863 956 912 Palaestino
974 904 984 924 ,
1006 885 1085 915 nec
1107 872 1198 917 sine
1219 889 1263 918 se
1283 877 1397 934 ipso,
1424 880 1525 937 quia
1553 895 1642 924 non
1663 897 1708 925 se
1729 898 1842 934 cor-e,

442 929 597 986 rexit¹‚
628 932 823 992 Pelagius
851 937 941 996 ipse
969 939 1193 989 damnavit
1218 964 1227 990 :
1255 949 1366 991 Deus
1389 959 1535 994 autem
1561 967 1650 996 non
1678 953 1724 997 in
1748 940 1842 1006 istol
1872 961 1884 990 ss

438 1000 598 1045 saeculo
621 1003 812 1063 maligno
834 1007 1049 1054 beatificat
1070 1027 1192 1068 suOS,
1220 1017 1378 1074 quibus
1401 1020 1468 1064 hic
1487 1032 1662 1079 peccata
1682 1023 1843 1093 dimit-‚5
1872 1031 1884 1063 1³

442 1070 516 1124 tit,
542 1081 585 1114 et
608 1074 780 1131 spiritus
804 1078 952 1134 gratiae
971 1080 1128 1138 pignus
1156 1084 1363 1143 impertit.
1386 1089 1490 1134 Ideo
1520 1092 1579 1136 eis
1596 1094 1672 1152 qui
1699 1094 1843 1140 etiami
1872 1104 1884 1134 ⁵¹

440 1141 563 1185 malis
585 1143 731 1187 saeculi
755 1145 883 1206 hujus
906 1149 974 1192 vel
995 1150 1324 1201 delectabilibus
1341 1193 1352 1213 ,
1374 1158 1442 1203 vel
1461 1163 1584 1206 saevis
1608 1173 1739 1224 atque
1760 1135 1843 1242 ais—¹

439 1212 569 1269 peris,
588 1214 741 1271 partim
759 1231 849 1260 non
867 1227 1072 1277 utuntur,
1096 1227 1250 1282 partim
1269 1228 1381 1273 bene
1399 1240 1607 1289 utuntur,
1626 1234 1827 1283 futurum

437 1283 633 1340 promisit
650 1286 882 1344 saeculum,
903 1290 947 1333 in
970 1308 1059 1351 quo
1083 1295 1195 1340 mala
1215 1297 1334 1343 nulla
1354 1303 1601 1362 patiantur3
1626 1305 1701 1349 ubi
1723 1307 1827 1352 tales

441 1364 581 1398 essent
598 1365 641 1400 et
659 1358 823 1416 nuptiae
837 1394 848 1414 ‚
877 1361 1023 1420 quales
1040 1364 1084 1407 in
1106 1364 1182 1411 ilto
1202 1369 1398 1427 paradiso
1415 1407 1425 1427 ,
1448 1373 1483 1417 si
1506 1390 1635 1420 nemo
1657 1392 1829 1436 peccas-

442 1432 531 1479 set,
554 1440 643 1469 esse
658 1429 920 1489 potuissent,
950 1433 994 1477 in
1013 1435 1172 1495 quibus
1192 1439 1301 1484 nihil
1319 1443 1574 1500 pudendum
1594 1456 1703 1491 esset
1722 1467 1730 1493 :
1754 1448 1829 1495 sed
1874 1460 1884 1504 Ρ

440 1509 521 1538 nec
544 1496 649 1541 tales
673 1509 824 1555 erunt,
845 1504 1051 1562 quoniam
1075 1507 1304 1555 beatorum
1330 1528 1511 1559 numero
1527 1516 1707 1576 impleto
1723 1554 1734 1575 ,
1759 1519 1829 1565 cui
1874 1531 1884 1559 ⁵¹

443 1565 529 1609 sint
548 1569 713 1626 nuptiae
733 1575 1002 1630 necessariae,
1030 1580 1252 1635 generatio
1269 1582 1358 1641 ipsa
1376 1600 1464 1629 non
1488 1588 1583 1633 erit,
1876 1597 1884 1631 Γ

502 1639 656 1683 xclv.
694 1644 920 1690 Jummus.
953 1666 970 1688 «
1000 1650 1161 1694 Verum
1185 1668 1284 1698 cum
1305 1656 1411 1699 nihil
1431 1658 1588 1703 horum
1607 1676 1706 1720 quae
1723 1661 1830 1707 dixi·
1875 1660 1884 1702 J

442 1721 538 1751 nius
551 1744 567 1764 ,
599 1710 918 1770 baptizatorum
943 1729 1111 1765 constet
1134 1725 1307 1768 evenire
1340 1729 1619 1788 corporibu83
1649 1747 1736 1776 non
1759 1748 1830 1792 po-

442 1778 574 1823 tuisse
597 1790 742 1826 autem
762 1783 914 1842 aliter,
934 1787 978 1832 id
997 1799 1086 1846 est,
1110 1807 1198 1837 uon
1216 1795 1438 1854 debuisse,
1457 1816 1586 1859 quam
1612 1802 1676 1847 his
1693 1804 1830 1866 medi3

1839 1243 1844 1287 i

445 2136 531 2180 suis
562 2139 788 2184 ordinibus
818 2153 935 2188 mota
964 2161 1053 2191 non
1077 2163 1166 2192 esse
1200 2169 1208 2194 :
1235 2160 1309 2196 aut
1335 2163 1451 2199 certe
1474 2157 1751 2216 negandum,
1787 2161 1831 2210 in

445 2209 656 2264 mysteriis
675 2211 833 2256 Christi
851 2215 1094 2276 quidquam
1113 2235 1201 2264 esse
1219 2223 1467 2282 medicinae,
1488 2243 1586 2287 quae
1608 2228 1663 2273 de
1685 2239 1751 2276 tot
1771 2246 1832 2277 se-

445 2279 641 2323 cundum
659 2289 701 2324 te
719 2283 882 2328 morbis
898 2301 953 2329 nc
974 2304 1108 2333 unum
1129 2293 1304 2351 quidem
1321 2311 1472 2342 sanare
1489 2301 1725 2358 potuerint.
1750 2319 1770 2344 »

507 2353 794 2398 Aust-smus.
833 2357 926 2400 Imo
963 2373 1064 2403 vero
1108 2361 1210 2407 hinc
1243 2363 1459 2412 deberetis
1497 2384 1756 2427 agnoscere,
1799 2374 1832 2420 si
1881 2397 1884 2416 :

450 2429 597 2465 mente
633 2423 774 2467 sobria
803 2425 1028 2484 viveretis,
1065 2446 1194 2490 quam
1230 2450 1436 2494 magnum
1468 2439 1578 2485 illud
1606 2453 1833 2501 peecatum
1882 2460 1884 2463 ·

451 2489 583 2537 fuerit
598 2528 608 2548 ‚
634 2496 755 2554 quod
777 2511 854 2555 per
878 2513 1015 2544 unum
1036 2501 1258 2549 hominem
1275 2507 1450 2555 intravit
1467 2511 1512 2556 in
1531 2512 1769 2572 mundum,
1792 2523 1834 2562 et

501 2583 510 2598 ¹
530 2578 605 2609 Vide
618 2578 671 2610 lib.
691 2580 731 2611 «le
748 2581 850 2613 Gestis
865 2583 994 2625 Pelagii,
1015 2596 1083 2627 cap.
1109 2599 1141 2618 tt
1163 2593 1194 2620 et
1214 2590 1265 2623 33.

1880 2245 1884 2288 Ι

1844 2258 1849 2301 t

1846 2653 1850 2679 ι

1846 2870 1850 2927 ἲ

1846 2930 1851 3009 ἰ

1846 3027 1851 3099 ἓ

1846 3119 1852 3162 3

1846 3167 1852 3243 ἒ,

1846 3249 1852 3285 :t
