1821 3264
257 243 400 272 omnus
433 244 607 273 manns.
644 246 807 274 comma
840 248 1010 278 stum.
1045 250 1128 278 un.
1166 253 1213 278 ιι.
1345 242 1431 281 353

109 310 400 354 Amss‘rnwss.
422 313 519 356 Non
553 320 595 354 te
633 310 847 371 disjecisse
884 316 1006 374 quod
1045 325 1313 373 struxeram,
1353 333 1434 363 nec

50 392 165 422 sanae
187 379 364 424 rationis
380 414 391 434 ,
416 380 492 425 sed
514 396 636 426 vanae
658 391 746 426 tuae
778 385 992 443 opinionis
1021 401 1174 432 manus
1202 397 1246 433 te
1275 388 1437 433 frustra

46 447 242 492 *intulisse
259 457 488 494 structurae
516 459 690 506 nostrae,
718 454 944 514 utriusque
974 465 1171 502 nostrum
1206 458 1337 502 verba
1359 458 1436 518 qui

47 515 231 575 legerint
245 519 523 578 judicabunt.

108 590 220 631 LVI.
246 590 269 632 J
276 605 473 635 numus.
503 609 524 633 «
555 591 762 636 Ostendit
784 594 1019 651 Apostolus
1042 608 1131 638 non
1158 610 1182 639 a
1204 610 1248 639 se
1271 596 1439 640 dictum

48 671 136 701 esse
162 667 389 716 peccatum
423 661 701 718 generatione
738 662 969 717 transisse,
1000 663 1180 722 quando
1210 666 1442 708 nominans

48 727 293 784 hominem,
319 731 476 790 adjecit
497 746 660 788 unumj,
685 746 800 775 unus
831 733 949 776 enim
980 733 1155 777 numeri
1179 733 1444 793 principium

47 807 111 842 est
132 808 202 843 :et
222 799 297 844 ifle
319 801 533 860 explicans
557 816 633 860 per
657 817 787 861 quem
806 802 1161 848 diceretintrasse
1183 813 1436 862 peccatum,

46 884 137 913 non
168 870 310 914 solum
344 887 444 915 eum
483 871 752 927 nominavit,
794 887 948 917 verum
980 874 1110 918 etiam
1155 875 1404 919 numeravit
1433 893 1442 918 :

49 957 70 982 «
99 943 180 984 Per
199 956 336 984 unum
354 976 364 996 ‚
401 942 566 1002 inquit,
592 943 815 987 hominem
839 952 1065 1002 peccatum
1096 945 1142 988 in
1169 945 1289 989 hunc
1313 960 1443 989 mun-

50 1027 71 1052 »
95 1011 204 1055 dum
227 1012 439 1056 transiit1.
471 1031 490 1054 »
526 1014 606 1057 Hic
629 1022 776 1057 autem
805 1029 920 1058 unus
941 1014 1191 1073 praebendae
1212 1013 1446 1059 imitationi

0 1102 1 1144 ᾗ
48 1082 235 1136 sufficit,
258 1084 524 1141 generationi
541 1084 774 1143 implendae
796 1099 886 1128 non
907 1085 1084 1129 sufficit.
1113 1088 1347 1129 Peccatum
1368 1099 1447 1128 au-

0 1208 1 1216 *
54 1161 142 1196 tem
164 1154 355 1211 transiit,
380 1154 454 1198 sed
476 1170 554 1214 per
571 1170 726 1199 unum.
749 1154 1032 1200 Manifestum
1050 1164 1131 1210 est,
1156 1156 1446 1199 imitationem

0 1221 1 1244 ³
47 1223 141 1278 hic,
176 1239 266 1269 non
294 1226 616 1284 generationem
648 1227 854 1284 coargui,
879 1241 979 1285 quae
1002 1226 1084 1269 nisi
1121 1241 1198 1285 per
1221 1226 1331 1270 duos
1352 1225 1446 1269 fieri

48 1310 138 1339 non
157 1304 316 1354 potest.
341 1299 431 1341 Aut
448 1297 580 1355 igitur
602 1298 783 1341 ostende
795 1332 805 1352 ,
823 1312 900 1356 per
921 1297 1060 1341 Adam
1077 1296 1220 1342 solum
1237 1299 1329 1342 sine
1346 1312 1445 1341 mu-

46 1365 149 1410 liere
175 1367 496 1424 generationem
532 1367 743 1424 extitisse,
768 1382 848 1411 nec
884 1367 968 1412 hoc
996 1367 1111 1411 enim
1143 1368 1200 1412 ab
1230 1367 1446 1427 elegantia

46 1437 112 1480 tui
135 1436 341 1482 abhorret
362 1437 525 1496 ingenii
549 1456 558 1482 :
585 1446 659 1482 aut
682 1447 798 1482 certe
820 1438 1030 1497 quoniam
1053 1437 1176 1482 vides
1200 1439 1446 1497 generatio-

47 1522 148 1552 nem
165 1508 246 1552 nisi
269 1523 346 1567 per
369 1509 479 1554 duos
503 1517 700 1553 constare
724 1523 816 1552 non
838 1523 980 1567 posse,
1006 1507 1215 1552 assentire
1232 1506 1304 1553 vel
1325 1522 1445 1562 sero,

48 1586 296 1623 accusatum
328 1593 418 1623 non
448 1593 538 1622 esse
561 1593 637 1637 per
661 1593 801 1622 unum
827 1591 1062 1621 numerum
1092 1592 1201 1635 opus
1228 1576 1441 1631 duorum,

52 1668 72 1691 «
94 1652 174 1693 Per
192 1664 330 1693 unum
343 1683 354 1703 ,
379 1649 540 1708 inquit,
565 1649 788 1694 hominem
806 1657 1037 1707 peccatum
1058 1647 1236 1692 intravit
1256 1647 1303 1691 in
1319 1662 1444 1692 mun-

50 1736 71 1760 »
96 1718 204 1763 dum
224 1737 232 1762 :
260 1736 279 1760 »
306 1719 381 1778 qui
404 1718 511 1762 dixit
532 1734 611 1777 per
631 1733 793 1771 unum,
826 1716 1012 1775 intelligi
1034 1731 1111 1775 per
1132 1715 1242 1761 duos
1278 1716 1436 1760 noluit.

48 1787 192 1843 Quid,
217 1803 350 1847 rogo,
372 1787 596 1848 quaerebat
627 1788 739 1831 inter
772 1788 866 1830 haec
894 1785 1100 1844 dogmata
1130 1800 1360 1839 numerus,
1390 1793 1441 1829 ut

48 1858 281 1918 Apostolus
313 1867 432 1902 tanta
454 1873 555 1902 cura
574 1892 584 1912 ‚
618 1873 707 1901 non
735 1856 876 1901 solum
909 1855 1156 1910 hominem,
1195 1855 1270 1899 sed
1299 1868 1439 1898 unum

49 1929 270 1974 hominem
285 1928 556 1973 nominaret?
571 1930 733 1971 Verum
750 1935 930 1986 apparet
946 1934 1099 1970 cautus
1117 1924 1290 1983 augusti
1301 1939 1442 1969 sermo

48 1999 238 2053 consilii,
260 1999 338 2059 qui
360 1998 579 2043 revelante
601 1998 764 2056 Spiritu
787 2006 934 2040 sancto
949 2031 959 2050 ,
990 2005 1239 2053 temporum
1266 2003 1441 2038 nostro-

49 2085 146 2114 rum
169 2070 374 2128 praecavit
400 2078 443 2112 et
464 2068 702 2112 exarmavit
731 2082 895 2110 errores
923 2086 931 2109 ε
966 2081 1022 2108 ne
1044 2066 1090 2108 in
1109 2063 1441 2108 infamationem

49 2142 212 2201 quippe
234 2140 399 2200 aliquid
420 2140 608 2184 instituti
631 2155 654 2183 a
677 2142 766 2183 Deo
787 2137 979 2197 conjugii
1003 2135 1071 2180 vel
1095 2135 1339 2180 benedictae
1360 2134 1441 2178 foe-

50 2211 284 2256 cunditatis
310 2211 464 2255 dixisse
496 2219 747 2270 putaretur,
774 2224 874 2253 cum
895 2223 1022 2253 causa
1045 2215 1241 2266 posceret
1263 2214 1313 2249 ut
1336 2220 1440 2265 pec-

51 2283 135 2328 cati
152 2283 376 2343 replicaret
398 2282 594 2337 exordia,
620 2296 697 2341 per
717 2296 815 2325 eum
849 2279 956 2323 dixit
979 2293 1212 2323 numerum
1240 2276 1440 2321 transisse

50 2364 277 2415 peccatum
295 2390 306 2409 ,
342 2355 418 2415 qui
438 2353 620 2398 foetibus
653 2367 742 2397 non
764 2359 935 2411 poterat
960 2348 1207 2394 convenire.
1235 2350 1291 2390 Et
1324 2354 1441 2391 certe

50 2426 177 2486 primi
199 2426 396 2471 homines
419 2425 550 2470 ambo
582 2424 880 2484 deliquerant,
916 2421 992 2480 qui
1023 2419 1154 2464 ambo
1184 2418 1339 2462 merito
1360 2431 1440 2461 vo-

51 2506 205 2541 cantur
228 2494 367 2541 forma
384 2495 564 2556 posteris
589 2494 719 2538 fuisse
737 2491 904 2552 peccati
927 2505 1031 2534 :cur
1049 2504 1140 2533 non
1155 2488 1288 2546 igitur
1311 2490 1443 2546 Apos-

55 2567 169 2612 tolus
193 2581 267 2626 per
289 2565 400 2612 duos
421 2566 482 2612 ait
510 2565 708 2610 transisse
740 2570 967 2622 peccatum
988 2581 999 2617 ·,
1030 2559 1150 2619 quod
1171 2566 1215 2603 et
1236 2557 1292 2601 ad
1314 2556 1446 2601 fidem
1469 2558 1476 2564 ”

219 2648 367 2679 cxmu.
1234 2628 1286 2668 23
