1821 3264
424 236 477 261 οε
509 236 623 262 nono
656 235 1023 264 FERSEVERANTIAE.
1335 227 1416 266 163

0 311 1 320 ¹
36 309 230 346 catorum
264 298 580 344 damnabilium
610 298 898 345 delectatione
930 303 1233 358 remoramini,
1266 318 1420 363 appre-

36 368 214 416 hendite
237 369 565 414 saluberrimam
589 368 860 429 disciplinam
888 391 896 415 z
921 372 1040 431 quod
1064 381 1205 416 tamen
1231 389 1330 418 cum
1352 372 1419 419 fe-

36 440 190 494 ceritis,
216 439 350 484 nolite
371 438 517 484 extolli
532 439 653 499 quasi
670 438 724 482 de
742 441 946 498 operibus
963 442 1133 497 vestris,
1155 453 1229 487 aut
1245 443 1420 502 gloriari

37 510 158 571 quasi
180 510 263 553 hoc
291 526 377 554 non
405 509 652 568 acceperitis
674 528 682 554 ε
709 528 727 551 «
755 513 868 554 Deus
892 521 954 555 est
979 512 1094 555 enim
1118 514 1193 572 qui
1216 523 1420 572 operatur

41 598 62 623 »
85 580 130 623 in
151 579 274 623 vobis
292 588 334 623 et
353 578 463 623 velle
485 588 528 622 et
544 579 712 638 operari
735 595 813 638 pro
838 580 950 624 bona
970 580 1195 626 voluntate
1212 584 1224 608 ¹
1252 602 1259 626 :
1289 602 1308 623 η
1335 592 1376 627 et
1401 600 1423 627 a

39 650 222 695 Domino
248 665 415 708 gressus
437 650 563 693 vestri
589 649 854 708 diriguntur,
887 660 935 694 ut
963 652 1053 710 ejus
1076 651 1189 695 viam
1213 651 1352 696 velitis
1376 656 1393 679 ²
1415 672 1423 698 z

39 719 94 764 de
116 720 209 779 ipso
237 729 383 764 autem
407 735 535 764 cursu
558 728 703 764 vestro
729 722 844 765 bono
868 729 1074 781 rectoque
1094 721 1330 766 condiscite
1353 739 1428 768 vos

39 789 94 834 ad
118 789 536 846 praedestinationem
561 788 718 832 divinae
742 790 889 847 gratiae
912 790 1145 849 pertinere.

98 862 189 904 Lx,
227 863 336 903 Item
355 859 473 919 quod
498 859 708 919 sequitur,
731 869 773 903 et
796 860 955 904 dicitur
978 881 985 905 :
1013 880 1032 903 «
1058 864 1371 906 Verumtamen
1395 863 1428 906 si

39 930 134 990 quis
158 930 257 974 estis
281 929 477 974 nondum
501 930 658 985 vocati,
690 946 799 990 quos
831 932 963 989 gratia
994 947 1067 975 sua
1094 931 1428 991 praedestinave-

41 1001 94 1045 rit
126 1000 372 1060 eligendos,
412 1001 630 1060 accipietis
658 1001 855 1045 eamdem
885 1003 1081 1061 gratiam,
1107 1019 1192 1062 qua
1221 1003 1360 1046 velitis
1390 1012 1432 1047 et

41 1070 130 1115 sitis
158 1071 282 1115 electi
309 1090 317 1115 :
347 1090 366 1112 »
388 1070 539 1115 durius
567 1072 727 1115 dicitur
747 1088 879 1132 quam
909 1073 993 1116 dici
1017 1082 1173 1131 potest,
1195 1073 1226 1116 si
1247 1089 1326 1117 nos
1344 1089 1432 1117 non

42 1141 313 1201 quibuslibet
329 1142 579 1186 hominibus
596 1142 738 1202 loqui,
759 1142 833 1185 sed
857 1143 1013 1187 Christi
1043 1142 1247 1187 Ecclesiae
1271 1144 1436 1202 cogiteae

43 1226 154 1255 mus.
181 1214 269 1257 Cur
291 1213 402 1256 enim
427 1229 513 1256 non
538 1213 682 1272 potius
705 1213 762 1256 ita
784 1212 942 1257 dicitur
961 1215 1077 1257 :Etsi
1099 1215 1175 1273 qui
1198 1224 1301 1257 sunt
1325 1229 1437 1258 non-

44 1280 149 1326 dum
175 1283 314 1326 vocati
335 1317 345 1337 ,
370 1298 450 1341 pro
475 1283 533 1326 eis
556 1292 602 1325 ut
633 1291 843 1326 vocentur
864 1285 1066 1326 oremus?
1091 1285 1296 1328 Fortassis
1320 1284 1434 1327 enim

45 1351 104 1395 sic
125 1351 418 1410 praedestinati
437 1362 553 1406 sunt,
581 1362 629 1396 ut
651 1354 806 1396 nostris
828 1353 1096 1397 orationibus
1118 1354 1435 1407 concedantur,

45 1430 88 1465 et
115 1422 328 1481 accipiant
359 1421 556 1466 eamdem
585 1422 782 1480 gratiam,
810 1438 896 1482 qua
923 1421 1058 1465 velint
1083 1432 1214 1482 atque
1243 1424 1442 1466 effician-

47 1502 119 1537 tur
135 1492 276 1537 electi.
299 1496 414 1537 Deus
438 1494 552 1536 enim
572 1493 647 1552 qui
666 1493 807 1536 omnia
827 1509 926 1552 quae
945 1493 1266 1551 praedestinavit
1282 1493 1439 1552 imple-

48 1563 136 1618 vit,
166 1562 266 1608 ideo
294 1573 337 1608 et
368 1579 446 1623 pro
474 1563 656 1607 inimicis
686 1562 788 1607 fidei
812 1578 935 1607 orare
963 1578 1041 1607 nos
1071 1562 1230 1617 voluit,
1262 1571 1312 1606 ut
1341 1564 1441 1607 hinc

48 1633 403 1693 intelligeremus,
434 1634 555 1694 quod
576 1635 667 1694 ipse
689 1635 817 1678 etiam
843 1632 1094 1677 infidelibus
1115 1633 1250 1678 donet
1273 1643 1320 1677 ut
1344 1649 1442 1678 cre-

49 1703 170 1759 dant,
198 1714 242 1748 et
263 1705 456 1749 volentes
479 1721 529 1748 ex
548 1704 799 1749 nolentibus
819 1703 962 1748 faciat.

107 1776 221 1818 LXI.
261 1778 355 1819 Jarn
395 1792 498 1820 vero
535 1775 653 1835 quod
689 1774 774 1818 illis
806 1774 949 1818 verbis
981 1775 1271 1829 connectitur,
1309 1776 1442 1819 miror

50 1844 83 1888 si
108 1843 199 1888 ullo
226 1845 358 1889 modo
386 1855 528 1905 potest
550 1846 594 1888 in
621 1844 783 1904 populo
807 1844 1042 1888 christiano
1066 1845 1295 1904 quisquam
1320 1843 1444 1887 infir-

51 1929 147 1959 mus
169 1916 381 1974 patienter
402 1915 568 1970 audire,
595 1930 696 1959 cum
719 1914 877 1958 dicitur
899 1914 956 1957 eis
976 1932 984 1957 :
1011 1934 1024 1953 α
1054 1916 1110 1957 Et
1132 1914 1166 1957 si
1188 1914 1264 1973 qui
1288 1914 1444 1958 obedi-

51 1987 103 2030 tis
125 2021 136 2042 ,
167 1987 200 2031 si
231 1986 524 2046 praedestinati
555 1987 654 2031 estis
692 1985 943 2046 rejiciendi,
984 1984 1298 2028 subtrahentur
1335 1986 1442 2029 obe-

52 2055 201 2101 diendi
240 2057 372 2113 vires,
417 2067 465 2101 ut
505 2057 681 2102 obedire
718 2056 905 2100 cessetis.
948 2073 968 2096 »
1008 2057 1100 2098 Hoc
1128 2056 1243 2098 enim
1271 2055 1440 2111 dicere,

26 2166 28 2169 ,
53 2127 159 2188 quid
181 2126 352 2172 videtur
375 2127 493 2172 aliud
518 2144 629 2182 esse,
649 2143 782 2187 quam
806 2125 1081 2180 maledicere,
1108 2135 1183 2169 aut
1205 2126 1317 2170 mala
1339 2143 1441 2186 quo-

53 2197 154 2241 dam
183 2198 314 2242 modo
338 2199 627 2258 prophetare?
657 2197 739 2241 Sed
762 2197 795 2240 si
817 2205 861 2240 et
883 2196 937 2239 de
959 2194 1009 2239 iis
1033 2196 1107 2255 qui
1132 2211 1220 2239 non
1245 2212 1445 2255 perseve-

55 2277 167 2322 rant,
191 2268 358 2329 aliquid
375 2269 516 2328 placet
534 2268 678 2312 dice1e
696 2302 707 2322 ,
728 2265 796 2310 vel
816 2281 986 2310 necesse
1004 2275 1082 2320 est,
1102 2281 1180 2310 cur
1195 2281 1284 2310 non
1301 2267 1447 2325 potius

55 2339 112 2382 ita
147 2338 301 2383 saltem
331 2340 506 2394 dicitur,
536 2349 585 2383 ut
614 2337 745 2398 paulo
774 2346 874 2381 ante
900 2353 921 2380 a
951 2352 1020 2380 me
1051 2337 1217 2380 dictum
1243 2346 1336 2382 est:
1361 2338 1448 2396 pri·

56 2424 174 2453 mum
191 2445 201 2465 ,
225 2421 274 2454 ut
296 2426 383 2454 non
405 2410 460 2454 de
483 2411 600 2470 ipsis,
627 2409 703 2469 qui
729 2409 772 2452 in
798 2406 961 2468 populo
985 2407 1199 2460 audiunt,
1225 2407 1307 2451 hoc
1330 2407 1448 2451 dica-

59 2488 151 2534 tur,
171 2481 248 2524 sed
270 2480 325 2524 de
345 2480 436 2525 aliis
454 2480 510 2525 ad
527 2481 641 2539 ipsos
663 2500 674 2537 3
692 2478 736 2523 id
755 2487 817 2522 est
833 2513 844 2532 ,
864 2487 913 2521 ut
930 2493 1018 2522 non
1034 2477 1204 2521 dicatur
1226 2495 1234 2520 :
1260 2496 1280 2518 «
1308 2478 1350 2521 Si
1373 2477 1451 2537 qui

112 2571 119 2586 ¹
151 2564 262 2607 Philip.
284 2576 308 2603 1,
331 2564 381 2596 13.
398 2580 435 2587 —-
454 2572 463 2586 ⁷
486 2563 552 2596 Psal
585 2574 692 2602 xxxvi,
711 2563 765 2595 93.

1199 2617 1260 2653 11.
