<?xml version="1.0" encoding="UTF-8"?>
<!DOCTYPE html PUBLIC "-//W3C//DTD XHTML 1.0 Transitional//EN"
    "http://www.w3.org/TR/xhtml1/DTD/xhtml1-transitional.dtd">
<html xmlns="http://www.w3.org/1999/xhtml" xml:lang="en" lang="en">
 <head>
  <title>
</title>
<meta http-equiv="Content-Type" content="text/html;charset=utf-8" />
  <meta name='ocr-system' content='tesseract 3.04.00' />
  <meta name='ocr-capabilities' content='ocr_page ocr_carea ocr_par ocr_line ocrx_word'/>
</head>
<body>
  <div class='ocr_page' id='page_1' title='image "./operaomniaaccura36auguuoft/operaomniaaccura36auguuoft_0074.png"; bbox 0 0 1884 3285; ppageno 0'>
   <div class='ocr_carea' id='block_1_1' title="bbox 438 229 1384 267">
    <p class='ocr_par' dir='ltr' id='par_1_1' title="bbox 438 229 1384 267">
     <span class='ocr_line' id='line_1_1' title="bbox 438 229 1384 267; baseline -0.011 0"><span class='ocrx_word' id='word_1_1' title='bbox 438 229 491 267; x_wconf 82' lang='lat'>46</span> <span class='ocrx_word' id='word_1_2' title='bbox 872 233 905 260; x_wconf 84' lang='lat' dir='ltr'>s.</span> <span class='ocrx_word' id='word_1_3' title='bbox 941 230 1172 260; x_wconf 66' lang='lat' dir='ltr'>Auens‘ruu</span> <span class='ocrx_word' id='word_1_4' title='bbox 1206 231 1384 258; x_wconf 74' lang='lat' dir='ltr'>zmscom</span> 
     </span>
    </p>
   </div>
   <div class='ocr_carea' id='block_1_2' title="bbox 1848 0 1884 3285">
    <p class='ocr_par' dir='ltr' id='par_1_2' title="bbox 1848 0 1884 3285">
     <span class='ocr_line' id='line_1_2' title="bbox 1848 0 1884 3285; baseline 0 -2892"><span class='ocrx_word' id='word_1_5' title='bbox 1848 0 1884 3285; x_wconf 95' lang='lat' dir='ltr'>   </span> 
     </span>
    </p>
   </div>
   <div class='ocr_carea' id='block_1_3' title="bbox 423 285 1876 2403">
    <p class='ocr_par' dir='ltr' id='par_1_3' title="bbox 426 285 1868 1136">
     <span class='ocr_line' id='line_1_3' title="bbox 434 285 1857 360; baseline -0.006 -14"><span class='ocrx_word' id='word_1_6' title='bbox 434 318 521 347; x_wconf 91' lang='lat' dir='ltr'>non</span> <span class='ocrx_word' id='word_1_7' title='bbox 544 301 744 360; x_wconf 85' lang='lat' dir='ltr'>pertinet,</span> <span class='ocrx_word' id='word_1_8' title='bbox 764 298 819 342; x_wconf 90' lang='lat' dir='ltr'>sit</span> <span class='ocrx_word' id='word_1_9' title='bbox 832 297 871 341; x_wconf 90' lang='lat' dir='ltr'>ei</span> <span class='ocrx_word' id='word_1_10' title='bbox 884 285 1099 356; x_wconf 78' lang='lat' dir='ltr'>correptio</span> <span class='ocrx_word' id='word_1_11' title='bbox 1116 293 1289 354; x_wconf 87' lang='lat' dir='ltr'>poenale</span> <span class='ocrx_word' id='word_1_12' title='bbox 1309 300 1591 338; x_wconf 89' lang='lat' dir='ltr'>tormentum.</span> <span class='ocrx_word' id='word_1_13' title='bbox 1620 293 1711 337; x_wconf 92' lang='lat' dir='ltr'>Sub</span> <span class='ocrx_word' id='word_1_14' title='bbox 1731 292 1822 346; x_wconf 70' lang='lat' dir='ltr'>isto,</span> <span class='ocrx_word' id='word_1_15' title='bbox 1856 291 1857 316; x_wconf 71' lang='lat'><em>³</em></span> 
     </span>
     <span class='ocr_line' id='line_1_4' title="bbox 433 363 1859 430; baseline -0.009 -13"><span class='ocrx_word' id='word_1_16' title='bbox 433 387 532 430; x_wconf 89' lang='lat' dir='ltr'>ergo</span> <span class='ocrx_word' id='word_1_17' title='bbox 550 372 712 415; x_wconf 85' lang='lat' dir='ltr'>incerto</span> <span class='ocrx_word' id='word_1_18' title='bbox 731 385 781 413; x_wconf 80' lang='lat' dir='ltr'>ex</span> <span class='ocrx_word' id='word_1_19' title='bbox 797 369 1006 414; x_wconf 79' lang='lat' dir='ltr'>charitate</span> <span class='ocrx_word' id='word_1_20' title='bbox 1026 365 1272 410; x_wconf 85' lang='lat' dir='ltr'>adhibenda</span> <span class='ocrx_word' id='word_1_21' title='bbox 1290 374 1354 409; x_wconf 88' lang='lat' dir='ltr'>est</span> <span class='ocrx_word' id='word_1_22' title='bbox 1370 399 1382 416; x_wconf 82' lang='lat'>,</span> <span class='ocrx_word' id='word_1_23' title='bbox 1397 364 1519 423; x_wconf 85' lang='lat' dir='ltr'>cujus</span> <span class='ocrx_word' id='word_1_24' title='bbox 1534 363 1670 407; x_wconf 79' lang='lat' dir='ltr'>exitus</span> <span class='ocrx_word' id='word_1_25' title='bbox 1688 364 1824 421; x_wconf 39' lang='lat' dir='ltr'>igno&lt;</span> <span class='ocrx_word' id='word_1_26' title='bbox 1856 380 1859 404; x_wconf 80' lang='lat' dir='ltr'>s</span> 
     </span>
     <span class='ocr_line' id='line_1_5' title="bbox 432 430 1860 499; baseline -0.006 -13"><span class='ocrx_word' id='word_1_27' title='bbox 432 451 576 497; x_wconf 82' lang='lat' dir='ltr'>ratur3</span> <span class='ocrx_word' id='word_1_28' title='bbox 598 449 641 484; x_wconf 92' lang='lat' dir='ltr'>et</span> <span class='ocrx_word' id='word_1_29' title='bbox 662 455 738 499; x_wconf 90' lang='lat' dir='ltr'>pro</span> <span class='ocrx_word' id='word_1_30' title='bbox 763 439 838 484; x_wconf 89' lang='lat' dir='ltr'>illo</span> <span class='ocrx_word' id='word_1_31' title='bbox 859 439 930 483; x_wconf 91' lang='lat' dir='ltr'>cui</span> <span class='ocrx_word' id='word_1_32' title='bbox 951 437 1199 490; x_wconf 75' lang='lat' dir='ltr'>adhibetur,</span> <span class='ocrx_word' id='word_1_33' title='bbox 1229 434 1441 480; x_wconf 88' lang='lat' dir='ltr'>orandum</span> <span class='ocrx_word' id='word_1_34' title='bbox 1465 443 1528 478; x_wconf 87' lang='lat' dir='ltr'>est</span> <span class='ocrx_word' id='word_1_35' title='bbox 1548 443 1597 478; x_wconf 90' lang='lat' dir='ltr'>ut</span> <span class='ocrx_word' id='word_1_36' title='bbox 1618 442 1810 478; x_wconf 88' lang='lat' dir='ltr'>sanetur.</span> <span class='ocrx_word' id='word_1_37' title='bbox 1858 430 1860 482; x_wconf 65' lang='lat' dir='ltr'>i</span> 
     </span>
     <span class='ocr_line' id='line_1_6' title="bbox 430 503 1820 567; baseline -0.006 -10"><span class='ocrx_word' id='word_1_38' title='bbox 430 514 539 558; x_wconf 91' lang='lat' dir='ltr'>Cum</span> <span class='ocrx_word' id='word_1_39' title='bbox 574 521 718 556; x_wconf 85' lang='lat' dir='ltr'>autem</span> <span class='ocrx_word' id='word_1_40' title='bbox 746 510 942 554; x_wconf 89' lang='lat' dir='ltr'>homines</span> <span class='ocrx_word' id='word_1_41' title='bbox 974 523 1049 567; x_wconf 88' lang='lat' dir='ltr'>per</span> <span class='ocrx_word' id='word_1_42' title='bbox 1077 506 1396 565; x_wconf 89' lang='lat' dir='ltr'>correptionem</span> <span class='ocrx_word' id='word_1_43' title='bbox 1424 506 1468 548; x_wconf 90' lang='lat' dir='ltr'>in</span> <span class='ocrx_word' id='word_1_44' title='bbox 1496 505 1611 548; x_wconf 87' lang='lat' dir='ltr'>viam</span> <span class='ocrx_word' id='word_1_45' title='bbox 1635 503 1820 563; x_wconf 77' lang='lat' dir='ltr'>justitiae</span> 
     </span>
     <span class='ocr_line' id='line_1_7' title="bbox 431 574 1861 637; baseline -0.007 -9"><span class='ocrx_word' id='word_1_46' title='bbox 431 599 507 628; x_wconf 91' lang='lat' dir='ltr'>seu</span> <span class='ocrx_word' id='word_1_47' title='bbox 534 584 714 628; x_wconf 88' lang='lat' dir='ltr'>veniunt</span> <span class='ocrx_word' id='word_1_48' title='bbox 745 597 820 626; x_wconf 89' lang='lat' dir='ltr'>seu</span> <span class='ocrx_word' id='word_1_49' title='bbox 850 587 1144 633; x_wconf 87' lang='lat' dir='ltr'>revertuntur,</span> <span class='ocrx_word' id='word_1_50' title='bbox 1175 578 1272 637; x_wconf 89' lang='lat' dir='ltr'>quis</span> <span class='ocrx_word' id='word_1_51' title='bbox 1303 585 1505 636; x_wconf 85' lang='lat' dir='ltr'>operatur</span> <span class='ocrx_word' id='word_1_52' title='bbox 1536 576 1582 619; x_wconf 89' lang='lat' dir='ltr'>in</span> <span class='ocrx_word' id='word_1_53' title='bbox 1609 574 1820 620; x_wconf 84' lang='lat' dir='ltr'>cordibus</span> <span class='ocrx_word' id='word_1_54' title='bbox 1859 579 1861 630; x_wconf 57' lang='lat' dir='ltr'>j</span> 
     </span>
     <span class='ocr_line' id='line_1_8' title="bbox 430 634 1862 708; baseline -0.005 -10"><span class='ocrx_word' id='word_1_55' title='bbox 430 669 579 699; x_wconf 88' lang='lat' dir='ltr'>eorum</span> <span class='ocrx_word' id='word_1_56' title='bbox 607 651 805 704; x_wconf 84' lang='lat' dir='ltr'>salutem,</span> <span class='ocrx_word' id='word_1_57' title='bbox 831 650 911 694; x_wconf 88' lang='lat' dir='ltr'>nisi</span> <span class='ocrx_word' id='word_1_58' title='bbox 938 649 1009 693; x_wconf 87' lang='lat' dir='ltr'>ille</span> <span class='ocrx_word' id='word_1_59' title='bbox 1030 649 1103 708; x_wconf 92' lang='lat' dir='ltr'>qui</span> <span class='ocrx_word' id='word_1_60' title='bbox 1127 647 1323 708; x_wconf 85' lang='lat' dir='ltr'>quolibet</span> <span class='ocrx_word' id='word_1_61' title='bbox 1348 647 1572 705; x_wconf 82' lang='lat' dir='ltr'>plantante</span> <span class='ocrx_word' id='word_1_62' title='bbox 1598 654 1729 705; x_wconf 86' lang='lat' dir='ltr'>atque</span> <span class='ocrx_word' id='word_1_63' title='bbox 1758 645 1818 689; x_wconf 92' lang='lat' dir='ltr'>ri-</span> <span class='ocrx_word' id='word_1_64' title='bbox 1859 634 1862 691; x_wconf 54' lang='lat' dir='ltr'>f</span> 
     </span>
     <span class='ocr_line' id='line_1_9' title="bbox 430 714 1863 783; baseline -0.006 -15"><span class='ocrx_word' id='word_1_65' title='bbox 430 734 583 783; x_wconf 85' lang='lat' dir='ltr'>gante‚</span> <span class='ocrx_word' id='word_1_66' title='bbox 618 733 660 766; x_wconf 93' lang='lat' dir='ltr'>et</span> <span class='ocrx_word' id='word_1_67' title='bbox 695 721 890 782; x_wconf 87' lang='lat' dir='ltr'>quolibet</span> <span class='ocrx_word' id='word_1_68' title='bbox 926 721 971 763; x_wconf 93' lang='lat' dir='ltr'>in</span> <span class='ocrx_word' id='word_1_69' title='bbox 1009 720 1118 778; x_wconf 82' lang='lat' dir='ltr'>agris</span> <span class='ocrx_word' id='word_1_70' title='bbox 1154 718 1222 763; x_wconf 90' lang='lat' dir='ltr'>vel</span> <span class='ocrx_word' id='word_1_71' title='bbox 1249 717 1480 763; x_wconf 81' lang='lat' dir='ltr'>arbustulis</span> <span class='ocrx_word' id='word_1_72' title='bbox 1507 725 1714 776; x_wconf 85' lang='lat' dir='ltr'>operante</span> <span class='ocrx_word' id='word_1_73' title='bbox 1741 714 1826 763; x_wconf 82' lang='lat' dir='ltr'>dat.</span> <span class='ocrx_word' id='word_1_74' title='bbox 1858 716 1863 739; x_wconf 59' lang='lat'>*³</span> 
     </span>
     <span class='ocr_line' id='line_1_10' title="bbox 427 775 1863 850; baseline -0.005 -14"><span class='ocrx_word' id='word_1_75' title='bbox 427 795 744 838; x_wconf 89' lang='lat' dir='ltr'>incrementum</span> <span class='ocrx_word' id='word_1_76' title='bbox 765 796 877 836; x_wconf 88' lang='lat' dir='ltr'>Deus</span> <span class='ocrx_word' id='word_1_77' title='bbox 893 812 904 848; x_wconf 79' lang='lat'>3</span> <span class='ocrx_word' id='word_1_78' title='bbox 921 791 998 850; x_wconf 85' lang='lat' dir='ltr'>qui</span> <span class='ocrx_word' id='word_1_79' title='bbox 1011 789 1175 835; x_wconf 79' lang='lat' dir='ltr'>volenti</span> <span class='ocrx_word' id='word_1_80' title='bbox 1193 789 1359 833; x_wconf 85' lang='lat' dir='ltr'>salvum</span> <span class='ocrx_word' id='word_1_81' title='bbox 1383 786 1524 832; x_wconf 80' lang='lat' dir='ltr'>facere</span> <span class='ocrx_word' id='word_1_82' title='bbox 1543 786 1715 831; x_wconf 89' lang='lat' dir='ltr'>nullum</span> <span class='ocrx_word' id='word_1_83' title='bbox 1734 786 1817 830; x_wconf 88' lang='lat' dir='ltr'>ho·</span> <span class='ocrx_word' id='word_1_84' title='bbox 1859 775 1863 794; x_wconf 57' lang='grc'>“’</span> 
     </span>
     <span class='ocr_line' id='line_1_11' title="bbox 427 857 1865 910; baseline -0.006 -2"><span class='ocrx_word' id='word_1_85' title='bbox 427 864 594 908; x_wconf 89' lang='lat' dir='ltr'>minum</span> <span class='ocrx_word' id='word_1_86' title='bbox 617 863 772 908; x_wconf 84' lang='lat' dir='ltr'>restitit</span> <span class='ocrx_word' id='word_1_87' title='bbox 794 862 1046 906; x_wconf 82' lang='lat' dir='ltr'>arbitrium?</span> <span class='ocrx_word' id='word_1_88' title='bbox 1072 861 1140 905; x_wconf 89' lang='lat' dir='ltr'>Sic</span> <span class='ocrx_word' id='word_1_89' title='bbox 1164 861 1279 904; x_wconf 88' lang='lat' dir='ltr'>enim</span> <span class='ocrx_word' id='word_1_90' title='bbox 1302 858 1414 903; x_wconf 90' lang='lat' dir='ltr'>velle</span> <span class='ocrx_word' id='word_1_91' title='bbox 1437 874 1514 902; x_wconf 90' lang='lat' dir='ltr'>seu</span> <span class='ocrx_word' id='word_1_92' title='bbox 1538 857 1655 902; x_wconf 89' lang='lat' dir='ltr'>nolle</span> <span class='ocrx_word' id='word_1_93' title='bbox 1680 857 1726 900; x_wconf 88' lang='lat' dir='ltr'>in</span> <span class='ocrx_word' id='word_1_94' title='bbox 1745 871 1818 901; x_wconf 91' lang='lat' dir='ltr'>vo·</span> <span class='ocrx_word' id='word_1_95' title='bbox 1862 875 1865 910; x_wconf 68' lang='grc' dir='ltr'>ζ</span> 
     </span>
     <span class='ocr_line' id='line_1_12' title="bbox 426 927 1818 990; baseline -0.006 -12"><span class='ocrx_word' id='word_1_96' title='bbox 426 934 552 978; x_wconf 89' lang='lat' dir='ltr'>lentis</span> <span class='ocrx_word' id='word_1_97' title='bbox 580 943 656 978; x_wconf 87' lang='lat' dir='ltr'>aut</span> <span class='ocrx_word' id='word_1_98' title='bbox 683 932 868 977; x_wconf 86' lang='lat' dir='ltr'>nolentis</span> <span class='ocrx_word' id='word_1_99' title='bbox 893 942 957 976; x_wconf 90' lang='lat' dir='ltr'>est</span> <span class='ocrx_word' id='word_1_100' title='bbox 985 940 1196 990; x_wconf 85' lang='lat' dir='ltr'>potestate</span> <span class='ocrx_word' id='word_1_101' title='bbox 1213 965 1225 985; x_wconf 87' lang='lat'>,</span> <span class='ocrx_word' id='word_1_102' title='bbox 1254 940 1303 973; x_wconf 92' lang='lat' dir='ltr'>ut</span> <span class='ocrx_word' id='word_1_103' title='bbox 1328 929 1518 973; x_wconf 87' lang='lat' dir='ltr'>divinam</span> <span class='ocrx_word' id='word_1_104' title='bbox 1545 927 1818 972; x_wconf 83' lang='lat' dir='ltr'>voluntatem</span> 
     </span>
     <span class='ocr_line' id='line_1_13' title="bbox 429 997 1818 1063; baseline -0.006 -14"><span class='ocrx_word' id='word_1_105' title='bbox 429 1020 516 1050; x_wconf 91' lang='lat' dir='ltr'>non</span> <span class='ocrx_word' id='word_1_106' title='bbox 537 1004 769 1063; x_wconf 88' lang='lat' dir='ltr'>impediat,</span> <span class='ocrx_word' id='word_1_107' title='bbox 790 1019 869 1047; x_wconf 90' lang='lat' dir='ltr'>nec</span> <span class='ocrx_word' id='word_1_108' title='bbox 885 1012 1058 1062; x_wconf 88' lang='lat' dir='ltr'>superet</span> <span class='ocrx_word' id='word_1_109' title='bbox 1078 1010 1350 1061; x_wconf 86' lang='lat' dir='ltr'>potestatem.</span> <span class='ocrx_word' id='word_1_110' title='bbox 1373 1000 1515 1044; x_wconf 88' lang='lat' dir='ltr'>Etiam</span> <span class='ocrx_word' id='word_1_111' title='bbox 1535 999 1590 1042; x_wconf 90' lang='lat' dir='ltr'>de</span> <span class='ocrx_word' id='word_1_112' title='bbox 1612 997 1677 1043; x_wconf 85' lang='lat' dir='ltr'>his</span> <span class='ocrx_word' id='word_1_113' title='bbox 1699 997 1818 1042; x_wconf 86' lang='lat' dir='ltr'>enim</span> 
     </span>
     <span class='ocr_line' id='line_1_14' title="bbox 428 1060 1867 1136; baseline -0.006 -16"><span class='ocrx_word' id='word_1_114' title='bbox 428 1076 502 1136; x_wconf 89' lang='lat' dir='ltr'>qui</span> <span class='ocrx_word' id='word_1_115' title='bbox 524 1075 686 1120; x_wconf 88' lang='lat' dir='ltr'>faciunt</span> <span class='ocrx_word' id='word_1_116' title='bbox 709 1091 808 1134; x_wconf 83' lang='lat' dir='ltr'>quae</span> <span class='ocrx_word' id='word_1_117' title='bbox 831 1090 919 1118; x_wconf 90' lang='lat' dir='ltr'>non</span> <span class='ocrx_word' id='word_1_118' title='bbox 941 1074 1052 1127; x_wconf 88' lang='lat' dir='ltr'>vult,</span> <span class='ocrx_word' id='word_1_119' title='bbox 1076 1073 1177 1117; x_wconf 87' lang='lat' dir='ltr'>facit</span> <span class='ocrx_word' id='word_1_120' title='bbox 1199 1074 1288 1132; x_wconf 88' lang='lat' dir='ltr'>ipse</span> <span class='ocrx_word' id='word_1_121' title='bbox 1313 1087 1411 1131; x_wconf 82' lang='lat' dir='ltr'>quae</span> <span class='ocrx_word' id='word_1_122' title='bbox 1436 1069 1547 1114; x_wconf 82' lang='lat' dir='ltr'>vult.</span> <span class='ocrx_word' id='word_1_123' title='bbox 1864 1060 1867 1070; x_wconf 46' lang='lat'>&#39;⁴</span> 
     </span>
    </p>

    <p class='ocr_par' dir='ltr' id='par_1_4' title="bbox 423 1133 1876 2185">
     <span class='ocr_line' id='line_1_15' title="bbox 486 1133 1867 1205; baseline -0.007 -15"><span class='ocrx_word' id='word_1_124' title='bbox 486 1148 641 1190; x_wconf 84' lang='lat' dir='ltr'>XLIV.</span> <span class='ocrx_word' id='word_1_125' title='bbox 668 1149 722 1190; x_wconf 90' lang='lat' dir='ltr'>Et</span> <span class='ocrx_word' id='word_1_126' title='bbox 743 1133 862 1205; x_wconf 75' lang='lat' dir='ltr'>quod</span> <span class='ocrx_word' id='word_1_127' title='bbox 880 1145 1087 1203; x_wconf 87' lang='lat' dir='ltr'>scriptum</span> <span class='ocrx_word' id='word_1_128' title='bbox 1108 1152 1188 1198; x_wconf 84' lang='lat' dir='ltr'>est,</span> <span class='ocrx_word' id='word_1_129' title='bbox 1209 1144 1329 1202; x_wconf 88' lang='lat' dir='ltr'>quod</span> <span class='ocrx_word' id='word_1_130' title='bbox 1351 1162 1370 1183; x_wconf 76' lang='grc' dir='ltr'>«ι</span> <span class='ocrx_word' id='word_1_131' title='bbox 1391 1141 1486 1185; x_wconf 88' lang='lat' dir='ltr'>vult</span> <span class='ocrx_word' id='word_1_132' title='bbox 1503 1154 1653 1184; x_wconf 89' lang='lat' dir='ltr'>omnes</span> <span class='ocrx_word' id='word_1_133' title='bbox 1670 1138 1816 1182; x_wconf 88' lang='lat' dir='ltr'>homi·</span> <span class='ocrx_word' id='word_1_134' title='bbox 1865 1168 1867 1171; x_wconf 83' lang='lat'><em>.</em></span> 
     </span>
     <span class='ocr_line' id='line_1_16' title="bbox 432 1208 1869 1274; baseline -0.006 -13"><span class='ocrx_word' id='word_1_135' title='bbox 432 1236 449 1255; x_wconf 80' lang='lat'>»</span> <span class='ocrx_word' id='word_1_136' title='bbox 474 1232 549 1260; x_wconf 88' lang='lat' dir='ltr'>nes</span> <span class='ocrx_word' id='word_1_137' title='bbox 569 1216 707 1269; x_wconf 83' lang='lat' dir='ltr'>salvos</span> <span class='ocrx_word' id='word_1_138' title='bbox 729 1216 822 1258; x_wconf 88' lang='lat' dir='ltr'>fieri</span> <span class='ocrx_word' id='word_1_139' title='bbox 841 1219 872 1269; x_wconf 86' lang='lat'>¹,</span> <span class='ocrx_word' id='word_1_140' title='bbox 895 1233 915 1255; x_wconf 85' lang='lat'>»</span> <span class='ocrx_word' id='word_1_141' title='bbox 941 1230 1022 1258; x_wconf 90' lang='lat' dir='ltr'>nec</span> <span class='ocrx_word' id='word_1_142' title='bbox 1045 1223 1190 1257; x_wconf 89' lang='lat' dir='ltr'>tamen</span> <span class='ocrx_word' id='word_1_143' title='bbox 1213 1227 1363 1256; x_wconf 88' lang='lat' dir='ltr'>omnes</span> <span class='ocrx_word' id='word_1_144' title='bbox 1384 1210 1490 1255; x_wconf 89' lang='lat' dir='ltr'>salvi</span> <span class='ocrx_word' id='word_1_145' title='bbox 1513 1211 1640 1264; x_wconf 87' lang='lat' dir='ltr'>fiunt,</span> <span class='ocrx_word' id='word_1_146' title='bbox 1667 1208 1817 1253; x_wconf 88' lang='lat' dir='ltr'>multis</span> <span class='ocrx_word' id='word_1_147' title='bbox 1865 1220 1869 1274; x_wconf 64' lang='lat' dir='ltr'><strong>j</strong></span> 
     </span>
     <span class='ocr_line' id='line_1_17' title="bbox 426 1279 1870 1346; baseline -0.005 -15"><span class='ocrx_word' id='word_1_148' title='bbox 426 1286 603 1346; x_wconf 90' lang='lat' dir='ltr'>quidem</span> <span class='ocrx_word' id='word_1_149' title='bbox 625 1285 762 1330; x_wconf 90' lang='lat' dir='ltr'>modis</span> <span class='ocrx_word' id='word_1_150' title='bbox 783 1285 965 1343; x_wconf 86' lang='lat' dir='ltr'>intelligi</span> <span class='ocrx_word' id='word_1_151' title='bbox 990 1293 1145 1344; x_wconf 87' lang='lat' dir='ltr'>potest,</span> <span class='ocrx_word' id='word_1_152' title='bbox 1163 1300 1214 1327; x_wconf 78' lang='lat' dir='ltr'>ex</span> <span class='ocrx_word' id='word_1_153' title='bbox 1231 1283 1392 1343; x_wconf 85' lang='lat' dir='ltr'>quibus</span> <span class='ocrx_word' id='word_1_154' title='bbox 1415 1283 1460 1326; x_wconf 88' lang='lat' dir='ltr'>in</span> <span class='ocrx_word' id='word_1_155' title='bbox 1482 1281 1574 1326; x_wconf 88' lang='lat' dir='ltr'>aliis</span> <span class='ocrx_word' id='word_1_156' title='bbox 1595 1279 1817 1340; x_wconf 89' lang='lat' dir='ltr'>opusculis</span> <span class='ocrx_word' id='word_1_157' title='bbox 1866 1283 1870 1328; x_wconf 70' lang='grc' dir='ltr'><em>ἓ</em></span> 
     </span>
     <span class='ocr_line' id='line_1_18' title="bbox 426 1343 1869 1416; baseline -0.003 -16"><span class='ocrx_word' id='word_1_158' title='bbox 426 1358 582 1401; x_wconf 90' lang='lat' dir='ltr'>nostris</span> <span class='ocrx_word' id='word_1_159' title='bbox 599 1357 766 1416; x_wconf 89' lang='lat' dir='ltr'>aliquos</span> <span class='ocrx_word' id='word_1_160' title='bbox 787 1355 1248 1400; x_wconf 54' lang='lat' dir='ltr'>commemoravimus-‚2</span> <span class='ocrx_word' id='word_1_161' title='bbox 1273 1374 1282 1399; x_wconf 73' lang='grc' dir='ltr'>ε</span> <span class='ocrx_word' id='word_1_162' title='bbox 1302 1354 1378 1398; x_wconf 88' lang='lat' dir='ltr'>sed</span> <span class='ocrx_word' id='word_1_163' title='bbox 1399 1354 1469 1398; x_wconf 91' lang='lat' dir='ltr'>hic</span> <span class='ocrx_word' id='word_1_164' title='bbox 1494 1368 1629 1397; x_wconf 87' lang='lat' dir='ltr'>unum</span> <span class='ocrx_word' id='word_1_165' title='bbox 1653 1351 1812 1397; x_wconf 83' lang='lat' dir='ltr'>dicam.</span> <span class='ocrx_word' id='word_1_166' title='bbox 1866 1343 1869 1377; x_wconf 61' lang='lat'>7</span> 
     </span>
     <span class='ocr_line' id='line_1_19' title="bbox 427 1420 1871 1476; baseline -0.003 -6"><span class='ocrx_word' id='word_1_167' title='bbox 427 1429 492 1470; x_wconf 86' lang='lat' dir='ltr'>Ita</span> <span class='ocrx_word' id='word_1_168' title='bbox 513 1426 678 1471; x_wconf 89' lang='lat' dir='ltr'>dictum</span> <span class='ocrx_word' id='word_1_169' title='bbox 700 1435 764 1470; x_wconf 86' lang='lat' dir='ltr'>est</span> <span class='ocrx_word' id='word_1_170' title='bbox 790 1445 798 1470; x_wconf 88' lang='lat'>:</span> <span class='ocrx_word' id='word_1_171' title='bbox 826 1446 847 1468; x_wconf 87' lang='lat'>«</span> <span class='ocrx_word' id='word_1_172' title='bbox 871 1428 1032 1469; x_wconf 86' lang='lat' dir='ltr'>Omnes</span> <span class='ocrx_word' id='word_1_173' title='bbox 1053 1425 1250 1469; x_wconf 91' lang='lat' dir='ltr'>homines</span> <span class='ocrx_word' id='word_1_174' title='bbox 1272 1424 1367 1468; x_wconf 86' lang='lat' dir='ltr'>vult</span> <span class='ocrx_word' id='word_1_175' title='bbox 1386 1423 1526 1468; x_wconf 83' lang='lat' dir='ltr'>salvos</span> <span class='ocrx_word' id='word_1_176' title='bbox 1547 1422 1655 1476; x_wconf 84' lang='lat' dir='ltr'>fieri,</span> <span class='ocrx_word' id='word_1_177' title='bbox 1678 1431 1727 1467; x_wconf 91' lang='lat' dir='ltr'>ut</span> <span class='ocrx_word' id='word_1_178' title='bbox 1746 1422 1829 1471; x_wconf 46' lang='lat' dir='ltr'>in·-¹</span> <span class='ocrx_word' id='word_1_179' title='bbox 1867 1420 1871 1474; x_wconf 72' lang='grc' dir='ltr'>ἶ</span> 
     </span>
     <span class='ocr_line' id='line_1_20' title="bbox 426 1492 1815 1555; baseline -0.003 -15"><span class='ocrx_word' id='word_1_180' title='bbox 426 1495 678 1555; x_wconf 83' lang='lat' dir='ltr'>telligantur</span> <span class='ocrx_word' id='word_1_181' title='bbox 704 1512 853 1541; x_wconf 85' lang='lat' dir='ltr'>omnes</span> <span class='ocrx_word' id='word_1_182' title='bbox 881 1495 1176 1555; x_wconf 69' lang='lat' dir='ltr'>praedestinati</span> <span class='ocrx_word' id='word_1_183' title='bbox 1198 1517 1208 1553; x_wconf 78' lang='lat'>3</span> <span class='ocrx_word' id='word_1_184' title='bbox 1234 1495 1336 1555; x_wconf 84' lang='lat' dir='ltr'>quia</span> <span class='ocrx_word' id='word_1_185' title='bbox 1359 1509 1488 1539; x_wconf 89' lang='lat' dir='ltr'>omne</span> <span class='ocrx_word' id='word_1_186' title='bbox 1512 1508 1647 1553; x_wconf 83' lang='lat' dir='ltr'>genus</span> <span class='ocrx_word' id='word_1_187' title='bbox 1669 1492 1815 1537; x_wconf 89' lang='lat' dir='ltr'>homi-</span> 
     </span>
     <span class='ocr_line' id='line_1_21' title="bbox 426 1562 1815 1612; baseline -0.003 0"><span class='ocrx_word' id='word_1_188' title='bbox 426 1583 534 1612; x_wconf 90' lang='lat' dir='ltr'>num</span> <span class='ocrx_word' id='word_1_189' title='bbox 565 1568 611 1611; x_wconf 89' lang='lat' dir='ltr'>in</span> <span class='ocrx_word' id='word_1_190' title='bbox 636 1568 694 1611; x_wconf 84' lang='lat' dir='ltr'>eis</span> <span class='ocrx_word' id='word_1_191' title='bbox 727 1576 805 1610; x_wconf 88' lang='lat' dir='ltr'>est.</span> <span class='ocrx_word' id='word_1_192' title='bbox 840 1568 960 1612; x_wconf 84' lang='lat' dir='ltr'>Sicut</span> <span class='ocrx_word' id='word_1_193' title='bbox 989 1567 1152 1610; x_wconf 88' lang='lat' dir='ltr'>dictum</span> <span class='ocrx_word' id='word_1_194' title='bbox 1184 1575 1245 1610; x_wconf 82' lang='lat' dir='ltr'>est</span> <span class='ocrx_word' id='word_1_195' title='bbox 1273 1565 1517 1610; x_wconf 68' lang='lat' dir='ltr'>pharisaeis:</span> <span class='ocrx_word' id='word_1_196' title='bbox 1537 1583 1557 1606; x_wconf 87' lang='lat'>«</span> <span class='ocrx_word' id='word_1_197' title='bbox 1587 1562 1815 1609; x_wconf 84' lang='lat' dir='ltr'>Decimatis</span> 
     </span>
     <span class='ocr_line' id='line_1_22' title="bbox 430 1633 1871 1696; baseline -0.001 -16"><span class='ocrx_word' id='word_1_198' title='bbox 430 1658 450 1680; x_wconf 91' lang='lat'>»</span> <span class='ocrx_word' id='word_1_199' title='bbox 476 1654 604 1684; x_wconf 86' lang='lat' dir='ltr'>omne</span> <span class='ocrx_word' id='word_1_200' title='bbox 621 1639 764 1683; x_wconf 70' lang='lat' dir='ltr'>olus32</span> <span class='ocrx_word' id='word_1_201' title='bbox 783 1660 798 1679; x_wconf 92' lang='lat'>»</span> <span class='ocrx_word' id='word_1_202' title='bbox 821 1639 898 1682; x_wconf 87' lang='lat' dir='ltr'>ubi</span> <span class='ocrx_word' id='word_1_203' title='bbox 915 1654 1004 1683; x_wconf 88' lang='lat' dir='ltr'>non</span> <span class='ocrx_word' id='word_1_204' title='bbox 1021 1648 1084 1682; x_wconf 86' lang='lat' dir='ltr'>est</span> <span class='ocrx_word' id='word_1_205' title='bbox 1101 1637 1430 1696; x_wconf 83' lang='lat' dir='ltr'>intelligendum</span> <span class='ocrx_word' id='word_1_206' title='bbox 1449 1637 1531 1681; x_wconf 91' lang='lat' dir='ltr'>nisi</span> <span class='ocrx_word' id='word_1_207' title='bbox 1549 1650 1678 1680; x_wconf 88' lang='lat' dir='ltr'>omne</span> <span class='ocrx_word' id='word_1_208' title='bbox 1694 1633 1817 1695; x_wconf 90' lang='lat' dir='ltr'>quod</span> <span class='ocrx_word' id='word_1_209' title='bbox 1870 1636 1871 1666; x_wconf 62' lang='lat' dir='ltr'>l</span> 
     </span>
     <span class='ocr_line' id='line_1_23' title="bbox 427 1703 1872 1768; baseline -0.002 -15"><span class='ocrx_word' id='word_1_210' title='bbox 427 1709 670 1766; x_wconf 81' lang='lat' dir='ltr'>habebant3</span> <span class='ocrx_word' id='word_1_211' title='bbox 692 1725 834 1768; x_wconf 87' lang='lat' dir='ltr'>neque</span> <span class='ocrx_word' id='word_1_212' title='bbox 849 1710 965 1753; x_wconf 90' lang='lat' dir='ltr'>enim</span> <span class='ocrx_word' id='word_1_213' title='bbox 990 1724 1118 1752; x_wconf 92' lang='lat' dir='ltr'>ornne</span> <span class='ocrx_word' id='word_1_214' title='bbox 1141 1708 1235 1752; x_wconf 86' lang='lat' dir='ltr'>olus</span> <span class='ocrx_word' id='word_1_215' title='bbox 1258 1707 1377 1767; x_wconf 86' lang='lat' dir='ltr'>quod</span> <span class='ocrx_word' id='word_1_216' title='bbox 1399 1717 1490 1751; x_wconf 87' lang='lat' dir='ltr'>erat</span> <span class='ocrx_word' id='word_1_217' title='bbox 1506 1708 1552 1750; x_wconf 88' lang='lat' dir='ltr'>in</span> <span class='ocrx_word' id='word_1_218' title='bbox 1570 1716 1662 1751; x_wconf 89' lang='lat' dir='ltr'>toto</span> <span class='ocrx_word' id='word_1_219' title='bbox 1679 1715 1816 1750; x_wconf 89' lang='lat' dir='ltr'>terra·</span> <span class='ocrx_word' id='word_1_220' title='bbox 1870 1703 1872 1756; x_wconf 53' lang='lat' dir='ltr'>l</span> 
     </span>
     <span class='ocr_line' id='line_1_24' title="bbox 426 1775 1813 1832; baseline -0.001 -10"><span class='ocrx_word' id='word_1_221' title='bbox 426 1795 523 1823; x_wconf 91' lang='lat' dir='ltr'>rum</span> <span class='ocrx_word' id='word_1_222' title='bbox 538 1779 940 1824; x_wconf 87' lang='lat' dir='ltr'>orbedecimabant.</span> <span class='ocrx_word' id='word_1_223' title='bbox 958 1779 1208 1823; x_wconf 88' lang='lat' dir='ltr'>Secundum</span> <span class='ocrx_word' id='word_1_224' title='bbox 1225 1779 1351 1823; x_wconf 86' lang='lat' dir='ltr'>istum</span> <span class='ocrx_word' id='word_1_225' title='bbox 1369 1777 1602 1822; x_wconf 82' lang='lat' dir='ltr'>locutionis</span> <span class='ocrx_word' id='word_1_226' title='bbox 1613 1775 1813 1832; x_wconf 86' lang='lat' dir='ltr'>modum,</span> 
     </span>
     <span class='ocr_line' id='line_1_25' title="bbox 423 1846 1873 1908; baseline -0.003 -15"><span class='ocrx_word' id='word_1_227' title='bbox 423 1850 588 1894; x_wconf 89' lang='lat' dir='ltr'>dictum</span> <span class='ocrx_word' id='word_1_228' title='bbox 609 1859 698 1894; x_wconf 84' lang='lat' dir='ltr'>est:</span> <span class='ocrx_word' id='word_1_229' title='bbox 721 1869 741 1892; x_wconf 91' lang='lat'>«</span> <span class='ocrx_word' id='word_1_230' title='bbox 767 1850 886 1894; x_wconf 87' lang='lat' dir='ltr'>Sicut</span> <span class='ocrx_word' id='word_1_231' title='bbox 906 1859 948 1892; x_wconf 91' lang='lat' dir='ltr'>et</span> <span class='ocrx_word' id='word_1_232' title='bbox 969 1865 1049 1908; x_wconf 83' lang='lat' dir='ltr'>ego</span> <span class='ocrx_word' id='word_1_233' title='bbox 1073 1849 1274 1893; x_wconf 85' lang='lat' dir='ltr'>omnibus</span> <span class='ocrx_word' id='word_1_234' title='bbox 1299 1864 1374 1908; x_wconf 86' lang='lat' dir='ltr'>per</span> <span class='ocrx_word' id='word_1_235' title='bbox 1403 1848 1548 1892; x_wconf 90' lang='lat' dir='ltr'>omnia</span> <span class='ocrx_word' id='word_1_236' title='bbox 1565 1846 1715 1907; x_wconf 88' lang='lat' dir='ltr'>placeo</span> <span class='ocrx_word' id='word_1_237' title='bbox 1733 1848 1766 1890; x_wconf 76' lang='lat'>⁴.</span> <span class='ocrx_word' id='word_1_238' title='bbox 1791 1864 1811 1888; x_wconf 83' lang='lat'>&gt;›</span> <span class='ocrx_word' id='word_1_239' title='bbox 1872 1872 1873 1879; x_wconf 30' lang='grc' dir='ltr'><strong>κ</strong></span> 
     </span>
     <span class='ocr_line' id='line_1_26' title="bbox 424 1916 1874 1979; baseline -0.001 -15"><span class='ocrx_word' id='word_1_240' title='bbox 424 1920 649 1979; x_wconf 84' lang='lat' dir='ltr'>Numquid</span> <span class='ocrx_word' id='word_1_241' title='bbox 672 1920 787 1964; x_wconf 87' lang='lat' dir='ltr'>enim</span> <span class='ocrx_word' id='word_1_242' title='bbox 813 1920 888 1978; x_wconf 89' lang='lat' dir='ltr'>qui</span> <span class='ocrx_word' id='word_1_243' title='bbox 913 1920 997 1964; x_wconf 92' lang='lat' dir='ltr'>hoc</span> <span class='ocrx_word' id='word_1_244' title='bbox 1018 1919 1153 1974; x_wconf 77' lang='lat' dir='ltr'>dixit,</span> <span class='ocrx_word' id='word_1_245' title='bbox 1183 1919 1380 1978; x_wconf 83' lang='lat' dir='ltr'>placebat</span> <span class='ocrx_word' id='word_1_246' title='bbox 1404 1919 1533 1962; x_wconf 87' lang='lat' dir='ltr'>etiam</span> <span class='ocrx_word' id='word_1_247' title='bbox 1558 1927 1645 1961; x_wconf 86' lang='lat' dir='ltr'>tam</span> <span class='ocrx_word' id='word_1_248' title='bbox 1668 1916 1815 1962; x_wconf 87' lang='lat' dir='ltr'>multis</span> <span class='ocrx_word' id='word_1_249' title='bbox 1871 1967 1874 1974; x_wconf 20' lang='grc' dir='ltr'>Α</span> 
     </span>
     <span class='ocr_line' id='line_1_27' title="bbox 425 1989 1812 2048; baseline -0.001 -15"><span class='ocrx_word' id='word_1_250' title='bbox 425 1991 775 2048; x_wconf 81' lang='lat' dir='ltr'>persecutoribus</span> <span class='ocrx_word' id='word_1_251' title='bbox 793 1990 908 2033; x_wconf 78' lang='lat' dir='ltr'>suis?</span> <span class='ocrx_word' id='word_1_252' title='bbox 926 1989 1010 2035; x_wconf 89' lang='lat' dir='ltr'>Sed</span> <span class='ocrx_word' id='word_1_253' title='bbox 1032 1989 1230 2048; x_wconf 87' lang='lat' dir='ltr'>placebat</span> <span class='ocrx_word' id='word_1_254' title='bbox 1253 1990 1373 2034; x_wconf 87' lang='lat' dir='ltr'>omni</span> <span class='ocrx_word' id='word_1_255' title='bbox 1395 1989 1543 2048; x_wconf 84' lang='lat' dir='ltr'>generi</span> <span class='ocrx_word' id='word_1_256' title='bbox 1565 1989 1812 2043; x_wconf 89' lang='lat' dir='ltr'>hominum,</span> 
     </span>
     <span class='ocr_line' id='line_1_28' title="bbox 425 2059 1876 2121; baseline -0.003 -16"><span class='ocrx_word' id='word_1_257' title='bbox 425 2061 544 2120; x_wconf 90' lang='lat' dir='ltr'>quod</span> <span class='ocrx_word' id='word_1_258' title='bbox 572 2061 730 2106; x_wconf 88' lang='lat' dir='ltr'>Christi</span> <span class='ocrx_word' id='word_1_259' title='bbox 759 2061 1050 2119; x_wconf 81' lang='lat' dir='ltr'>congregabat</span> <span class='ocrx_word' id='word_1_260' title='bbox 1078 2060 1285 2116; x_wconf 82' lang='lat' dir='ltr'>Ecclesia,</span> <span class='ocrx_word' id='word_1_261' title='bbox 1313 2060 1402 2104; x_wconf 81' lang='lat' dir='ltr'>sive</span> <span class='ocrx_word' id='word_1_262' title='bbox 1429 2061 1519 2121; x_wconf 87' lang='lat' dir='ltr'>jam</span> <span class='ocrx_word' id='word_1_263' title='bbox 1552 2060 1669 2104; x_wconf 89' lang='lat' dir='ltr'>intus</span> <span class='ocrx_word' id='word_1_264' title='bbox 1697 2059 1815 2119; x_wconf 88' lang='lat' dir='ltr'>posi-</span> <span class='ocrx_word' id='word_1_265' title='bbox 1872 2092 1876 2100; x_wconf 86' lang='grc'>.</span> 
     </span>
     <span class='ocr_line' id='line_1_29' title="bbox 424 2130 1167 2185; baseline -0.003 -10"><span class='ocrx_word' id='word_1_266' title='bbox 424 2130 476 2175; x_wconf 91' lang='lat' dir='ltr'>tis</span> <span class='ocrx_word' id='word_1_267' title='bbox 492 2166 502 2185; x_wconf 92' lang='lat'>‚</span> <span class='ocrx_word' id='word_1_268' title='bbox 528 2131 615 2175; x_wconf 87' lang='lat' dir='ltr'>sive</span> <span class='ocrx_word' id='word_1_269' title='bbox 638 2130 965 2175; x_wconf 87' lang='lat' dir='ltr'>introducendis</span> <span class='ocrx_word' id='word_1_270' title='bbox 988 2131 1033 2174; x_wconf 86' lang='lat' dir='ltr'>in</span> <span class='ocrx_word' id='word_1_271' title='bbox 1058 2146 1167 2175; x_wconf 88' lang='lat' dir='ltr'>earn.</span> 
     </span>
    </p>

    <p class='ocr_par' dir='ltr' id='par_1_5' title="bbox 424 2198 1876 2403">
     <span class='ocr_line' id='line_1_30' title="bbox 482 2198 1814 2261; baseline -0.002 -16"><span class='ocrx_word' id='word_1_272' title='bbox 482 2204 615 2246; x_wconf 87' lang='lat' dir='ltr'><strong>XLV.</strong></span> <span class='ocrx_word' id='word_1_273' title='bbox 652 2203 747 2245; x_wconf 83' lang='lat' dir='ltr'>Non</span> <span class='ocrx_word' id='word_1_274' title='bbox 771 2210 833 2244; x_wconf 89' lang='lat' dir='ltr'>est</span> <span class='ocrx_word' id='word_1_275' title='bbox 853 2201 1001 2261; x_wconf 86' lang='lat' dir='ltr'>itaque</span> <span class='ocrx_word' id='word_1_276' title='bbox 1022 2200 1335 2255; x_wconf 73' lang='lat' dir='ltr'>dubitandum,</span> <span class='ocrx_word' id='word_1_277' title='bbox 1362 2199 1578 2244; x_wconf 86' lang='lat' dir='ltr'>voluntati</span> <span class='ocrx_word' id='word_1_278' title='bbox 1608 2199 1708 2254; x_wconf 87' lang='lat' dir='ltr'>Dei,</span> <span class='ocrx_word' id='word_1_279' title='bbox 1735 2198 1814 2258; x_wconf 87' lang='lat' dir='ltr'>qui</span> 
     </span>
     <span class='ocr_line' id='line_1_31' title="bbox 430 2268 1872 2331; baseline -0.001 -18"><span class='ocrx_word' id='word_1_280' title='bbox 430 2290 449 2313; x_wconf 91' lang='lat'>«</span> <span class='ocrx_word' id='word_1_281' title='bbox 465 2272 509 2316; x_wconf 89' lang='lat' dir='ltr'>in</span> <span class='ocrx_word' id='word_1_282' title='bbox 535 2270 648 2316; x_wconf 86' lang='lat' dir='ltr'>coelo</span> <span class='ocrx_word' id='word_1_283' title='bbox 670 2282 713 2316; x_wconf 90' lang='lat' dir='ltr'>et</span> <span class='ocrx_word' id='word_1_284' title='bbox 733 2272 779 2315; x_wconf 91' lang='lat' dir='ltr'>in</span> <span class='ocrx_word' id='word_1_285' title='bbox 797 2281 908 2315; x_wconf 87' lang='lat' dir='ltr'>terra</span> <span class='ocrx_word' id='word_1_286' title='bbox 932 2271 1076 2315; x_wconf 88' lang='lat' dir='ltr'>omnia</span> <span class='ocrx_word' id='word_1_287' title='bbox 1097 2285 1387 2331; x_wconf 86' lang='lat' dir='ltr'>quaecumque</span> <span class='ocrx_word' id='word_1_288' title='bbox 1409 2268 1551 2314; x_wconf 87' lang='lat' dir='ltr'>voluit</span> <span class='ocrx_word' id='word_1_289' title='bbox 1567 2269 1714 2325; x_wconf 84' lang='lat' dir='ltr'>fecit⁵‚</span> <span class='ocrx_word' id='word_1_290' title='bbox 1728 2288 1748 2311; x_wconf 85' lang='lat'>»</span> <span class='ocrx_word' id='word_1_291' title='bbox 1771 2277 1815 2313; x_wconf 81' lang='lat' dir='ltr'>et</span> <span class='ocrx_word' id='word_1_292' title='bbox 1871 2322 1872 2327; x_wconf 11' lang='grc' dir='ltr'><strong>Ἰ</strong></span> 
     </span>
     <span class='ocr_line' id='line_1_32' title="bbox 424 2331 1876 2403; baseline -0.001 -17"><span class='ocrx_word' id='word_1_293' title='bbox 424 2343 501 2403; x_wconf 91' lang='lat' dir='ltr'>qui</span> <span class='ocrx_word' id='word_1_294' title='bbox 523 2342 652 2386; x_wconf 87' lang='lat' dir='ltr'>etiam</span> <span class='ocrx_word' id='word_1_295' title='bbox 676 2341 748 2386; x_wconf 89' lang='lat' dir='ltr'>illa</span> <span class='ocrx_word' id='word_1_296' title='bbox 776 2361 797 2384; x_wconf 88' lang='lat'>«</span> <span class='ocrx_word' id='word_1_297' title='bbox 827 2357 925 2401; x_wconf 80' lang='lat' dir='ltr'>quae</span> <span class='ocrx_word' id='word_1_298' title='bbox 948 2340 1096 2386; x_wconf 84' lang='lat' dir='ltr'>futura</span> <span class='ocrx_word' id='word_1_299' title='bbox 1123 2350 1226 2385; x_wconf 77' lang='lat' dir='ltr'>sunt</span> <span class='ocrx_word' id='word_1_300' title='bbox 1256 2339 1358 2384; x_wconf 89' lang='lat' dir='ltr'>fecit</span> <span class='ocrx_word' id='word_1_301' title='bbox 1386 2341 1420 2395; x_wconf 71' lang='lat'>⁶,</span> <span class='ocrx_word' id='word_1_302' title='bbox 1448 2358 1467 2381; x_wconf 87' lang='lat'>»</span> <span class='ocrx_word' id='word_1_303' title='bbox 1495 2340 1708 2385; x_wconf 88' lang='lat' dir='ltr'>humanas</span> <span class='ocrx_word' id='word_1_304' title='bbox 1735 2354 1813 2385; x_wconf 90' lang='lat' dir='ltr'>vo-</span> <span class='ocrx_word' id='word_1_305' title='bbox 1871 2331 1876 2367; x_wconf 47' lang='lat' dir='ltr'>³⁴ss</span> 
     </span>
    </p>
   </div>
   <div class='ocr_carea' id='block_1_4' title="bbox 425 2471 1810 2627">
    <p class='ocr_par' dir='ltr' id='par_1_6' title="bbox 425 2471 1810 2627">
     <span class='ocr_line' id='line_1_33' title="bbox 474 2471 1810 2515; baseline -0.001 -9"><span class='ocrx_word' id='word_1_306' title='bbox 474 2480 483 2496; x_wconf 83' lang='lat'>¹</span> <span class='ocrx_word' id='word_1_307' title='bbox 509 2485 521 2506; x_wconf 88' lang='lat'><em>1</em></span> <span class='ocrx_word' id='word_1_308' title='bbox 541 2476 622 2506; x_wconf 82' lang='lat' dir='ltr'>Tun.</span> <span class='ocrx_word' id='word_1_309' title='bbox 637 2485 670 2512; x_wconf 88' lang='lat'>11,</span> <span class='ocrx_word' id='word_1_310' title='bbox 690 2473 721 2515; x_wconf 71' lang='grc'>4.</span> <span class='ocrx_word' id='word_1_311' title='bbox 738 2490 779 2496; x_wconf 94' lang='lat'>—-</span> <span class='ocrx_word' id='word_1_312' title='bbox 793 2479 806 2495; x_wconf 86' lang='lat'>²</span> <span class='ocrx_word' id='word_1_313' title='bbox 826 2471 986 2505; x_wconf 85' lang='lat' dir='ltr'>Enchirid.</span> <span class='ocrx_word' id='word_1_314' title='bbox 1006 2483 1078 2515; x_wconf 87' lang='lat' dir='ltr'>cap.</span> <span class='ocrx_word' id='word_1_315' title='bbox 1101 2473 1173 2511; x_wconf 81' lang='lat'>103,</span> <span class='ocrx_word' id='word_1_316' title='bbox 1191 2472 1237 2505; x_wconf 87' lang='lat' dir='ltr'>lib</span> <span class='ocrx_word' id='word_1_317' title='bbox 1254 2484 1323 2505; x_wconf 75' lang='lat' dir='ltr'>xxii</span> <span class='ocrx_word' id='word_1_318' title='bbox 1339 2472 1380 2505; x_wconf 86' lang='lat' dir='ltr'>de</span> <span class='ocrx_word' id='word_1_319' title='bbox 1392 2471 1488 2505; x_wconf 71' lang='lat' dir='ltr'>civit.</span> <span class='ocrx_word' id='word_1_320' title='bbox 1510 2472 1581 2514; x_wconf 85' lang='lat' dir='ltr'>Dei,</span> <span class='ocrx_word' id='word_1_321' title='bbox 1597 2483 1674 2515; x_wconf 85' lang='lat' dir='ltr'>capr</span> <span class='ocrx_word' id='word_1_322' title='bbox 1693 2485 1704 2506; x_wconf 85' lang='lat'>1</span> <span class='ocrx_word' id='word_1_323' title='bbox 1729 2475 1763 2504; x_wconf 83' lang='lat' dir='ltr'>et</span> <span class='ocrx_word' id='word_1_324' title='bbox 1776 2481 1810 2512; x_wconf 80' lang='lat'>2,</span> 
     </span>
     <span class='ocr_line' id='line_1_34' title="bbox 425 2526 1807 2571; baseline -0.003 -9"><span class='ocrx_word' id='word_1_325' title='bbox 425 2534 458 2562; x_wconf 88' lang='lat' dir='ltr'>et</span> <span class='ocrx_word' id='word_1_326' title='bbox 477 2529 533 2561; x_wconf 89' lang='lat' dir='ltr'>lib.</span> <span class='ocrx_word' id='word_1_327' title='bbox 549 2541 581 2561; x_wconf 79' lang='lat' dir='ltr'>iv</span> <span class='ocrx_word' id='word_1_328' title='bbox 600 2534 712 2562; x_wconf 87' lang='lat' dir='ltr'>contra</span> <span class='ocrx_word' id='word_1_329' title='bbox 727 2528 845 2561; x_wconf 82' lang='lat' dir='ltr'>Julian.</span> <span class='ocrx_word' id='word_1_330' title='bbox 862 2539 934 2571; x_wconf 87' lang='lat' dir='ltr'>cap.</span> <span class='ocrx_word' id='word_1_331' title='bbox 953 2529 986 2561; x_wconf 87' lang='lat'>8.</span> <span class='ocrx_word' id='word_1_332' title='bbox 1000 2527 1064 2552; x_wconf 84' lang='lat'>——3</span> <span class='ocrx_word' id='word_1_333' title='bbox 1082 2530 1158 2562; x_wconf 87' lang='lat' dir='ltr'>Luc.</span> <span class='ocrx_word' id='word_1_334' title='bbox 1176 2539 1218 2567; x_wconf 77' lang='lat' dir='ltr'>xi,</span> <span class='ocrx_word' id='word_1_335' title='bbox 1234 2529 1276 2570; x_wconf 60' lang='lat'>42</span> <span class='ocrx_word' id='word_1_336' title='bbox 1298 2545 1333 2552; x_wconf 89' lang='lat'>-·</span> <span class='ocrx_word' id='word_1_337' title='bbox 1348 2526 1364 2558; x_wconf 78' lang='lat'>4</span> <span class='ocrx_word' id='word_1_338' title='bbox 1383 2540 1394 2561; x_wconf 88' lang='lat'>1</span> <span class='ocrx_word' id='word_1_339' title='bbox 1415 2529 1491 2560; x_wconf 87' lang='lat' dir='ltr'>Cor.</span> <span class='ocrx_word' id='word_1_340' title='bbox 1512 2537 1547 2570; x_wconf 83' lang='lat' dir='ltr'>x,</span> <span class='ocrx_word' id='word_1_341' title='bbox 1573 2528 1624 2561; x_wconf 82' lang='lat'>33.</span> <span class='ocrx_word' id='word_1_342' title='bbox 1641 2545 1681 2552; x_wconf 87' lang='lat'>-</span> <span class='ocrx_word' id='word_1_343' title='bbox 1694 2526 1709 2551; x_wconf 84' lang='lat'>⁵</span> <span class='ocrx_word' id='word_1_344' title='bbox 1728 2527 1807 2560; x_wconf 77' lang='lat' dir='ltr'>Psal.</span> 
     </span>
     <span class='ocr_line' id='line_1_35' title="bbox 425 2583 1099 2627; baseline -0.003 -9"><span class='ocrx_word' id='word_1_345' title='bbox 425 2595 553 2626; x_wconf 78' lang='lat' dir='ltr'>cxxxiv,</span> <span class='ocrx_word' id='word_1_346' title='bbox 573 2585 605 2619; x_wconf 89' lang='grc'>6.</span> <span class='ocrx_word' id='word_1_347' title='bbox 621 2583 689 2609; x_wconf 85' lang='lat'>...6</span> <span class='ocrx_word' id='word_1_348' title='bbox 708 2584 780 2618; x_wconf 85' lang='lat' dir='ltr'>lsai.</span> <span class='ocrx_word' id='word_1_349' title='bbox 802 2595 876 2627; x_wconf 71' lang='lat' dir='ltr'>nv,</span> <span class='ocrx_word' id='word_1_350' title='bbox 890 2584 984 2626; x_wconf 72' lang='lat' dir='ltr'>juxta</span> <span class='ocrx_word' id='word_1_351' title='bbox 1002 2585 1099 2617; x_wconf 79' lang='lat' dir='ltr'><strong>Lxx.</strong></span> 
     </span>
    </p>
   </div>
  </div>
 </body>
</html>
