1821 3264
278 277 421 304 omnis
454 276 628 303 IMPERF.
664 275 826 303 CONTRA
860 276 1027 304 πιῐΑΝ.
1067 279 1146 305 Lm.
1186 281 1214 305 1.
1357 269 1438 307 277

56 343 234 390 nianum
277 343 482 398 dicimus,
527 342 721 386 haeresim
757 352 941 387 vestram
978 343 1302 406 calumniasque
1336 347 1441 391 sub-

6 471 9 479 Ι
55 423 198 460 vernt.

6 481 9 541 f
112 488 210 531 CII.
246 487 474 530 «IULIANUS,
510 503 531 527 «
558 485 633 529 Sin
664 493 809 528 autem
838 484 1025 530 liberum
1057 497 1158 532 ante
1190 488 1244 533 ad
1276 490 1440 535 bonum

55 571 145 602 non
167 556 251 601 fuit
266 593 277 614 ,
299 565 342 601 et
364 555 528 600 factum
546 564 608 599 est
626 564 723 614 post
739 556 952 616 baptisma
971 558 1028 601 ita
1052 557 1238 603 liberum
1254 596 1264 614 ,
1290 571 1340 605 ut
1356 578 1442 605 ma-

54 628 145 673 lum
172 627 312 673 facere
333 643 423 672 non
444 626 575 687 possit
599 645 606 671 :
633 642 862 688 nunquam
888 629 1065 688 quidem
1089 630 1128 673 ei
1152 630 1294 675 adfuit
1324 634 1442 676 arbi-

55 699 126 744 trii
160 698 356 753 libertas,
395 708 437 743 et
469 698 680 757 probatur
713 698 804 742 sine
835 709 958 744 reatu
992 710 1116 744 antea
1148 717 1365 760 peccasse,
1401 713 1443 747 et

1 786 4 818 ὲ
54 779 201 830 postea
224 770 316 814 sine
338 785 440 815 cura
464 769 700 815 sanctitatis
719 770 898 829 gloriam
922 771 1154 830 possidere.
1185 792 1203 815 »

0 839 2 841 ’
112 845 405 887 Amemus.
438 844 554 900 Ergo
577 856 657 885 nec
678 841 724 884 in
743 844 833 886 Deo
853 851 915 886 est
934 843 1100 888 arbitrii
1124 843 1322 899 libertas,
1342 846 1442 905 quia

0 906 2 964 ᾗ
54 913 217 959 malum
241 912 382 957 facere
403 928 493 957 non
513 920 680 972 potest,
706 912 817 957 sicut
839 928 998 972 negare
1019 929 1063 958 se
1085 915 1228 974 ipsum
1254 932 1342 960 non
1368 932 1444 975 po-

0 993 1 1041 ]
54 994 135 1030 test
162 1005 170 1030 2
198 985 276 1046 qui
302 993 345 1029 et
369 985 494 1029 nobis
517 999 688 1029 summo
716 983 791 1028 illo
814 985 994 1044 praemio
1016 984 1251 1045 largiturus
1279 997 1363 1041 est,
1395 997 1443 1031 ut

52 1071 141 1100 non
163 1055 342 1117 quidem
366 1056 447 1115 ipsi
477 1059 583 1110 Deo,
615 1054 689 1099 sed
715 1064 860 1099 tamen
884 1056 1060 1115 Angelis
1085 1057 1175 1116 ejus
1202 1057 1440 1117 aequales1,

51 1142 132 1171 nec
165 1143 243 1172 nos
279 1141 457 1186 peccare
493 1127 720 1185 possimus.
760 1129 853 1170 Hoc
887 1128 1002 1171 enim
1043 1128 1102 1172 eis
1135 1138 1232 1187 post
1275 1129 1440 1189 lapsum

51 1198 214 1244 diaboli
237 1214 316 1258 pro
335 1199 489 1243 merito
509 1200 637 1243 bonae
654 1198 892 1242 voluntatis
908 1234 918 1253 ‚
944 1215 1028 1259 qua
1048 1201 1093 1243 in
1115 1201 1292 1245 veritate
1310 1211 1443 1245 stete-

52 1281 179 1327 runt,
199 1271 381 1317 donasse
399 1271 642 1316 credendus
661 1281 745 1326 est,
765 1279 814 1314 ut
829 1281 977 1330 postea
996 1271 1144 1316 nullus
1165 1288 1238 1331 per
1253 1272 1439 1317 liberum

51 1343 278 1388 arbitrium
301 1358 441 1387 novus
459 1342 662 1388 diabolus
677 1343 814 1386 fieret.

107 1416 229 1459 CIII.
266 1415 291 1457 J
299 1430 446 1457 rnAm
460 1432 492 1457 s.
536 1432 555 1454 «
589 1415 687 1465 Quo
725 1411 911 1456 collecto
950 1414 1218 1457 convinceris
1261 1414 1442 1458 inficiari

47 1500 224 1545 prorsus
251 1485 445 1544 dogmati
469 1494 569 1542 tuo,
595 1494 644 1528 ut
670 1484 897 1543 promittas
928 1494 969 1529 te
998 1484 1185 1528 liberum
1214 1486 1441 1529 arbitrium

47 1572 137 1602 non
154 1571 334 1616 negare,
352 1555 473 1616 quod
489 1565 614 1613 antea
630 1555 754 1610 mali,
777 1564 924 1614 postea
941 1556 1044 1600 boni
1070 1557 1325 1601 necessitate
1338 1558 1443 1601 sub—

45 1630 189 1673 vertis.
218 1646 238 1669 »

103 1703 394 1744 Amusoemus.
430 1698 635 1742 Dicturus
664 1713 732 1752 es,
762 1706 812 1741 ut
839 1697 967 1741 video
985 1733 995 1751 ,
1023 1700 1161 1741 Deum
1188 1700 1442 1743 necessitate

44 1772 181 1829 premi
199 1805 210 1825 ,
230 1779 279 1814 ut
301 1784 482 1829 peccare
503 1784 591 1812 non
610 1769 742 1826 possit
766 1767 842 1827 qui
862 1768 1016 1826 ntique
1036 1783 1116 1811 nec
1137 1777 1280 1826 potest
1302 1769 1437 1824 velle,

43 1856 123 1886 nec
149 1840 247 1886 vult
275 1855 397 1899 posse
425 1854 619 1899 peccare.
657 1842 750 1882 Imo
781 1853 907 1892 vero,
939 1838 972 1881 si
998 1838 1228 1883 necessitas
1255 1839 1439 1884 dicenda

43 1919 127 1966 est,
153 1927 241 1971 qua
262 1925 436 1955 necesse
459 1919 522 1954 est
545 1908 712 1969 aliquid
735 1908 803 1953 vel
822 1923 933 1964 esse,
959 1908 1027 1953 vel
1052 1909 1143 1952 fieri
1162 1930 1173 1967 3
1194 1908 1439 1954 beatissima

42 1991 106 2027 est
126 1983 207 2027 ista
224 1982 405 2026 omnino
423 1982 675 2034 necessitas,
695 1995 780 2039 qua
800 1994 972 2023 necesse
991 1989 1055 2023 est
1074 1978 1258 2024 feliciter
1275 1980 1436 2035 vivere,

41 2062 84 2098 et
105 2054 151 2097 in
175 2055 328 2098 eadem
350 2054 435 2097 vita
461 2067 632 2096 necesse
655 2060 718 2095 est
747 2067 837 2095 non
854 2053 963 2096 mori
982 2087 993 2107 ,
1017 2067 1189 2096 necesse
1211 2062 1274 2096 est
1297 2054 1340 2096 in
1359 2051 1438 2096 de-

42 2125 175 2168 terius
204 2139 294 2168 non
322 2124 496 2167 mutari.
537 2125 628 2166 Hac
664 2122 940 2177 necessitate,
976 2123 1010 2167 si
1045 2125 1274 2168 necessitas
1308 2123 1437 2167 etiam

40 2194 131 2254 ipsa
149 2195 335 2238 dicenda
353 2203 436 2248 est,
458 2209 547 2237 non
564 2202 825 2252 premuntur
843 2193 980 2237 sancti
995 2193 1151 2252 Angeli
1164 2229 1174 2249 ,
1196 2193 1270 2238 sed
1287 2193 1438 2238 fruun-

41 2275 112 2312 tur
136 2286 144 2311 :
172 2266 298 2310 nobis
322 2274 467 2309 autem
492 2274 554 2309 est
577 2264 747 2320 sutura,
773 2280 861 2309 non
882 2280 1085 2324 praesens.

99 2339 215 2382 CIV.
243 2340 471 2381 Jt‘LIANtJS.
495 2356 514 2378 α
534 2339 849 2380 Verumtamen
869 2335 922 2380 ad
943 2335 1281 2380 destructionem
1303 2346 1438 2381 totam

41 2408 257 2468 dogmatis
282 2409 347 2451 tui
373 2408 562 2467 proficit,
594 2417 644 2451 ut
673 2408 801 2451 etiam
827 2408 1108 2452 recordemur
1130 2407 1436 2451 definitionum

41 2481 330 2539 superiorum.
363 2480 405 2525 Si
429 2488 658 2538 peccatum
682 2495 771 2524 non
796 2488 860 2523 est
887 2479 969 2522 nisi
998 2478 1198 2522 voluntas
1221 2479 1435 2523 retinendi

41 2561 84 2596 et
112 2550 370 2594 admittendi
404 2551 524 2610 quod
548 2550 713 2609 justitia
744 2559 884 2604 vetat,
925 2559 968 2593 et
1002 2548 1117 2592 unde
1151 2549 1337 2594 liberum
1372 2555 1465 2594 est'

88 2644 97 2658 ¹
132 2648 143 2668 1
168 2636 248 2668 Tim.
270 2647 303 2676 n,
334 2637 380 2667 13,
