1884 3285
443 267 526 306 322
877 276 911 300 s.
947 272 1177 301 AUGUSTINI
1210 271 1395 298 Eriscorl

439 344 485 386 in
506 355 576 385 me
596 339 738 384 dicere
759 356 769 383 ε
799 338 879 382 etsi
901 336 1017 382 ullus
1038 336 1119 381 tibi
1141 336 1210 381 vel
1236 335 1314 380 Dei
1340 335 1492 390 timor,
1517 334 1587 378 vel
1610 335 1828 379 humanus

439 409 583 470 pudor
605 418 696 464 est,
715 408 974 454 conticesce.
999 410 1072 453 Me
1092 415 1264 465 oportet
1285 420 1386 450 cum
1407 404 1567 450 talibus
1588 413 1664 449 tua
1685 405 1829 450 convi-

439 482 521 537 cia,
543 496 634 526 non
650 479 793 525 solum
811 479 1042 539 patienter,
1067 476 1353 523 verumetiam
1370 475 1640 535 gratulanter
1656 475 1806 519 audire
1817 463 1847 533 ς’

437 552 517 599 sed
545 562 596 598 tu
617 552 749 596 debes
777 552 825 595 in
846 550 1008 595 talibus
1037 547 1279 594 lacerandis
1302 557 1346 592 et
1367 548 1556 592 humana
1580 547 1833 592 erubescere

438 632 481 668 et
498 623 646 668 divina
663 621 828 682 judicia
853 619 1103 665 formidare.

496 695 553 738 X.
578 695 603 738 J
608 710 808 738 numus.
838 711 859 734 «
894 693 999 735 Haee
1026 689 1073 736 in
1098 699 1286 748 utroque
1313 701 1419 731 sexu
1444 687 1606 746 positos
1637 685 1834 731 inimicos

435 774 603 810 nostros
641 765 780 809 urtica
813 762 1080 816 commovit,
1112 776 1212 821 quae
1234 758 1338 804 olim
1363 758 1543 818 quidem
1569 758 1677 803 vitio
1708 757 1834 801 malae

436 833 766 880 consuetudinis
788 832 973 878 mordax
992 867 1004 888 ,
1027 841 1176 876 tamen
1204 830 1555 875 exhortationum
1577 828 1833 873 salutarium

436 906 559 952 velut
579 904 843 966 quibusdam
863 904 1106 949 curabatur
1122 902 1373 960 unguentis.
1401 919 1421 942 »

494 980 787 1023 Acacsoemcs.
825 975 972 1020 Urtica
990 982 1214 1034 pungente
1235 971 1395 1031 prurit,
1421 970 1497 1016 sed
1513 970 1591 1031 qui
1607 969 1837 1014 libidinem

434 1050 600 1095 laudat.
636 1050 681 1095 Si
712 1058 860 1094 autem
887 1056 1070 1107 propter
1102 1044 1262 1088 malam
1298 1042 1691 1097 consuetudinem,
1726 1041 1839 1086 sicut

434 1122 562 1181 sapis,
586 1121 746 1165 elamat
766 1121 899 1163 homo
932 1136 941 1162 2
977 1136 998 1159 «
1023 1119 1123 1162 Non
1143 1113 1266 1174 quod
1296 1113 1394 1157 volo
1416 1111 1529 1156 facio
1544 1112 1730 1167 bonum,
1762 1111 1839 1155 sed

439 1210 459 1233 »
480 1192 602 1250 quod
624 1191 728 1235 nolo
742 1190 909 1234 malum
925 1189 1012 1232 hoc
1034 1201 1117 1245 ago
1135 1188 1147 1209 ¹
1173 1203 1183 1228 :
1206 1202 1225 1225 »
1256 1193 1373 1228 certe
1395 1183 1465 1228 vel
1478 1183 1523 1226 in
1539 1182 1622 1227 isto
1641 1181 1840 1228 fatemini

434 1263 672 1306 humanam
697 1259 976 1306 voluntatem
995 1257 1108 1302 vires
1134 1256 1356 1300 bonorum
1378 1269 1561 1313 operum
1583 1252 1837 1313 perdidisse,

440 1334 512 1377 cui
544 1333 625 1376 nisi
657 1330 818 1376 divinae
857 1329 1006 1389 gratiae
1046 1326 1280 1372 subveniat
1323 1323 1591 1385 adjutorium
1615 1358 1628 1378 ,
1658 1322 1765 1383 quid
1801 1323 1842 1366 ei

442 1405 620 1464 prodest
642 1403 867 1463 copiosum
888 1410 933 1445 et
959 1407 1164 1445 ornatum
1191 1395 1428 1457 cujuslibet
1457 1395 1725 1440 exhortantis
1753 1393 1842 1439 elo-

445 1476 600 1535 quium
623 1476 642 1519 Ρ

507 1547 589 1589 XI.
613 1546 843 1588 Jcnmus.
884 1560 904 1584 «
938 1544 996 1585 At
1030 1554 1149 1583 nunc
1183 1546 1414 1597 postquam
1443 1551 1522 1595 pro
1554 1533 1842 1580 medicamine

447 1615 581 1674 coepit
602 1615 779 1669 offerri,
806 1622 850 1657 et
874 1609 1153 1656 delectationi
1176 1607 1352 1653 accessit
1372 1606 1608 1651 auctoritas
1626 1640 1638 1660 ,
1659 1614 1710 1650 ut
1735 1621 1842 1650 con-

447 1701 576 1730 sensu
604 1700 716 1744 pene
745 1682 902 1727 mundi
919 1716 931 1736 ,
968 1680 1311 1737 membripotens
1339 1677 1488 1735 regina
1508 1676 1745 1731 mentium,
1768 1691 1843 1720 ex-

449 1756 683 1815 pugnatrix
703 1752 957 1806 honestatis,
979 1759 1022 1794 et
1043 1750 1206 1794 invicta
1229 1747 1475 1792 animorum
1492 1746 1691 1792 omnium
1707 1745 1845 1805 capti-

448 1827 589 1871 vatrix
625 1823 857 1885 turpitudo
892 1822 1182 1867 baccharetur
1209 1838 1218 1865 :
1245 1819 1372 1864 nobis
1403 1826 1569 1879 quanto
1598 1816 1842 1872 honestior,

450 1906 574 1942 tanto
588 1896 738 1941 durior
756 1893 935 1939 tuendae
956 1891 1150 1937 veritatis
1171 1905 1301 1934 causa
1328 1888 1443 1933 facta
1467 1897 1545 1932 est.
1568 1887 1680 1941 Quia
1693 1896 1846 1932 contra

450 1968 692 2028 praecipites
714 1965 901 2026 populos
919 1973 963 2009 et
979 1963 1065 2008 suis
1083 1961 1286 2005 remediis
1308 1958 1519 2015 infensos,
1543 1974 1635 2004 non
1654 1958 1846 2003 multum

452 2039 568 2085 valet
585 2039 734 2083 raritas
749 2037 944 2082 oratione
957 2033 1284 2079 medicantium.
1306 2030 1423 2084 Quid
1437 2030 1593 2089 igitur?
1613 2031 1847 2074 horum-ne

452 2110 632 2165 intuitu,
652 2108 845 2168 receptui
857 2120 1012 2151 canere
1033 2103 1310 2157 debebimus,
1323 2111 1365 2147 et
1381 2100 1667 2146 contumelias
1679 2109 1847 2146 nostras

453 2180 596 2225 ultum
612 2180 674 2223 ire
693 2178 880 2232 silentio,
912 2192 960 2221 ac
985 2176 1040 2219 de
1058 2173 1324 2219 conscientia
1348 2181 1480 2232 portu
1502 2171 1686 2216 aliorum
1706 2169 1847 2215 ridere

454 2250 886 2309 naustagia?Verum
908 2244 1168 2291 contradicit
1189 2243 1293 2287 huic
1310 2242 1429 2297 odio,
1443 2243 1584 2302 primo
1604 2241 1847 2299 benignitas

455 2337 590 2382 quam
621 2320 768 2379 generi
802 2318 1014 2363 debemus
1051 2317 1279 2372 humano,
1309 2312 1514 2372 deinceps
1547 2327 1643 2372 spes
1667 2346 1680 2367 ,
1712 2311 1845 2366 fides,

455 2408 590 2453 quam
610 2393 824 2436 habemus
845 2391 891 2433 in
920 2392 1060 2433 Deum
1085 2422 1096 2442 ,
1123 2386 1200 2447 qui
1231 2394 1352 2429 extra
1376 2384 1424 2428 id
1444 2384 1566 2444 quod
1595 2383 1849 2444 frequenter

457 2463 705 2522 desperatas
725 2471 972 2520 temporum
995 2457 1154 2502 levavit
1177 2456 1322 2500 ruinas
1347 2475 1359 2513 3
1384 2454 1672 2500 constantiam
1690 2463 1848 2498 *tamen

459 2550 591 2593 quam
629 2549 768 2594 usque
805 2532 861 2577 ad
895 2529 1043 2575 mortis
1081 2529 1232 2573 horam
1269 2526 1454 2571 exerceri
1478 2525 1648 2582 voluit,
1669 2524 1798 2570 etiam
1815 2521 1850 2568 si

509 2623 513 2635 ⁵
540 2622 629 2651 Rom.
652 2630 710 2656 vn,
738 2630 786 2659 ¹9·
