1821 3264
0 0 24 157 l

15 172 18 235 3

12 290 16 339 ἒ

10 346 13 410 l

4 569 10 665 f

255 290 401 319 OPERIS
434 288 612 316 IMPERF.
647 285 811 315 CONTRA
844 285 1011 316 JULIAN.
1048 287 1130 314 LlB.
1166 287 1214 313 11.
1338 272 1431 312 407

104 358 395 406 CXXXVIII.
430 357 456 399 J
460 370 659 400 omnus·
696 373 713 395 «
738 355 811 399 Sin
828 363 974 399 autem
990 354 1056 398 his
1074 351 1278 398 omnibus
1300 352 1345 396 in
1361 366 1430 406 eo,

42 446 179 494 quem
200 427 442 487 suscipiunt
463 442 486 471 a
508 435 662 470 natura
676 461 686 480 ,
709 425 861 470 ordine
877 425 1258 485 permanentibus,
1278 422 1434 466 adhor-

42 500 287 548 -tationibus
303 533 314 554 ,
338 498 497 557 signis,
523 496 728 555 exemplis
746 531 756 551 ,
782 496 1064 556 promissione
1085 493 1155 538 vel
1172 507 1403 537 munerum
1420 526 1432 547 ,

43 572 118 619 vel
139 584 368 632 poenarum
385 603 396 624 ,
422 567 477 612 ad
499 567 631 612 fidem
655 567 856 611 voluntas
878 567 968 610 sine
992 564 1229 609 indictione
1251 563 1436 608 necessi-

46 642 146 689 tatis
173 640 382 694 allicitur,
415 647 458 684 et
488 639 581 682 haec
613 652 689 696 per
724 637 922 681 instituta
938 671 950 691 ,
984 649 1061 695 per
1097 635 1300 691 mysteria
1314 668 1324 688 ,
1360 647 1437 692 per

2 699 9 770 l
45 715 185 770 dona,
206 727 296 756 non
314 724 540 770 oppressa,
560 707 637 752 sed
659 717 882 768 expectata
900 743 910 762 ,
942 706 1017 751 sed
1039 705 1175 749 libera
1194 739 1205 759 ,
1236 703 1311 748 sed
1335 717 1440 762 pro-

0 775 6 851 l
47 793 199 832 vocata
224 791 427 839 curatur3
458 788 658 840 apparet,
687 788 730 823 et
751 780 784 823 si
813 794 902 823 uno
930 777 1084 838 spiritu
1108 785 1225 821 totus
1248 773 1441 819 mundus

0 855 4 904 i
48 857 117 902 vel
147 854 320 913 rugiens
341 852 410 897 vel
441 851 613 895 rabiens
639 849 904 908 refragetur,
935 848 1207 893 voluntatem
1236 845 1443 889 uniuscu-

0 906 3 986 ἐ
43 930 218 988 jusque,
240 940 334 988 non
345 923 635 977 nativitatem,
657 921 837 966 tinctam
856 919 1095 963 imitatione
1109 917 1242 962 fuisse
1260 915 1440 975 peccati.

107 1001 399 1042 AUGUSTuvUS.
435 996 724 1052 Quacumque
739 1000 782 1035 te
797 999 953 1045 vertas,
974 989 1028 1033 ab
1045 987 1245 1046 originali
1265 994 1445 1045 peccato

49 1084 139 1114 non
156 1060 362 1112 alienabis
378 1063 583 1125 parvulos
599 1098 610 1118 ‚
631 1062 713 1106 nisi
735 1077 806 1106 eos
824 1060 1049 1119 negaveris
1074 1066 1266 1102 mortuos
1291 1075 1300 1100 ε
1321 1053 1443 1115 quod

48 1142 83 1185 si
104 1139 276 1193 feceris,
315 1145 538 1182 mortuum
561 1150 641 1195 pro
673 1135 732 1178 eis
761 1132 984 1178 Christum
1013 1129 1141 1174 simul
1176 1128 1355 1187 negabis
1381 1146 1389 1170 :
1416 1126 1449 1169 si

50 1220 193 1256 autem
213 1245 224 1265 ,
256 1224 312 1252 ne
333 1209 418 1252 hoc
444 1221 599 1264 neges,
632 1215 828 1250 mortuos
850 1202 1054 1263 parvulos
1075 1199 1316 1253 confiteris,
1341 1212 1445 1257 pro-

49 1280 165 1326 fecto
195 1280 240 1323 i'n
269 1279 411 1324 Adam
444 1285 640 1322 mortuos
674 1290 763 1320 non
794 1273 973 1333 negabis
1001 1291 1009 1316 ε
1049 1280 1124 1315 aut
1154 1269 1188 1314 si
1222 1283 1312 1313 non
1347 1267 1409 1310 ibi
1428 1301 1439 1321 ,

49 1352 122 1395 dic
146 1350 259 1394 ubi?

108 1420 354 1465 CXXXIX.
390 1420 618 1462 JULIANUS.
659 1435 679 1458 «
712 1414 920 1469 Quamvis
953 1412 1081 1456 nimis
1115 1407 1308 1454 molliter
1346 1421 1450 1465 ege-

51 1491 133 1536 rim
161 1509 171 1536 :
197 1491 276 1534 etsi
299 1489 418 1533 enim
447 1488 645 1533 Christus
678 1502 729 1531 ex
750 1502 802 1531 eo
835 1500 924 1545 quo
952 1483 1071 1528 venit
1101 1490 1327 1539 tempore,
1353 1478 1453 1522 uni-

50 1561 184 1608 versis
206 1561 459 1605 hominibus
483 1558 716 1602 doceretur
735 1567 779 1601 et
794 1558 875 1601 iter
896 1553 1186 1599 interclusisse
1207 1550 1361 1594 mortis
1378 1583 1388 1603 ,
1411 1556 1456 1591 et

50 1634 188 1679 vitam
205 1632 388 1677 donasse
404 1639 662 1690 perpetuam
678 1664 689 1684 ,
711 1637 760 1673 ut
778 1642 908 1672 nemo
923 1639 1098 1686 prorsus
1115 1638 1166 1666 ex
1183 1637 1235 1665 eo
1251 1621 1343 1675 die,
1365 1632 1454 1679 quo

53 1704 249 1748 Verbum
270 1717 372 1747 caro
392 1700 558 1746 sactum
580 1709 670 1755 est,
692 1708 768 1743 aut
786 1699 832 1742 in
851 1705 1081 1757 peccatum
1104 1693 1349 1745 laberetur,
1377 1697 1452 1732 aut

54 1791 133 1835 pro
169 1783 351 1834 peccato
388 1786 567 1832 poenam
603 1771 799 1827 timeret,
837 1783 926 1812 non
966 1776 1111 1811 tamen
1147 1778 1170 1806 a
1204 1760 1454 1805 conditione

54 1847 206 1907 primae
229 1845 470 1904 iniquitatis
489 1879 499 1897 ,
529 1858 629 1902 quae
660 1839 930 1885 liberalitatis
954 1837 1186 1881 doceretur
1212 1841 1415 1876 extremae
1443 1849 1451 1874 ;

55 1917 264 1977 quoniam
284 1914 518 1960 subvenire
537 1928 626 1957 non
650 1910 921 1955 merentibus
936 1943 948 1964 ‚
973 1912 1176 1968 potest·et
1194 1902 1303 1948 solet
1322 1905 1452 1955 Deus,

56 2004 159 2034 cum
193 1986 324 2032 laude
353 1978 621 2041 clementiae,
647 1983 804 2042 punire
833 1991 978 2026 autem
1002 1993 1092 2023 non
1112 1983 1340 2035 peccantes
1365 1986 1455 2016 non

57 2068 224 2120 potest,
245 2060 337 2103 si'ne
358 2057 583 2102 eversione
600 2055 794 2116 justitiae.
825 2072 844 2094 »

117 2134 410 2175 Anousmns.
445 2128 555 2181 Quia
573 2142 676 2185 ergo
690 2124 807 2184 gravi
820 2125 928 2184 jugo
945 2138 967 2166 a
985 2120 1056 2165 die
1073 2119 1210 2163 exitus
1230 2115 1284 2160 de
1300 2122 1453 2159 ventre

59 2205 208 2247 matris
225 2203 235 2226 ¹
253 2236 264 2257 ,
290 2201 433 2260 puniti
454 2208 556 2243 sunt
578 2196 770 2257 parvuli,
796 2189 1364 2254 agnoscejudicemjustum
1379 2220 1390 2240 ,
1413 2192 1456 2227 et

59 2274 270 2319 confitere
298 2270 507 2330 originale
529 2279 773 2330 peccatum.
813 2266 973 2311 Punire
1006 2263 1122 2307 enim
1151 2259 1316 2304 nullius
1352 2271 1453 2316 pec-

60 2345 144 2390 cati
177 2344 382 2387 meritum
410 2343 622 2386 habentes
640 2377 650 2395 ,
681 2341 791 2384 sicut
824 2338 953 2382 etiam
974 2335 1067 2394 ipse
1090 2329 1309 2378 confiteris
1329 2363 1340 2384 ,
1366 2343 1456 2372 non

61 2425 204 2477 potest
222 2415 315 2459 sine
339 2413 560 2459 eversione
579 2412 772 2473 justitiae.

120 2488 251 2531 CXL.
289 2488 522 2529 Jummus.
555 2502 576 2525 «
606 2480 796 2528 Attende
818 2480 951 2538 igitur
975 2474 1083 2536 quid
1105 2470 1338 2531 disputatio
1367 2476 1458 2512 tota

63 2556 316 2602 confecerit.
343 2556 384 2599 Si
404 2554 538 2614 gratia
559 2552 719 2597 Christi
737 2561 780 2595 et
798 2548 904 2594 Adae
922 2545 1050 2605 culpa
1072 2544 1116 2586 in
1134 2539 1312 2586 diversis
1330 2538 1461 2583 effe&

115 2649 124 2663 ¹
147 2640 246 2673 Eccli„
267 2651 318 2681 xc,
342 2652 369 2671 1.
