1821 3264
426 262 478 288 DE
512 261 623 288 nono
655 258 1021 286 PERSEVERANUAE.
1333 245 1414 283 153

38 343 82 371 re
117 328 208 381 uti,
239 326 359 385 quod
388 335 431 369 et
463 324 629 369 facilius
658 323 942 382 intelligitur,
978 333 1021 368 et
1048 338 1136 368 non
1168 332 1412 382 repugnat,

37 399 123 442 imo
154 406 197 440 et
224 397 425 455 congruit
457 395 622 439 veritati
651 410 750 454 quae
783 394 837 437 de
868 395 1243 452 praedestinatione
1269 394 1416 452 gratiae

38 467 313 528 praedicatur.
337 469 429 511 Hoc
445 468 532 511 scio
548 501 559 521 ,
579 466 797 509 neminem
819 474 970 509 contra
988 465 1110 508 istam
1132 464 1414 523 praedestina-

37 539 199 584 tionem
215 573 227 593 ,
247 554 377 597 quam
399 538 639 583 secundum
665 537 904 596 Scripturas
927 544 1092 579 sanctas
1115 534 1412 590 defendimus,

37 609 118 654 nisi
139 609 323 653 errando
344 608 563 668 disputare
593 608 797 667 potuisse.
834 611 945 652 Puto
968 615 1112 650 tamen
1143 606 1227 659 eis,
1259 606 1334 665 qui
1362 605 1416 650 de

37 681 117 723 hac
149 694 194 722 re
228 680 459 724 sententias
486 687 767 723 tractatorum
804 678 1058 738 requirunt,
1096 685 1266 722 sanctos
1299 686 1342 720 et
1372 677 1416 720 in

37 750 123 793 fide
159 758 290 808 atque
325 750 522 795 doctrina
549 749 778 794 christiana
801 748 1077 794 laudabiliter
1101 762 1416 807 usquequaque

35 819 279 864 diffamatos
295 820 410 864 viros
427 855 437 874 ,
458 821 726 880 Cyprianum
743 828 786 863 et
803 819 1077 864 Ambrosium
1091 853 1102 874 ,
1122 832 1310 878 quorum
1326 826 1414 861 tam

34 889 146 934 clara
163 890 406 934 testimonia
424 891 646 949 posuimus
658 925 668 945 ,
694 889 853 933 debere
870 890 1067 933 sufficere
1081 924 1092 943 ,
1117 898 1160 932 et
1183 887 1343 932 debere
1360 888 1415 930 ad

31 968 294 1020 utrumque,
324 960 368 1004 id
404 969 495 1014 est,
534 969 583 1004 ut
615 969 658 1004 et
689 960 868 1018 gratiam
906 960 981 1003 Dei
1010 958 1266 1017 gratuitam,
1302 957 1416 1000 sicut

32 1031 249 1075 credenda
266 1040 396 1090 atque
414 1030 691 1090 praedicanda
709 1039 791 1085 est,
819 1045 894 1089 per
911 1029 1055 1074 omnia
1073 1028 1253 1073 credant
1274 1037 1317 1071 et
1340 1043 1415 1085 per

30 1101 175 1145 omnia
191 1101 448 1159 praedicent,
469 1111 510 1145 et
528 1100 725 1145 eamdem
740 1100 1094 1160 praedicationem
1113 1098 1414 1159 praedicationi

32 1186 118 1230 qua
153 1172 379 1215 hortamur
416 1173 584 1231 pigros,
617 1172 682 1216 vel
713 1171 967 1230 corripimus
998 1170 1155 1224 malos,
1193 1185 1281 1214 non
1317 1169 1412 1227 opi-

32 1249 192 1284 nentur
219 1241 438 1286 adversam
467 1261 475 1285 :
501 1242 602 1300 quia
625 1250 667 1285 et
697 1241 767 1285 isti
794 1240 894 1294 viri,
926 1255 1023 1284 cum
1046 1241 1106 1284 sic
1127 1239 1415 1299 praedicarent

34 1310 109 1353 Dei
128 1310 306 1368 gratiam
323 1345 333 1364 ,
356 1319 405 1354 ut
427 1326 540 1354 unus
557 1325 708 1354 eorum
729 1310 891 1354 diceret
918 1330 925 1354 :
965 1329 983 1351 «
1010 1313 1059 1353 In
1083 1309 1205 1354 nullo
1228 1309 1414 1367 glorian-

31 1378 136 1424 dum
154 1415 165 1434 ,
195 1380 373 1440 quando
401 1370 597 1424 nostrum
620 1380 729 1423 nihil
757 1381 858 1434 sit¹,
887 1399 905 1421 »
937 1381 1045 1424 alter
1068 1390 1242 1424 autem:
1273 1400 1292 1420 «
1317 1382 1414 1424 Non

27 1460 90 1494 est
125 1451 170 1494 in
202 1460 414 1510 potestate
447 1460 592 1495 nostra
633 1466 707 1494 cor
745 1461 942 1495 nostrum
977 1459 1019 1494 et
1054 1459 1212 1494 nostra²
1248 1450 1412 1508 cogita-

26 1522 206 1575 tiones²,
234 1539 253 1562 ιι
279 1536 368 1565 non
390 1530 537 1565 tamen
565 1521 725 1565 hortari
747 1530 791 1565 et
818 1522 1034 1580 corripere
1056 1520 1339 1573 destiterunt,
1366 1528 1414 1562 ut

26 1592 180 1635 fierent
202 1590 417 1650 praecep'ta
441 1592 602 1635 divina.
630 1594 716 1636 Nec
745 1592 988 1635 timuerunt
1012 1606 1063 1634 ne
1091 1591 1309 1634 diceretur
1329 1590 1410 1643 eis,

26 1661 141 1713 Quid
160 1676 236 1705 nos
259 1662 515 1705 hortamini?
534 1660 641 1720 quid
659 1670 702 1705 et
719 1662 947 1720 corripitis,
969 1662 1002 1704 si
1020 1660 1126 1704 nihil
1145 1660 1248 1704 boni
1275 1670 1320 1703 ut
1336 1661 1414 1703 ha-

26 1732 204 1775 beamus
237 1740 300 1774 est
335 1740 557 1786 nostrum,
595 1741 637 1776 et
667 1732 700 1775 si
735 1747 824 1775 non
856 1741 920 1775 est
948 1732 994 1775 in
1023 1737 1235 1790 potestate
1268 1739 1413 1774 nostra

25 1817 100 1846 cor
134 1804 358 1846 nostrum?
394 1805 496 1846 Haec
530 1818 583 1846 ne
619 1802 867 1847 dicerentur
905 1803 963 1846 eis
984 1838 993 1856 ,
1038 1816 1314 1861 nequaquam
1352 1800 1414 1844 illi

24 1874 161 1916 sancti
199 1888 246 1917 ea
288 1882 434 1917 mente
477 1873 627 1917 timere
665 1882 932 1932 potuerunt,
978 1889 1065 1932 qua
1111 1871 1414 1929 intelligebant

24 1945 290 2002 paucissimis
319 1959 409 1988 esse
435 1940 647 1988 donatum
666 1979 676 1998 ,
707 1954 756 1988 ut
791 1943 913 1987 nullo
944 1944 1023 1987 sibi
1052 1943 1228 1987 homine
1260 1943 1415 2002 praedi-

23 2023 170 2069 cante,
204 2031 279 2074 per
313 2016 453 2074 ipsum
487 2018 624 2059 Deum
653 2014 721 2059 vel
751 2030 827 2074 per
856 2013 1045 2073 Angelos
1074 2012 1287 2058 coelorum
1312 2014 1413 2057 doc-

24 2085 181 2128 trinam
215 2084 363 2129 salutis
393 2085 630 2144 accipiant,
665 2085 814 2128 multis
843 2100 944 2128 vero
972 2084 1016 2127 id
1049 2099 1138 2127 esse
1169 2082 1378 2128 donatum
1399 2120 1409 2138 ,

26 2163 74 2197 ut
97 2156 186 2197 Deo
217 2170 292 2212 per
325 2155 521 2198 homines
550 2154 741 2197 credant.
768 2153 976 2207 Quolibet
1007 2163 1153 2197 tamen
1188 2154 1319 2197 modo
1353 2154 1413 2196 di-

26 2232 149 2267 catur
170 2224 337 2268 homini
365 2224 547 2268 verbum
579 2225 679 2281 Dci,
708 2223 859 2283 procul
881 2224 1017 2268 dubio
1036 2259 1046 2279 ,
1072 2239 1161 2283 quo
1183 2224 1242 2267 sic
1265 2223 1413 2268 audiat

26 2302 76 2336 ut
95 2292 157 2336 illi
188 2293 390 2348 obediat,
420 2292 587 2338 donum
616 2294 689 2338 Dei
711 2303 788 2337 est.

82 2364 240 2407 XLIX.
289 2364 414 2408 Unde
435 2364 672 2424 supradicti
694 2373 946 2409 tractatores
973 2363 1318 2410 excellentissimi
1342 2364 1410 2407 di-

24 2432 226 2478 vinorum
256 2435 548 2494 eloquiorum,
572 2445 614 2479 et
636 2437 816 2494 gratiam
837 2437 911 2480 Dei
933 2451 1095 2491 veram,
1120 2436 1230 2479 sicut
1251 2434 1411 2494 praedi-

70 2538 77 2552 ¹
107 2537 254 2579 Cyprian.
281 2538 325 2569 lib
366 2549 397 2569 ιιι
428 2539 466 2570 ad
497 2538 615 2576 Quirin
651 2549 725 2581 cap.
745 2538 775 2580 4.
805 2556 843 2562 —-<
870 2548 881 2562 2
904 2539 1050 2571 Αιιιὺιοε.
1089 2540 1129 2571 de
1159 2541 1240 2581 Fuga
1280 2541 1383 2572 ‚ementi
1403 2567 1438 2579 ,-

22 2602 91 2634 cap.
117 2604 143 2624 ι.
