1821 3264
0 339 18 413 *3

271 247 414 277 oratus
447 245 623 274 namma.
657 242 818 270 comm
853 241 1022 270 srmu.
1060 240 1139 269 Lm.
1178 243 1207 267 1.
1349 228 1433 268 295

52 315 170 378 quod
195 314 403 372 scriptum
431 320 496 355 est
516 310 571 354 de
593 316 770 368 peccato
792 315 835 351 et
855 316 996 351 morte
1016 341 1027 361 ,
1052 306 1172 366 quod
1196 319 1272 364 per
1295 319 1438 349 unum

54 385 293 438 intraverit,
313 382 413 427 etin
430 395 580 426 omnes
592 378 788 423 homines
806 377 1101 436 pertransierit
1114 377 1210 420 ¹.Et
1225 373 1435 434 intellige,

55 458 164 502 hauc
182 469 272 499 esse
299 467 509 506 massam,
532 450 589 495 de
615 464 702 509 qua
723 448 837 492 fiunt
857 463 980 502 vasa,
1005 449 1093 492 sive
1115 446 1206 501 illa,
1229 447 1318 491 sive
1338 447 1435 491 ista.

12 533 16 582 ξ
54 530 159 574 Nam
182 526 216 570 si
246 521 539 569 inscrutabilis
573 519 824 579 quaestionis
848 519 978 578 hujus
1006 518 1086 561 ista
1119 525 1229 560 esset
1261 516 1437 571 solutio,

12 613 15 627 ¹
53 611 183 659 quam
207 605 256 639 tu
277 595 411 654 sapiS,
428 590 669 638 secundum
691 589 842 633 merita
861 588 1140 632 voluntatum
1165 607 1175 643 3
1199 596 1286 630 tam
1309 586 1443 630 mani-

53 668 158 713 festa
174 675 306 720 esset,
331 674 381 708 ut
399 662 522 708 nulla
543 662 636 722 ejus
657 658 918 704 difficultate
945 656 1282 718 compelleretur
1301 659 1445 714 Apos-

53 737 166 784 tolus
189 736 355 781 dicere:
375 735 445 779 «Ο
466 734 598 778 homo
615 739 666 775 tu
682 730 778 790 quis
800 745 859 784 es,
887 729 964 788 qui
986 726 1246 788 respondeas
1262 729 1355 770 Deo
1369 727 1445 770 23³»

53 811 116 854 De
129 806 329 852 nondum
343 805 455 850 natis
467 804 583 848 enim
596 802 823 861 agebatur,
841 814 1029 859 quorum
1046 813 1138 842 non
1152 813 1203 841 ex
1219 795 1442 856 operibus,

53 880 128 926 sed
159 877 402 924 secundum
433 874 704 935 propositum
726 886 855 916 suum
878 873 991 914 Deus
1012 884 1151 912 unum
1175 867 1327 912 dilexit
1345 901 1357 922 ,
1383 865 1448 911 al-

54 962 196 997 terum
229 949 331 995 odio
357 948 512 993 habuit
535 966 545 992 :
570 945 690 990 unde
712 942 767 988 ad
790 943 885 987 haec
906 941 1040 985 verba
1073 948 1331 1000 perventum
1352 946 1416 981 est
1432 971 1445 993 ,

57 1032 105 1068 ut
125 1022 182 1067 de
197 1020 351 1066 eadem
374 1034 512 1064 massa
538 1027 582 1062 et
601 1015 780 1061 diversis
796 1013 904 1059 vasis
918 1047 929 1068 ,
951 1020 994 1056 et
1016 1011 1071 1056 de
1091 1018 1304 1070 potestate
1325 1007 1450 1067 figuli

55 1092 288 1139 diceretur.

113 1165 338 1209 CXXVII.
379 1163 609 1206 Jummus.
655 1176 676 1199 «
712 1159 778 1201 Tu
819 1163 966 1200 autem
989 1154 1065 1214 qui
1101 1167 1231 1212 supra
1260 1150 1450 1204 dixeras,

54 1249 204 1282 omnes
229 1234 292 1277 ire
319 1234 365 1277 in
386 1228 796 1277 condemnationem
820 1261 831 1281 ,
862 1240 948 1285 qua
971 1224 1270 1268 testimonium
1304 1220 1452 1265 fronte

57 1305 254 1367 posuisti,
279 1319 369 1363 quo
394 1300 708 1361 pronuntiatur
736 1298 798 1341 ire
820 1295 929 1340 alius
947 1296 993 1340 in
1016 1295 1251 1347 honorem,
1271 1291 1380 1336 alius
1407 1291 1454 1335 in

57 1373 405 1423 contumeliam?
430 1391 450 1414 «

117 1450 411 1491 Aususrmns.
447 1440 531 1487 Sed
565 1439 701 1498 gratia
722 1437 878 1481 liberat
902 1451 925 1479 a
952 1435 1085 1479 totius
1110 1447 1259 1477 massae
1280 1431 1456 1475 damna-

58 1520 175 1564 tione
206 1531 316 1576 quos
337 1514 495 1558 liberat
520 1533 531 1570 3
566 1525 700 1571 quam
729 1524 804 1553 vos
845 1505 1076 1566 negando,
1114 1504 1213 1548 estis
1243 1501 1452 1546 baeretici.

58 1590 282 1642 Quantum
298 1585 416 1629 enim
437 1582 628 1643 pertinet
645 1579 699 1624 ad
725 1578 903 1637 originis
924 1576 1129 1619 meritum
1145 1609 1157 1629 ,
1182 1588 1233 1617 ex
1258 1587 1346 1617 uno
1369 1585 1458 1616 om-

59 1674 134 1704 nes
157 1658 202 1702 in
234 1654 646 1702 condemnationem
683 1670 692 1695 :
728 1657 944 1710 quantum
981 1655 1129 1690 autem
1160 1645 1214 1688 ad
1259 1643 1457 1701 gratiam,

60 1745 159 1791 quae
194 1743 285 1773 non
318 1724 560 1772 secundum
589 1722 741 1766 merita
775 1719 905 1763 datur
934 1719 974 1771 3,
994 1716 1264 1776 quicumque
1296 1713 1352 1757 ab
1378 1712 1459 1756 ista

60 1799 423 1846 condemnatione
456 1795 727 1846 liberantur,
752 1790 960 1835 dicuntur
985 1803 1083 1832 vasa
1112 1783 1418 1829 misericordiae
1445 1799 1455 1827 z

60 1872 136 1932 qui
157 1885 260 1916 vero
293 1884 384 1913 non
404 1867 648 1911 liberantur
669 1898 680 1917 ,
710 1862 773 1906 ira
798 1860 875 1904 Dei
897 1867 1044 1903 manet
1067 1871 1196 1915 super
1220 1870 1292 1900 eos
1309 1855 1325 1879 ⁴
1343 1888 1354 1909 ,
1379 1867 1458 1897 ve-

61 1944 183 1989 niens
210 1942 265 1986 de
287 1937 586 2000 justojudicio
619 1935 695 1980 Dei
716 1955 727 1992 3
748 1932 871 1993 quod
902 1946 990 1976 non
1013 1928 1111 1974 ideo
1142 1923 1456 1986 vituperabile,

62 2015 166 2075 quia
189 2009 472 2056 inscrutabile
485 2018 548 2052 est
570 2026 579 2052 :
599 2014 643 2050 et
665 2013 895 2065 propterea
917 2017 1015 2045 vasa
1033 2000 1108 2043 irae
1127 2003 1458 2056 nuncupantur,

64 2085 166 2144 quia
202 2092 246 2127 et
278 2082 345 2126 his
379 2081 490 2125 bene
527 2078 664 2122 utitur
709 2079 846 2129 Deus,
885 2081 936 2117 ut
976 2079 1101 2116 notas
1129 2068 1260 2112 faciat
1294 2064 1464 2110 divitias

66 2155 213 2215 gloriae
235 2169 343 2207 suae,
359 2152 404 2196 in
431 2166 530 2196 vasa
549 2145 855 2194 misericordiae
879 2147 910 2187 ⁵.
931 2140 1062 2196 Quod
1089 2139 1204 2184 enim
1231 2141 1322 2183 Deo
1341 2134 1463 2196 judi-

65 2236 191 2272 cante
220 2242 244 2270 a
266 2223 432 2271 caeteris
454 2221 655 2281 exigitur,
681 2220 765 2262 hoc
785 2217 877 2261 istis
907 2231 960 2259 eo
982 2214 1212 2258 miserante
1234 2210 1424 2254 donatur
1450 2225 1459 2252 ι

66 2313 173 2358 quas
201 2291 523 2353 investigabiles
545 2292 633 2335 vias
655 2288 830 2334 Domini
863 2286 897 2330 si
919 2285 1107 2329 aestimas
1128 2278 1460 2341 improbandaS,

70 2369 171 2414 audi
190 2388 202 2422 ς
222 2386 243 2409 (ι
266 2367 304 2411 Ο
322 2367 454 2410 homo
479 2373 527 2406 tu
549 2361 646 2422 quis
666 2376 725 2414 es,
750 2359 826 2418 qui
849 2354 1109 2415 respondeas
1132 2356 1222 2398 Deo
1242 2353 1260 2396 P
1288 2369 1306 2391 »

129 2439 373 2484 CXXVIII.
416 2438 645 2480 Jumancs.
685 2450 703 2472 «
741 2428 858 2475 Nihil
890 2428 1004 2473 enim
1032 2426 1090 2470 ita
1117 2432 1306 2484 pugnat,
1331 2433 1465 2480 quam

120 2549 129 2565 ¹
150 2544 243 2574 Rom.
263 2553 294 2577 v,
319 2548 418 2571 12.-
434 2539 716 2576 21d.1x,20.—
732 2532 746 2555 3
766 2533 811 2564 Id.
828 2543 861 2569 v,
886 2531 936 2562 16.
953 2546 992 2552 --
1007 2527 1023 2558 4
1040 2530 1129 2559 Joan.
1149 2537 1196 2563 ιιι,
1217 2521 1347 2556 36.-5
1369 2524 1477 2554 Rom..

74 2608 116 2638 ix,
136 2597 190 2629 23.
