1821 3264
238 276 382 307 OPERIS
413 270 589 301 IMPERF.
624 261 784 294 CONTRA
820 257 990 290 JULIAN.
1025 257 1107 285 LIB.
1143 254 1173 280 1.
1318 235 1400 276 199

22 351 151 398 nibus
176 355 438 404 temporum.
474 334 632 383 Modus
654 340 717 376 est
744 331 836 390 ipsa
869 321 1172 371 immoderatio
1199 337 1210 364 ⁸.
1244 331 1347 362 nam
1369 316 1406 360 si

23 420 180 469 modus
199 425 265 461 est
287 412 445 458 servire
472 408 543 454 cui
563 401 741 457 debeas,
772 400 848 461 qui
868 399 953 442 hoc
974 389 1290 455 praetermittit,
1314 386 1409 432 veri

25 490 144 539 modi
169 483 506 545 transgressione
531 475 761 535 delinquit.
793 470 873 515 Hic
901 477 1044 513 tamen
1075 463 1161 508 dici
1192 458 1409 505 subtiliter

19 570 191 625 potest,
215 556 397 604 modum
415 567 504 598 esse
523 546 704 610 peccati,
723 545 826 604 quia
848 553 978 584 nemo
999 535 1098 596 plus
1114 547 1246 593 quam
1268 537 1414 590 potest

30 631 249 692 delinquit
267 647 277 673 ι
302 641 403 672 nam
421 623 454 669 si
476 636 606 680 supra
625 618 752 670 vires,
777 609 990 658 inefficaci
1007 605 1233 653 voluntate
1255 615 1412 661 pecca-

32 715 133 761 tur3
160 703 245 747 hoc
277 700 418 758 ipsum
447 692 541 738 fieri
568 689 638 736 vel
665 687 755 733 sola
781 683 925 746 potuit
953 679 1195 725 voluntate.
1219 672 1416 727 Qualitas

36 785 180 822 autem
204 770 444 818 ascribatur
466 764 572 812 vitio
587 798 598 818 ‚
623 775 700 821 per
722 772 854 819 quam
889 750 1134 799 ostenditur
1165 745 1276 807 quid
1299 757 1418 788 ama-

36 845 263 899 ritudinis,
298 841 368 887 vel
403 837 616 883 dedecore
659 830 875 877 convehat
901 824 972 871 vel
1008 821 1176 867 dolore.
1206 820 1284 862 Est
1317 829 1421 874 ergo

35 925 280 980 peccatum,
305 911 408 974 quia
440 904 485 954 εἰ
503 922 593 953 non
613 912 749 958 esset,
774 916 855 945 nec
877 908 927 944 tu
958 891 1196 955 sequereris
1219 901 1384 933 errores
1410 906 1423 944 3

7 1044 11 1045 ⁷
38 989 148 1036 nihil
170 997 236 1033 est
257 994 402 1031 autem
429 980 545 1026 aliud
566 1015 576 1034 ‚
597 985 755 1038 praeter
775 971 1049 1019 voluntatem
1072 962 1354 1009 excedentem
1373 957 1428 1001 ab

41 1077 93 1107 eo
123 1058 232 1105 calle
252 1093 264 1114 ‚
288 1056 360 1102 cui
391 1053 524 1099 debet
555 1050 749 1094 insistere
771 1081 781 1100 ‚
801 1054 845 1088 et
871 1042 992 1087 unde
1017 1037 1207 1082 liberum
1240 1039 1305 1076 est
1338 1043 1431 1074 non

41 1133 287 1177 deflectere.
335 1126 408 1171 Fit
442 1132 588 1170 autem
630 1119 685 1164 de
721 1115 918 1178 appetitu
955 1112 1307 1155 inconcessorum
1336 1121 1348 1158 3
1386 1108 1431 1143 et

42 1215 259 1263 nusquam
281 1207 344 1244 est
363 1196 445 1241 nisi
465 1195 512 1239 in
535 1207 586 1237 eo
603 1189 804 1243 homine,
829 1185 905 1246 qui
927 1191 970 1227 et
985 1162 1142 1226 habuit
1159 1174 1436 1221 voluntatem

45 1273 221 1328 malam,
240 1279 283 1315 et
297 1268 443 1329 potuit
458 1280 547 1310 non
561 1263 739 1307 habere.
764 1277 783 1299 »

105 1347 398 1389 Aren-snum.
424 1340 521 1396 Ipse
544 1343 607 1378 est
625 1331 764 1377 Adam
778 1363 789 1383 ‚
810 1339 941 1387 quem
959 1330 1106 1367 nostra
1123 1316 1196 1362 illa
1219 1312 1436 1366 definitio,

49 1431 148 1479 quae
179 1413 261 1459 tibi
292 1409 486 1472 placuit,
517 1403 796 1454 intuebatur„
831 1411 933 1442 cum
966 1394 1178 1442 dicerem,
1205 1391 1442 1431 Peccatum

48 1497 112 1533 est
133 1485 336 1532 voluntas
349 1475 567 1525 retinendi
588 1474 656 1520 vel
674 1465 971 1530 consequendi
989 1461 1109 1524 quod
1122 1457 1288 1520 justitia
1306 1462 1441 1508 vetat,

50 1568 94 1604 et
120 1556 240 1602 unde
270 1554 461 1599 liberum
493 1557 557 1592 est
593 1546 823 1590 abstinere.
860 1537 1000 1584 Adam
1039 1533 1206 1593 quippe
1235 1526 1443 1580 omnino,

51 1629 229 1691 quando
258 1623 478 1687 peccavit,
514 1618 625 1664 nihil
652 1618 697 1660 in
725 1630 768 1659 se
788 1610 982 1657 habebat
1009 1604 1113 1650 mali
1130 1638 1142 1659 ,
1172 1615 1261 1662 quo
1291 1597 1449 1642 nolens

52 1709 282 1761 urgeretur
305 1697 361 1742 ad
391 1691 664 1755 operandum
686 1685 851 1732 malurn
870 1717 881 1738 ‚
912 1690 955 1725 et
981 1685 1159 1739 propter
1182 1670 1303 1733 quod
1326 1668 1448 1713 dice-

55 1782 121 1818 ret
143 1792 152 1817 2
178 1790 197 1814 a
214 1772 313 1816 Non
334 1764 454 1828 quod
471 1763 572 1808 volo
593 1759 703 1804 facio
721 1758 890 1801 bonum
906 1787 917 1808 ‚
938 1749 1013 1794 sed
1029 1745 1150 1808 quod
1165 1743 1268 1788 nolo
1283 1739 1450 1784 malum

59 1864 79 1887 »
104 1845 188 1888 hoc
209 1842 314 1900 ago1
341 1858 350 1883 :
378 1856 399 1880 n
425 1851 474 1881 ac
495 1849 571 1894 per
587 1832 673 1876 hoc
696 1828 743 1872 id
764 1827 851 1884 egit
871 1819 1118 1883 peccando‚
1142 1814 1263 1875 quod
1281 1810 1452 1872 justitia

58 1915 236 1961 vetabat
250 1947 260 1967 ‚
282 1919 325 1955 et
343 1907 462 1954 unde
480 1905 667 1949 liberum
688 1898 752 1943 illi
769 1896 910 1942 fuerat
933 1891 1165 1937 abstinere„
1184 1888 1295 1931 Nam
1317 1883 1356 1926 ei
1377 1879 1456 1940 qui

62 1986 170 2032 dicit
190 2003 199 2030 :
223 2002 244 2026 «
263 1978 395 2036 Quod
416 1975 519 2022 nolo
541 1973 706 2018 malum
727 1970 812 2013 hoc
835 1980 915 2025 ago
931 1999 942 2019 ‚
963 1981 983 2003 n
1011 1958 1226 2005 abstinere
1247 1952 1350 1998 inde
1364 1985 1376 2007 ‚
1400 1949 1455 1993 li-

63 2059 219 2102 berum
238 2067 330 2098 non
349 2058 428 2096 est.
455 2050 517 2094 Ac
535 2060 611 2106 per
628 2045 713 2088 hoc
727 2076 738 2097 ‚
761 2039 795 2084 si
816 2037 899 2082 tria
915 2035 994 2080 ista
1011 2032 1228 2076 discernas
1247 2060 1258 2082 ,
1284 2032 1328 2068 et
1349 2021 1455 2066 scias

64 2128 182 2175 aliud
199 2141 290 2172 esse
313 2130 563 2184 peccatum,
586 2114 704 2161 aliud
721 2125 898 2173 poenam
920 2104 1115 2167 peccati,
1142 2097 1262 2145 aliud
1285 2106 1459 2141 utrum-

66 2215 152 2261 que
170 2234 181 2254 ,
205 2197 252 2241 id
273 2203 338 2240 est
355 2230 366 2250 ,
390 2194 451 2237 ita
470 2197 700 2250 peccatum
716 2219 727 2240 ‚
747 2192 795 2227 ut
817 2182 962 2240 ipsum
980 2177 1035 2221 sit
1054 2174 1185 2219 etiam
1207 2183 1339 2230 poena
1357 2179 1460 2225 pec-

68 2271 175 2327 cati3
192 2265 398 2324 intelligis
419 2260 529 2323 quid
544 2260 703 2304 horum
716 2255 846 2299 trium
860 2249 1076 2312 pertineat
1091 2244 1146 2289 ad
1163 2242 1283 2286 illam
1302 2236 1462 2282 defini-

70 2345 235 2389 tionem
252 2374 263 2395 ,
298 2338 374 2383 ubi
407 2334 610 2380 voluntas
639 2337 703 2374 est
725 2324 883 2386 agendi
910 2320 1031 2382 quod
1058 2315 1224 2379 justitia
1251 2319 1393 2364 vetat,
1420 2315 1463 2351 et

73 2415 192 2460 unde
212 2411 401 2456 liberum
419 2415 483 2451 est
506 2404 735 2449 abstinere.
758 2402 992 2443 Peccatum
1016 2401 1206 2448 namque
1229 2385 1310 2428 isto
1333 2379 1466 2425 modo

76 2484 308 2531 definitum
322 2488 387 2524 est
404 2514 414 2532 ‚
438 2492 529 2522 non
545 2472 711 2534 peccati
725 2484 856 2530 poena
873 2502 883 2521 ‚
904 2480 994 2509 non
1011 2471 1264 2517 utrumque.
1289 2452 1468 2498 Habent

82 2564 228 2601 autem
243 2552 325 2596 tria
341 2551 422 2594 ista
444 2560 600 2605 genera
623 2542 753 2587 etiam
771 2537 933 2598 species
950 2547 1047 2578 suas
1064 2565 1075 2586 ‚
1096 2531 1150 2574 de
1173 2525 1333 2587 quilius
1353 2534 1470 2565 nune

130 2647 140 2662 ¹
160 2642 252 2671 Rom.
276 2647 310 2678 n,
333 2642 386 2677 29.
