1884 3285
459 264 536 300 160
889 268 920 293 s.
959 264 1187 291 Aucusnm
1220 261 1400 289 zrlscorl

447 338 599 382 merita
623 342 767 378 nostra
791 331 882 374 dari
909 349 916 373 ε
943 339 985 374 et
1006 339 1153 373 utrum
1176 328 1237 372 ibi
1258 342 1348 371 non
1372 324 1471 369 satis
1493 322 1670 381 egerim,
1696 322 1823 366 etiam
1866 320 1884 378 lq

448 407 621 450 initium
649 402 750 446 fidei
780 416 868 445 esse
897 401 1061 445 donum
1094 399 1169 443 Dei
1195 418 1203 442 :
1228 406 1271 441 et
1305 405 1450 440 utrum
1482 406 1532 436 ex
1564 392 1614 436 iis
1642 406 1740 451 quae
1767 391 1826 435 ibi
1867 379 1875 431 3

446 476 560 520 dicta
591 482 720 528 sunt,
751 488 839 516 non
872 478 1188 530 consequenter
1218 467 1384 511 eluceat
1403 499 1413 518 ,
1450 463 1529 506 etsi
1559 477 1647 506 non
1675 462 1728 505 sit
1752 476 1827 504 ex·
1866 382 1884 531 1

446 560 656 606 pressum,
689 543 816 587 etiam
845 557 982 601 usque
1004 542 1050 584 in
1077 540 1207 583 finem
1242 533 1602 596 perseverantiam
1632 547 1721 576 non
1747 531 1828 575 nisi
1867 533 1870 580 ξ

446 616 501 660 ab
525 631 576 660 eo
604 614 772 667 donari,
799 613 875 672 qui
902 627 978 655 nos
1003 608 1323 670 praedestinavit
1349 607 1391 648 in
1426 618 1549 647 suum
1576 616 1758 660 regnum
1786 609 1829 644 et
1866 532 1884 654 {i

447 686 642 745 gloriam.
668 682 834 728 Deinde
855 683 991 741 ipsam
1014 679 1254 738 epistolam,
1276 691 1405 737 quam
1424 676 1514 734 jam
1536 681 1687 717 contra
1710 669 1828 714 Pela·
1866 674 1870 725 ἑ

446 756 592 814 gianos
621 753 676 797 ad
707 761 905 797 sanctum
934 748 1164 795 Paulinum
1197 748 1411 793 Nolanum
1442 743 1691 802 episcopum
1720 740 1824 794 feci,
1867 767 1869 789 3

445 825 516 869 cui
546 822 738 883 epistolae
769 820 1064 866 contradicere
1093 817 1225 862 modo
1254 823 1514 875 coeperunt,
1555 826 1709 856 nonne
1730 818 1829 853 ante
1866 826 1870 861 1

446 910 580 940 annos
603 893 810 953 plurimos
828 889 970 934 edidi?
985 893 1092 934 Eam
1116 903 1292 948 quoque
1313 884 1559 944 inspiciant,
1576 896 1707 942 quam
1730 879 1830 923 dedi
1867 882 1871 922 ἓ

446 967 501 1011 ad
529 966 693 1011 Sixtum
719 967 928 1008 Romanae
956 960 1159 1005 Ecclesiae
1192 957 1493 1018 presbyterum
1515 989 1526 1009 ,
1550 952 1727 1014 quando
1756 950 1832 995 ad·
1866 960 1870 987 ἐ

445 1051 592 1080 versus
621 1034 869 1092 Pelagianos
899 1031 1104 1076 acerrima
1131 1027 1451 1073 conflictatione
1479 1024 1735 1068 certavimus
1758 1040 1767 1065 z
1790 1029 1833 1064 et
1867 1027 1870 1062 A

445 1106 578 1151 talem
601 1106 843 1164 reperient,
869 1102 1005 1162 qualis
1028 1100 1100 1144 illa
1122 1109 1186 1143 est
1208 1098 1261 1142 ad
1283 1096 1531 1141 Paulinum.
1559 1094 1685 1137 Unde
1708 1106 1832 1135 reco-
1866 1117 1870 1125 ·

444 1176 559 1231 lant,
587 1176 789 1220 adversus
811 1173 1009 1217 haeresim
1042 1169 1315 1227 Pelagianam
1332 1169 1421 1225 jam
1444 1174 1544 1208 ante
1567 1163 1732 1223 aliquot
1755 1177 1833 1205 an·
1866 1151 1869 1195 Ῐ

445 1263 523 1291 nos
549 1247 626 1290 ista
647 1245 759 1290 dicta
788 1259 876 1287 esse
901 1251 1032 1301 atque
1055 1238 1312 1296 conscripta,
1339 1251 1439 1296 quae
1462 1249 1580 1278 nunc
1602 1233 1659 1277 eis
1683 1230 1832 1291 displi-

444 1331 540 1362 cere
581 1314 827 1360 mirandum
870 1322 948 1357 est.
993 1309 1199 1365 Quamvis
1233 1309 1449 1352 neminem
1480 1305 1608 1350 velim
1643 1303 1702 1348 sic
1739 1317 1833 1346 am-
1866 1318 1869 1358 ᾗ

445 1387 577 1447 plecti
599 1386 744 1430 omnia
765 1399 876 1438 mea,
902 1392 952 1427 ut
974 1397 1043 1426 me
1063 1389 1269 1440 sequatur
1284 1378 1364 1423 nisi
1385 1377 1431 1419 in
1453 1376 1502 1419 iis
1521 1376 1566 1418 in
1583 1374 1741 1432 quibus
1763 1387 1832 1416 me
1866 1361 1869 1417 i

446 1474 535 1503 non
556 1472 716 1501 errasse
734 1453 1011 1515 perspexerit.
1027 1455 1136 1497 Nam
1157 1458 1384 1510 propterea
1407 1461 1523 1491 nunc
1546 1444 1658 1490 facio
1677 1444 1828 1497 libros,
1865 1461 1869 1512 f

448 1529 491 1572 in
514 1529 675 1588 quibus
701 1525 910 1586 opuscula
937 1539 1032 1568 mea
1061 1519 1333 1566 retractanda
1361 1517 1544 1576 suscepi,
1574 1524 1624 1560 ut
1652 1530 1731 1559 nec
1762 1529 1832 1558 me
1865 1524 1869 1574 g

445 1598 588 1657 ipsum
616 1599 662 1641 in
694 1595 897 1640 omnibus
926 1609 994 1638 me
1027 1601 1221 1637 secutum
1254 1589 1382 1633 fuisse
1416 1589 1733 1641 demonstrem3
1758 1583 1833 1627 sed
1865 1575 1869 1630 3

445 1669 721 1728 proficienter
752 1682 821 1710 me
854 1665 1050 1709 existimo
1085 1667 1176 1707 Deo
1213 1663 1442 1705 miserante
1475 1657 1704 1716 scripsisse,
1744 1670 1834 1699 non
1865 1635 1868 1696 3

1864 1721 1868 1745 l

444 1749 589 1784 tamen
619 1755 641 1782 a
664 1737 931 1796 perfectione
957 1735 1163 1794 coepisse:
1186 1729 1543 1793 quandoquidem
1564 1725 1834 1785 arrogantius
1864 1751 1868 1806 ζ

444 1809 602 1868 loquor
629 1822 759 1867 quam
789 1805 947 1859 verius,
980 1804 1013 1848 si
1039 1803 1109 1847 vel
1138 1817 1256 1846 nunc
1284 1801 1397 1854 dico,
1423 1814 1492 1843 me
1521 1797 1576 1842 ad
1604 1795 1834 1856 perfectio-
1864 1811 1867 1847 3

446 1893 545 1922 nem
569 1877 663 1921 sine
691 1875 782 1920 ullo
807 1889 950 1919 errore
979 1871 1194 1918 scribendi
1218 1872 1306 1931 jam
1336 1870 1383 1913 in
1402 1869 1481 1912 ista
1502 1875 1629 1911 aetate
1650 1864 1830 1910 venisse.
1864 1850 1868 1914 i

449 1947 534 1993 Sed
550 1948 728 1991 interest
745 1954 959 2005 quantum
978 1953 1021 1988 et
1037 1944 1082 1986 in
1100 1942 1259 2001 quibus
1277 1942 1406 1984 rebus
1423 1948 1591 1983 erretur
1607 1957 1618 1994 3
1639 1945 1682 1981 et
1702 1949 1833 1995 quam
1864 1935 1868 1987 ξ

446 2015 574 2062 facile
603 2016 788 2075 quisque
821 2014 1008 2072 corrigat
1025 2047 1035 2067 ,
1063 2010 1131 2056 vel
1160 2020 1322 2070 quanta
1349 2008 1582 2068 pertinacia
1605 2021 1730 2051 suum
1755 2004 1835 2048 de·
1864 2007 1867 2057 ξ

446 2087 627 2131 'fendere
655 2093 839 2129 conetur
864 2098 1068 2127 errorem.
1094 2085 1225 2126 Bonae
1249 2080 1411 2140 quippe
1433 2079 1522 2138 spei
1545 2087 1608 2121 est
1630 2077 1778 2129 homo,
1803 2074 1836 2118 si

448 2172 548 2201 eum
571 2157 628 2201 sic
651 2155 951 2215 proficientem
971 2153 1060 2197 dies
1078 2152 1257 2195 ultimus
1274 2151 1374 2194 vitae
1390 2150 1520 2209 hujus
1538 2147 1766 2199 invenerit,
1787 2153 1836 2188 ut
1864 2159 1867 2187 ι

449 2227 704 2287 adjiciantur
730 2227 768 2270 ei
797 2240 896 2284 quae
926 2223 1166 2283 proficienti
1191 2220 1442 2273 defuerunt,
1475 2228 1519 2263 et
1546 2215 1835 2278 perficiendus
1864 2206 1867 2243 ':

448 2313 579 2358 quam
604 2295 852 2356 puniendus
875 2295 1018 2354 potius
1036 2292 1271 2353 judicetur.

509 2369 622 2410 LVI.
659 2366 868 2419 Quocirca
891 2399 902 2418 ,
927 2364 960 2407 si
982 2362 1232 2407 hominibus
1253 2395 1263 2414 ,
1290 2359 1365 2419 qui
1387 2367 1617 2418 propterea
1638 2371 1707 2400 me
1727 2354 1836 2399 dile·

449 2445 620 2489 xerunt,
658 2435 758 2494 quia
788 2433 984 2493 pervenit
1012 2431 1066 2475 ad
1094 2446 1181 2485 eos,
1221 2439 1452 2487 antequam
1484 2443 1554 2470 me
1585 2426 1832 2483 diligerent,
1862 2433 1866 2474 3

451 2507 594 2565 aliqua
612 2505 696 2548 mei
716 2504 874 2548 laboris
897 2502 1075 2554 utilitas,
1101 2500 1203 2544 nolo
1225 2500 1406 2543 existere
1428 2498 1622 2555 ingratus
1642 2503 1833 2555 :quanto
1862 2538 1865 2554 Ι,

451 2578 585 2635 magis
614 2579 720 2630 Deo,
758 2588 888 2634 quem
916 2587 1005 2618 non
1028 2570 1318 2629 diligeremuS,
1354 2569 1434 2612 nisi
1468 2568 1585 2627 prius
1618 2565 1836 2611 dilexisset
1862 2560 1865 2606 ς’
