1884 3285
437 304 516 341 108
870 311 903 335 S.
939 306 1169 336 Arcus'nm
1201 307 1381 334 EPISCOPI

438 397 454 420 υ
475 378 545 421 hic
566 376 705 420 salvus
721 375 842 430 erit1,
868 392 887 415 »
913 374 1078 418 donum
1095 375 1148 418 sit
1170 374 1261 417 Dei.
1285 373 1414 426 Quod
1436 372 1470 416 si
1491 386 1581 415 non
1602 371 1671 426 sit,
1697 387 1810 431 quo-—

432 446 563 492 modo
580 460 731 490 verum
754 454 818 490 est
834 443 953 504 quod
976 443 1209 503 Apostolus
1226 445 1301 497 ait,
1324 461 1344 484 «
1364 442 1499 486 Vobis
1515 440 1726 485 donatum
1748 450 1812 486 est
1851 497 1854 500 ·

433 536 453 559 n
479 532 559 577 pro
586 516 788 571 Christo,
827 531 915 560 non
952 514 1093 561 solum
1127 523 1177 559 ut
1205 512 1387 558 credatis
1418 511 1465 555 in
1499 526 1628 566 eum,
1659 525 1812 556 verum
1852 508 1855 520 '

435 609 453 630 »
479 589 607 633 etiarn
631 597 681 632 ut
701 588 923 647 patiamini
936 601 1016 646 pro
1038 601 1089 630 eo
1103 587 1146 630 2?
1166 604 1185 627 »
1205 588 1373 630 Horum
1388 584 1551 644 quippe
1566 598 1703 627 unum
1718 597 1814 642 per·
1852 603 1861 644 ‚-

431 661 541 705 tinet
558 658 613 704 ad
635 658 808 703 initium
822 694 833 713 ‚
859 658 1043 703 alterum
1060 657 1115 701 ad
1135 657 1268 700 finem
1295 675 1303 700 ε
1328 664 1566 714 utrumque
1586 663 1735 698 tamen
1751 662 1814 698 est
1852 653 1862 698 ἒ;

432 732 507 775 Dei
529 732 693 776 donum
711 765 721 785 ‚
747 732 849 790 quia
884 738 1120 788 utrumque
1152 727 1316 772 dictum
1354 736 1417 771 est
1449 741 1538 771 esse
1572 725 1809 780 donatum,
1838 718 1858 778 ἶ

429 803 540 846 sicut
561 811 604 846 et
625 802 819 858 superius
834 802 923 861 jam
947 798 1145 843 diximus.
1172 797 1301 852 Quod
1319 798 1433 841 enirn
1457 806 1520 841 est
1539 796 1714 840 initium
1735 810 1814 840 ve·
1854 787 1857 847 ζ

429 874 515 916 rius
533 871 779 916 Christiano
793 906 805 926 ‚
825 885 957 931 quam
972 869 1147 914 credere
1163 869 1208 912 in
1228 868 1478 914 Christum?
1502 866 1585 921 Qui
1607 866 1705 910 finis
1726 881 1816 910 me-

429 943 526 997 lior,
548 958 679 1002 quam
701 943 790 1002 pati
811 957 890 1002 pro
924 941 1123 987 Christo?
1155 939 1239 985 Sed
1261 938 1381 999 quod
1414 937 1468 983 ad
1489 937 1535 982 id
1558 937 1746 997 pertinet
1766 946 1816 982 ut
1854 947 1859 998 ᾗ

430 1014 633 1059 credatur
653 1015 697 1058 in
723 1015 971 1068 Christum,
1002 1012 1332 1073 qualiscumque
1360 1011 1535 1055 inventa
1557 1018 1621 1053 est
1643 1018 1817 1053 contra·
1856 1006 1859 1038 2

431 1086 586 1141 dictio,
607 1095 657 1129 ut
676 1085 841 1130 donum
864 1085 941 1130 Dei
972 1099 1061 1129 non
1083 1084 1278 1137 initium,
1314 1081 1388 1126 sed
1413 1089 1696 1140 augmentum
1715 1079 1817 1123 fidei
1856 1077 1860 1099 ³

430 1156 646 1201 diceretur
662 1175 670 1200 ε
685 1156 755 1200 cui
767 1155 961 1215 opinioni
976 1155 1168 1199 donante
1182 1152 1367 1197 Domino
1385 1152 1485 1195 satis
1498 1165 1714 1210 superque
1731 1164 1816 1194 res·
1857 1147 1860 1202 ξ

430 1227 678 1286 pondimuS.
702 1227 817 1279 Quid
839 1235 985 1269 autem
1005 1225 1091 1268 dici
1113 1232 1278 1282 potest,
1304 1237 1383 1266 cur
1404 1221 1720 1281 perseverantia
1742 1235 1818 1265 us·

430 1312 516 1357 que
537 1297 582 1340 in
604 1297 736 1340 finem
764 1311 851 1340 non
879 1295 1069 1340 donetur
1096 1294 1141 1337 in
1173 1293 1363 1347 Christo,
1403 1293 1474 1336 cui
1508 1291 1696 1336 donatur
1727 1291 1816 1350 pati
1857 1285 1871 1329 5

431 1383 508 1425 pro
531 1367 703 1412 Christo
718 1401 728 1420 ‚
755 1375 852 1420 aut,
899 1375 948 1409 ut
989 1363 1227 1424 expressius
1272 1363 1473 1423 eloquar,
1517 1362 1589 1406 cui
1625 1362 1814 1406 donatur

431 1438 538 1481 mori
562 1452 640 1496 pro
674 1437 872 1481 Christo?
901 1438 1007 1481 Nam
1044 1444 1087 1479 et
1117 1438 1268 1479 Petrus
1296 1432 1516 1493 apostolus
1549 1432 1717 1477 donum
1738 1431 1816 1476 Dei
1858 1427 1868 1473 ¹.

430 1509 513 1552 hoc
535 1523 624 1550 esse
639 1507 957 1561 demonstrans,
986 1525 1004 1548 «
1031 1505 1186 1550 Melius
1211 1519 1274 1549 est
1290 1540 1300 1559 ,
1326 1505 1490 1564 inquit,
1519 1504 1629 1548 bene
1654 1503 1817 1548 facien-

433 1596 454 1619 »
480 1587 542 1622 tes
556 1613 566 1632 ‚
592 1578 625 1621 si
647 1576 751 1621 velit
771 1577 971 1621 voluntas
989 1577 1080 1631 Dei,
1103 1576 1212 1636 pati,
1237 1590 1368 1633 quam
1385 1574 1497 1619 male
1516 1574 1722 1618 facientes
1736 1575 1768 1618 3.
1794 1591 1815 1615 »

406 1651 543 1693 <Cum
565 1649 685 1703 dicit,
715 1668 734 1690 «
759 1649 793 1692 si
814 1648 921 1692 velit
942 1647 1142 1692 voluntas
1164 1648 1262 1704 Dei3
1286 1666 1305 1688 υ
1332 1646 1523 1691 ostendit
1548 1646 1633 1690 hoc
1660 1645 1818 1690 divini·
1867 1635 1870 1652 ³

434 1729 500 1763 tus
523 1718 699 1777 donari,
733 1735 813 1763 nec
842 1719 1045 1763 omnibus
1067 1718 1221 1762 sanctis
1238 1753 1248 1772 ‚
1274 1726 1324 1761 ut
1346 1732 1424 1776 pro
1445 1716 1618 1762 Christo
1645 1716 1817 1775 patian-

433 1800 518 1834 tur.
544 1793 695 1850 Neque
716 1791 832 1834 enim
855 1805 964 1849 quos
978 1804 1066 1833 non
1081 1788 1175 1833 vult
1192 1789 1391 1833 voluntas
1415 1788 1492 1832 Dei
1512 1787 1736 1847 pervenire
1763 1787 1818 1832 ad

432 1861 737 1919 experientiam
776 1860 1044 1918 gloriamque
1076 1859 1310 1918 passionis,
1350 1873 1439 1902 non
1468 1858 1731 1917 perveniunt
1762 1857 1817 1902 ad

432 1946 613 1990 regnum
632 1933 724 1986 Dei,
751 1933 783 1975 si
802 1931 1170 1990 perseveraverint
1194 1931 1239 1973 in
1260 1930 1431 1974 Christo
1447 1930 1647 1988 usquein
1664 1930 1812 1974 finem.

438 2002 517 2046 Sed
536 2002 632 2060 quis
648 2002 763 2046 dieat
778 2037 788 2056 ,
813 2002 902 2045 istis
917 2017 1005 2046 non
1029 2001 1181 2045 donari
1200 2001 1314 2044 hanc
1337 2000 1716 2058 perseverantiam,
1743 2000 1817 2060 qui
1861 1984 1866 2021 ἲ

433 2073 692 2132 aegritudine
722 2074 911 2131 corporis
943 2073 1011 2117 vel
1045 2087 1325 2131 quocumque
1361 2088 1463 2116 casu
1494 2072 1742 2116 moriuntur
1772 2071 1818 2116 in

433 2144 605 2189 Christo
624 2164 634 2200 3
659 2158 758 2187 cum
779 2142 909 2201 longe
934 2142 1150 2186 difficilior
1167 2142 1354 2186 donetur
1375 2142 1473 2198 illis,
1499 2159 1522 2186 a
1542 2143 1703 2203 quibus
1720 2157 1820 2186 sus-

433 2215 591 2274 cipitur
620 2224 663 2258 et
684 2229 798 2258 mors
818 2216 908 2273 ipsa
930 2229 1008 2273 pro
1034 2214 1232 2259 Christo?
1250 2214 1392 2258 Multo
1417 2214 1580 2273 quippe
1600 2212 1820 2258 difficilius

434 2293 756 2344 perseveratur,
782 2284 859 2327 ubi
882 2285 964 2328 hoc
992 2284 1080 2343 agit
1107 2284 1182 2343 qui
1207 2284 1478 2343 persequitur
1499 2299 1555 2327 ne
1577 2297 1819 2341 persevere-

435 2365 530 2410 tur,
552 2364 595 2399 et
617 2364 844 2415 propterea
863 2370 1001 2415 usque
1019 2354 1073 2398 ad
1095 2363 1279 2398 mortem
1303 2355 1540 2399 sustinetur
1557 2364 1606 2399 ut
1627 2370 1819 2414 perseve-
1863 2364 1871 2401 ε’

436 2437 567 2471 retur.
593 2426 717 2471 Illam
745 2427 928 2485 proinde
946 2425 1166 2470 difficilius
1192 2425 1576 2484 perseverantiam,
1602 2426 1726 2471 istam
1750 2424 1819 2470 fa-

434 2497 557 2541 cilius
593 2506 656 2540 est
685 2496 878 2541 habere:
913 2495 987 2540 sed
1021 2497 1092 2540 cui
1123 2495 1230 2539 nihil
1269 2495 1445 2539 difficile
1480 2505 1568 2549 est,
1609 2495 1734 2540 facile
1756 2503 1820 2539 est
1863 2486 1867 2530 ῗ

435 2576 666 2626 utramque
681 2567 858 2612 donare.
879 2569 1000 2611 Hanc
1024 2566 1137 2610 enim
1156 2566 1349 2625 promisit
1369 2568 1480 2611 Deus
1489 2601 1501 2622 ,
1522 2565 1690 2610 dicens:
1718 2585 1738 2608 «
1752 2565 1818 2609 Ti·
1864 2624 1866 2631 Α

486 2659 491 2673 ¹
513 2651 624 2684 Matth.
647 2664 678 2691 x,
697 2660 750 2685 ‘2⁴2-
768 2669 808 2675 —
826 2660 838 2675 ²
857 2653 969 2695 Philip
993 2665 1028 2694 n,
1052 2661 1096 2694 29
1123 2650 1192 2676 -3
1212 2664 1223 2684 1
1242 2654 1327 2684 Petr.
1344 2663 1393 2693 iu,
1413 2663 1462 2692 ¹7·
