1884 3285
423 313 506 352 394
849 324 881 348 s.
920 319 1148 348 incensum
1183 318 1362 347 Episcom

419 405 512 435 rare
530 388 584 432 de
604 396 742 442 reatu,
768 396 809 431 et
829 387 883 431 de
909 386 1027 430 malis
1043 385 1183 430 facere
1203 386 1362 443 bonos3
1381 384 1636 429 innoeentes
1657 392 1804 429 autem

419 459 611 505 infucata
633 459 916 518 primaevitate
931 456 1094 512 felices,
1114 473 1191 516 pro
1209 455 1331 501 nullo
1350 471 1482 514 opere
1505 454 1630 499 malae
1651 454 1807 500 volun-

420 531 516 575 tatis
551 545 753 588 arguere,
789 530 911 589 cujus
956 527 1070 587 apud
1107 543 1177 572 cos
1212 528 1334 572 novit
1373 525 1679 586 experientiam
1718 540 1808 571 non

420 602 579 646 fuisse?
603 620 622 642 »

480 678 770 716 Ancnszrmus.
798 672 834 714 Ο
863 669 1125 714 dementiam
1151 667 1438 728 singularem!
1461 669 1555 710 Hoc
1587 666 1810 725 disputare

418 755 496 797 cst,
519 757 572 786 an
595 742 807 785 insanire?
830 742 939 785 Cum
968 740 1133 784 miseria
1156 755 1200 783 se
1218 748 1341 784 natos
1366 753 1456 782 esse
1477 736 1644 797 parvuli
1663 736 1811 782 flendo

420 823 645 863 testantur,
671 828 780 871 quos
798 827 884 856 non
903 811 964 855 vis
985 810 1207 855 Christum
1225 810 1388 854 habere
1407 811 1582 864 Jesum,
1603 816 1646 852 et
1664 807 1811 852 felices

417 899 488 927 eos
511 883 632 937 dicis,
652 898 760 942 quos
784 892 927 926 tamen
949 882 1042 942 ejus
1061 897 1147 926 non
1173 879 1364 924 admittis
1387 881 1429 922 in
1456 892 1667 938 regnum:
1692 878 1812 937 quod

420 969 600 1013 regnum
626 954 657 997 si
682 954 925 998 Christiana
957 953 1166 997 charitate
1200 951 1416 1011 diligeres,
1448 951 1503 995 ab
1528 949 1604 994 illo
1625 948 1811 1008 separari

418 1041 616 1084 magnam
639 1040 730 1069 esse
746 1025 960 1069 miseriam
971 1023 1204 1084 judicares.

476 1099 652 1141 CXVII.
681 1099 909 1140 Jmmws.
937 1114 955 1136 «
992 1095 1076 1139 Sed
1106 1093 1160 1137 de
1191 1094 1307 1136 bono
1335 1091 1478 1135 facere
1501 1089 1725 1135 meliores:
1751 1098 1815 1134 at-

418 1184 502 1229 que
538 1168 592 1212 ad
620 1184 755 1212 unum
790 1167 968 1226 quidem
1010 1164 1167 1210 collem
1206 1179 1380 1218 omnes,
1406 1178 1515 1223 quos
1548 1161 1811 1221 susceperit,

417 1240 770 1284 sanctificationis
800 1239 1005 1291 evehere,
1031 1236 1107 1281 sed
1142 1251 1229 1280 non
1261 1251 1410 1280 omnes
1434 1235 1479 1278 in
1505 1234 1658 1278 eadem
1683 1234 1816 1278 vitio-

419 1327 516 1355 rum
544 1311 701 1370 palude
731 1307 1081 1369 deprehendere3
1107 1322 1259 1352 verum
1282 1306 1387 1351 alios
1421 1305 1614 1350 invenire
1635 1305 1679 1348 in
1697 1313 1813 1349 statu

418 1383 738 1436 innocentium,
761 1381 864 1425 alios
885 1381 930 1423 in
949 1379 1101 1424 studiis
1120 1378 1366 1423 noxiorum.
1393 1379 1486 1421 Hoc
1508 1391 1612 1435 ergo
1629 1375 1730 1435 quia
1750 1375 1816 1420 di·

417 1455 576 1509 cimus,
604 1454 722 1513 quod
747 1452 848 1496 fidei
871 1451 1069 1505 sanitate,
1092 1449 1295 1510 praesidio
1314 1448 1506 1503 rationis,
1527 1456 1660 1507 atque
1682 1446 1815 1491 intel-

418 1525 607 1581 ligentiae
634 1526 793 1583 pietate
820 1524 1042 1578 munitur,
1068 1537 1145 1581 per
1166 1521 1287 1581 quod
1315 1529 1358 1564 et
1384 1519 1544 1564 Christi
1567 1519 1701 1578 gratia
1719 1519 1818 1578 jure

418 1594 640 1650 laudatur,
660 1610 739 1638 nec
757 1598 848 1638 Deo
862 1592 1106 1653 applicatur
1125 1591 1240 1636 ullus
1265 1600 1409 1634 reatus
1428 1611 1439 1648 3
1464 1599 1512 1633 tu
1532 1588 1818 1633 dicis‘aucto-

419 1667 589 1710 ritatem
619 1675 774 1709 nutare
805 1664 1086 1720 sacramenti,
1113 1672 1243 1722 atque
1267 1661 1467 1705 acumine
1498 1659 1661 1718 pistillo
1695 1659 1816 1713 omni

419 1737 674 1779 obtunsiore
698 1736 868 1790 asseris,
895 1733 1056 1778 auferri
1074 1733 1378 1777 auctoritatem
1397 1732 1562 1790 gratiae,
1589 1731 1670 1774 nisi
1685 1730 1724 1774 ei
1747 1744 1819 1774 ca-

418 1805 663 1850 lumniandi
708 1805 922 1864 flagitium
972 1803 1238 1857 ascribatur,
1288 1802 1369 1846 nisi
1398 1802 1578 1862 justitiae
1619 1801 1817 1844 instituta

420 1878 697 1937 perverterit,
731 1877 810 1920 nisi
848 1875 913 1919 his
940 1875 1018 1935 qui
1052 1875 1276 1919 scientiam
1315 1889 1404 1918 non
1437 1873 1623 1926 habent,
1665 1870 1817 1915 alienae

418 1948 696 1992 conscientiae
733 1948 896 1992 crimen
930 1947 1187 2006 impegerit,
1224 1954 1446 2005 postremo
1482 1942 1591 1987 nihil
1627 1957 1721 1987 eam
1755 1939 1820 1986 ef-

419 2021 563 2074 ficere,
581 2019 613 2063 si
629 2034 717 2063 non
735 2020 779 2063 in
797 2018 1002 2063 omnibus
1021 2016 1297 2062 uniformiter
1314 2015 1577 2075 praedicetur
1589 2014 1774 2074 operari.
1794 2031 1814 2056 »

478 2094 598 2135 Aret
611 2109 773 2134 sums.
801 2089 917 2142 Quid
947 2098 1010 2132 est
1027 2087 1147 2149 quod
1179 2103 1386 2141 acumen,
1424 2102 1512 2131 non
1538 2101 1710 2140 meum,
1743 2083 1819 2129 sed

420 2162 616 2206 omnium
643 2160 957 2206 catholicorum
987 2160 1331 2219 disputatorum,
1354 2173 1456 2203 cum
1479 2157 1641 2218 quibus
1663 2157 1820 2201 incon-

421 2248 592 2277 cussum
618 2242 762 2287 teneo,
788 2231 908 2292 quod
927 2232 1088 2276 frustra
1111 2230 1376 2275 labefactare
1395 2229 1632 2283 conamini,
1657 2227 1820 2287 pistillo

420 2303 762 2363 comparandum
797 2302 985 2362 putasti?
1015 2305 1079 2346 An
1109 2300 1230 2362 quod
1268 2317 1343 2345 vos
1382 2299 1555 2358 fragiles
1592 2307 1816 2353 conterat,

422 2376 579 2419 sentire
605 2374 802 2434 coepisti?
837 2376 892 2417 Et
933 2382 1077 2416 tamen
1106 2373 1181 2432 qui
1205 2372 1325 2416 velut
1361 2370 1614 2415 defensione
1642 2370 1820 2431 justitiae

424 2446 499 2490 Dei
519 2445 680 2500 niteris,
703 2454 752 2489 ut
770 2453 934 2489 evertas
957 2443 1078 2503 quod
1099 2442 1153 2486 de
1172 2444 1452 2502 parvulorum
1476 2458 1566 2486 non
1592 2456 1821 2500 regenera-

427 2526 570 2560 torum
588 2516 868 2560 damnatione
900 2523 990 2558 tota
1017 2514 1176 2558 Christi
1199 2513 1329 2557 sentit
1353 2513 1560 2567 Ecclesia,
1590 2527 1817 2571 nunquam

425 2587 619 2630 dicturus
641 2602 684 2630 es
706 2601 834 2645 grave
848 2586 1006 2645 jugum
1037 2599 1166 2642 super
1196 2583 1398 2642 parvulos
1416 2583 1535 2627 unde
1555 2583 1787 2643 sitjustum
1803 2615 1815 2635 ‚

428 2659 459 2699 si
486 2673 571 2701 non
597 2659 775 2701 trahunt
800 2656 1010 2715 originale
1032 2665 1273 2715 peccatum.
1300 2658 1389 2699 Nec
1409 2653 1595 2698 advertis
1612 2690 1622 2709 ,
1644 2669 1718 2699 vos
1739 2667 1818 2712 po-
