1821 3264
218 270 361 296 ommis
394 271 569 297 nimius.
605 274 765 299 comm
798 276 965 302 sumam.
1004 278 1084 302 Lus.
1125 279 1169 303 11.
1306 267 1388 306 445

16 334 70 376 Ut
92 332 200 390 quid
221 336 348 377 Petro
368 334 534 378 dictum
553 344 616 379 est
638 335 691 379 de
713 337 804 396 ipso
826 339 1010 397 glorioso
1029 341 1114 384 fine
1131 376 1142 396 ,
1171 360 1189 382 «
1212 341 1331 386 Alter
1351 355 1387 387 te

15 421 36 446 »
60 404 204 462 cinget
219 438 230 458 ,
254 414 296 449 et
313 404 424 449 feret
444 421 533 466 quo
557 415 606 450 tu
628 422 715 451 non
738 410 854 452 vis1?
874 429 892 451 »
917 412 960 456 Si
982 427 1084 470 ergo
1103 412 1262 456 frustra
1280 429 1392 458 mors

11 473 209 529 timetur,
234 475 322 534 ipse
342 477 472 521 timor
493 478 583 536 ejus
607 488 669 522 est
691 493 822 537 poena
850 500 858 524 :
883 481 916 524 si
939 491 1082 525 autem
1106 483 1246 526 anima
1269 499 1390 543 sepa-

10 544 92 587 rari
115 560 138 587 a
160 559 340 604 corpore
359 547 613 591 naturaliter
636 564 722 592 non
744 549 866 605 vult,
892 551 983 610 ipsa
1011 567 1124 595 mors
1154 568 1281 611 poena
1304 563 1387 607 est,

9 616 203 674 quamvis
226 631 319 661 eam
342 618 388 661 in
407 633 534 662 usum
556 619 720 663 bonum
742 623 874 679 gratia
892 621 1038 666 divina
1062 633 1298 667 convertat.

69 688 371 733 CLXXXVII.
408 692 455 733 Ji
467 708 634 735 LIANts.
676 711 695 733 a
719 693 933 745 Quoniam
956 709 1004 737 ea
1021 692 1245 753 judicante
1261 694 1391 752 justi-

8 759 65 802 tia
82 793 92 811 ,
129 774 228 818 quae
251 776 341 805 non
362 761 549 821 imputat
573 773 824 822 peccatum,
851 765 929 808 nisi
959 780 982 808 a
1003 781 1092 825 quo
1115 765 1300 809 liberum
1330 774 1393 808 est

6 830 240 886 abstinere,
262 832 306 875 hi
329 834 406 892 qui
427 834 519 877 sine
540 833 635 892 lege
653 845 942 893 peccaverunt
957 871 967 889 ,
993 836 1083 879 sine
1100 835 1196 894 lege
1221 835 1388 895 judiea=

5 899 169 944 buntur
184 936 194 956 ,
221 912 263 946 et
285 903 330 947 hi
352 906 487 964 quiin
510 904 606 963 lege
630 916 940 965 peccaverunt,
966 922 1041 965 per
1064 906 1201 964 legem
1218 905 1390 966 judica-

4 970 171 1016 buntur
185 977 216 1017 ².
243 975 372 1027 Quod
392 984 538 1019 autem
557 976 614 1020 ait
639 975 893 1035 Apostolus,
920 995 939 1018 «
962 976 1045 1020 Sed
1067 977 1261 1036 regnavit
1279 991 1391 1020 mors

6 1061 27 1084 »
52 1043 106 1086 ab
125 1043 265 1088 Adam
282 1061 418 1105 usque
437 1047 491 1090 ad
509 1050 691 1105 Moysen
706 1082 716 1102 ,
738 1049 864 1091 etiam
883 1048 928 1092 in
952 1063 1023 1092 eos
1041 1047 1117 1107 qui
1135 1063 1222 1090 non
1245 1063 1391 1106 pecea-

7 1130 27 1155 »
51 1124 231 1170 verunt,
256 1116 300 1159 in
317 1117 645 1161 similitudinem
663 1118 1028 1177 praevaricationis
1045 1117 1153 1162 Adae
1170 1119 1184 1143 3
1208 1136 1217 1161 :
1246 1136 1264 1157 »
1288 1116 1393 1160 fecit

7 1184 268 1229 translucere
290 1186 410 1246 quod
433 1198 648 1242 senserat,
685 1189 729 1232 id
753 1197 814 1233 est
833 1223 843 1243 ‚
869 1191 891 1232 J
899 1188 1044 1232 udaeos
1071 1187 1153 1231 sub
1174 1187 1270 1246 lege
1291 1201 1392 1245 pec-

0 1265 146 1300 cantes
178 1257 373 1301 similiter
408 1268 457 1302 ut
490 1259 628 1302 Adam
664 1259 968 1318 praevaricatos
996 1257 1126 1302 fuisse
1155 1256 1387 1311 definiens,

1 1328 102 1386 quia
124 1336 167 1370 et
184 1327 247 1371 illi
268 1329 409 1387 primo
428 1329 619 1384 homini,
643 1329 744 1374 licet
765 1346 854 1374 non
875 1329 996 1373 libris
1014 1364 1025 1384 ‚
1049 1329 1226 1373 auribus
1245 1337 1391 1371 tamen

2 1398 308 1442 commendata
324 1398 392 1442 lex
413 1399 556 1444 fuerat
573 1400 820 1444 abstinendi
839 1415 861 1443 a
881 1409 1009 1458 gustu
1029 1398 1192 1443 arboris
1210 1417 1218 1442 z
1242 1398 1286 1440 in
1302 1411 1390 1456 quo

3 1467 263 1513 obedientiae
301 1469 539 1529 exploratio
579 1470 684 1527 fuit,
724 1472 778 1514 de
813 1486 898 1530 qua
933 1479 1083 1514 contra
1123 1476 1391 1528 praeceptum

0 1540 200 1594 edendo,
241 1542 606 1600 praevaricationis
639 1542 803 1585 crimen
836 1541 1034 1584 incurrit.
1070 1543 1188 1597 Ergo
1223 1548 1265 1582 et
1295 1546 1392 1596 post

0 1611 146 1656 datam
167 1611 310 1670 legem
342 1613 581 1657 ministerio
603 1612 766 1670 Moysi,
793 1626 975 1671 peccans
1003 1608 1193 1670 populus
1211 1644 1221 1664 ,
1256 1609 1303 1651 in
1332 1607 1390 1650 si-

0 1681 292 1727 militudinem
314 1683 681 1742 praevaricationis
704 1682 810 1727 Adae
833 1681 1064 1741 deliquisse
1086 1679 1360 1724 convincitur
1378 1697 1388 1733 3

0 1754 125 1814 quia,
146 1754 204 1799 ita
229 1764 278 1799 ut
298 1754 370 1799 illc
388 1790 398 1810 ,
423 1754 528 1814 legis
551 1755 884 1813 transgressione
907 1753 1117 1812 peccabat
1145 1770 1153 1795 :
1179 1751 1224 1793 in
1247 1748 1391 1827 rnedia

0 1834 144 1869 autem
174 1834 301 1870 aetate
321 1826 508 1870 duarum
529 1826 676 1886 legum
697 1861 706 1880 ,
733 1826 883 1884 primae
905 1824 1019 1868 datae
1034 1859 1045 1878 ,
1072 1838 1161 1867 non
1186 1829 1357 1879 scriptae
1374 1854 1386 1874 ‚

0 1895 202 1940 secundae
222 1911 326 1940 vero
350 1905 393 1940 et
420 1896 519 1940 latae
542 1905 584 1940 et
606 1895 760 1940 litteris
782 1895 952 1939 traditae
971 1929 980 1948 ‚
1013 1893 1089 1953 qui
1119 1898 1355 1951 peccarunt
1375 1923 1386 1943 ,

0 1981 88 2010 non
109 1982 133 2010 a
155 1975 334 2025 peccato
356 1966 651 2010 ostenduntur
673 1965 802 2010 alieni
821 2000 831 2020 ,
857 1965 930 2009 sed
955 1979 1044 2008 non
1070 1963 1115 2005 in
1138 1958 1388 2005 similitudi-

0 2052 98 2081 nem
126 2039 490 2096 praevaricationis
526 2038 655 2093 Adae,
690 2041 790 2098 quia
823 2042 965 2095 legem
988 2050 1076 2080 non
1102 2039 1385 2091 acceperant,

0 2109 286 2167 perhibentur
307 2125 481 2153 errasse.
508 2129 528 2150 >›
1283 2174 1290 2180 .
1358 2172 1365 2178 ⁷

55 2184 347 2226 Amosnm-s.
386 2182 470 2226 Ubi
499 2196 629 2239 negas
664 2179 992 2224 similitudinem
1026 2175 1389 2236 praevaricationis

0 2250 126 2306 Adae,
151 2261 194 2296 te
221 2253 313 2311 ipse
344 2252 564 2296 convincis
583 2287 593 2304 ,
619 2250 739 2310 qnod
767 2251 814 2293 hi
849 2250 923 2308 qui
950 2249 1040 2292 sine
1062 2247 1157 2305 lege
1176 2259 1388 2322 peccave-

0 2333 101 2367 runt
118 2358 128 2377 ,
153 2338 242 2368 non
265 2324 395 2382 primi
412 2323 599 2367 hominis
620 2321 817 2380 exemplo
835 2329 937 2364 sunt
956 2320 1015 2362 rei
1038 2339 1044 2362 :
1067 2333 1156 2362 non
1179 2325 1241 2392 est
1258 2324 1388 2372 igitur

0 2392 204 2449 imitatio,
225 2393 301 2438 sed
322 2394 588 2451 regeneratio
607 2428 616 2445 ,
638 2408 723 2452 qua
742 2407 818 2450 per
840 2399 1065 2450 peccatum
1089 2402 1203 2430 mors
1228 2401 1272 2428 m
1290 2400 1387 2428 om-

0 2480 74 2509 nes
99 2465 296 2509 homines
318 2465 580 2524 pertransiit.
606 2466 759 2523 Neque
781 2462 896 2506 enim
925 2463 959 2504 si
981 2470 1067 2503 tam
1090 2457 1257 2518 prolixa
1279 2464 1388 2498 tem-

0 2551 103 2595 pora
135 2551 235 2596 qnae
264 2545 362 2580 ante
400 2535 539 2595 legem
571 2533 772 2590 fuerunt,
808 2530 1087 2576 transiluisset
1116 2529 1210 2572 haec
1242 2541 1384 2580 mors,
1442 2553 1449 2559 -

49 2628 55 2643 ¹
84 2619 397 2661 soan.xx1,18.—-
415 2627 426 2642 ²
445 2622 665 2657 Ron1.u‚12.
682 2633 721 2640 ‹-
738 2615 750 2640 3
770 2616 815 2648 ld.
838 2626 867 2653 v,
892 2615 940 2655 14.
