1821 3264
582 259 907 288 maon-moues.
1342 255 1426 295 499

0 358 4 369 ,
50 327 269 378 repertum
298 328 377 363 est.
404 321 489 365 Sed
520 336 572 366 ex
595 338 682 382 quo
710 324 821 368 hanc
848 325 1041 369 haeresim
1064 326 1204 383 palam
1234 330 1426 386 profiteri

49 389 199 448 coepit,
211 388 315 433 alios
328 390 495 449 scriptis
511 393 598 437 suis
612 393 656 436 in
671 395 761 453 ejus
775 394 952 453 laqueos
974 395 1180 440 inducere
1201 413 1426 458 nunquam

47 458 225 502 destitit.
240 462 303 503 Ea
315 459 369 504 de
388 476 515 506 causa
530 462 699 508 Zosimo
712 479 835 522 papae
847 464 953 508 duas
969 465 1169 521 epistolas
1189 482 1303 512 anno
1323 473 1422 513 418.

46 529 217 574 direxit.
257 531 422 576 Deinde
461 548 573 578 cum.
603 535 868 592 Augustinus
904 535 1062 580 librum
1103 536 1157 580 dc
1191 540 1360 596 Nuptiis
1382 548 1427 582 et

43 601 393 658 concupiscentia
410 603 598 661 primum
619 604 674 648 ad
698 605 916 649 Valerium
938 607 1138 650 comitem
1156 608 1423 666 scripsisset,

41 668 158 713 idem
180 670 378 716 Julianus
394 682 582 732 quatuor
601 674 756 728 libros,
777 675 936 733 quibus
959 673 1083 718 illum
1100 677 1278 720 unicum
1304 677 1429 720 refu-

40 747 179 794 taret,
204 739 260 784 ad
292 742 576 788 Turbantium
599 744 848 803 episcopum
871 744 1020 789 edidit.
1058 749 1192 790 Porro
1212 762 1314 791 cum
1340 762 1421 791 ex-

41 819 187 869 cerpta
215 826 267 855 ex
292 812 375 856 hoc
404 813 566 858 Juliani
593 806 722 873 opere
755 813 911 859 tradita
939 824 1081 860 essent
1113 815 1281 860 Valerio
1311 851 1322 871 ‚
1358 817 1431 861 hic

40 882 283 938 Augustino
312 882 568 941 perferenda
590 883 662 928 illa
684 885 864 939 curavit,
889 886 1047 944 quibus
1070 896 1241 930 sanctus
1266 890 1428 931 Doctor

39 951 185 994 statim
202 952 424 1009 respondit
446 955 564 998 edito
590 954 725 998 altero
748 954 941 1013 ejusdem
964 955 1094 1010 tituli,
1112 972 1200 1015 quo
1213 958 1424 1015 superior,

38 1019 84 1064 id
97 1030 175 1075 est,
191 1022 246 1064 de
256 1023 425 1081 Nuptiis
441 1032 483 1067 et
499 1025 849 1082 concupiscentia
861 1024 972 1068 libro
991 1025 1182 1069 secundo
1197 1045 1204 1069 :
1220 1027 1429 1070 eteoclem

38 1099 234 1150 tempore
265 1094 508 1151 composuit
529 1103 718 1153 quatuor
739 1109 840 1138 suos
871 1093 1007 1138 libros
1045 1093 1100 1138 ad
1129 1095 1427 1149 Bonifacium,

37 1169 87 1204 ut
107 1160 214 1205 duas
235 1162 435 1220 epistolas
459 1162 806 1222 Pelagianorum,
832 1178 939 1222 quas
969 1163 1085 1206 idem
1107 1164 1213 1222 ipse,
1236 1174 1286 1208 ut
1303 1165 1425 1208 vide-

35 1241 124 1287 tur,
156 1232 355 1278 Julianus
383 1236 594 1279 continuo
615 1244 713 1294 post
734 1234 932 1278 emissam
952 1234 1134 1292 primam
1157 1234 1211 1278 ad
1241 1250 1350 1292 opus
1371 1235 1425 1279 de

35 1304 205 1362 Nuptiis
221 1312 264 1348 et
279 1305 630 1363 concupiscentia
650 1305 971 1364 responsionem
992 1305 1218 1362 scripserat
1233 1339 1244 1359 ,
1270 1314 1421 1349 retun-

37 1373 161 1418 deret
187 1375 480 1435 :tandemque
505 1385 680 1434 accepta
696 1375 767 1419 illa
794 1375 931 1433 prima
954 1374 1116 1418 Juliani
1148 1376 1429 1432 responsione

36 1459 136 1504 quae
150 1444 270 1489 libris
294 1455 482 1505 quatuor
504 1445 756 1500 constabat,
778 1460 873 1489 eam
893 1445 1058 1502 ingenti
1076 1460 1220 1504 opere,
1241 1444 1364 1504 quod
1379 1445 1425 1488 in

34 1529 108 1559 sex
128 1515 262 1560 libros
280 1517 464 1576 partitus
480 1526 559 1572 est,
584 1516 747 1561 revicit.
778 1518 947 1559 Interea
968 1530 1071 1559 vero
1083 1531 1187 1560 cum
1206 1514 1423 1559 secundus

32 1584 141 1629 liber
167 1585 222 1629 de
239 1587 410 1645 Nuptiis
431 1595 475 1630 et
495 1586 846 1644 concupiscentia
866 1585 1087 1628 incidisset
1107 1585 1153 1629 in
1171 1599 1324 1628 manus
1343 1586 1367 1628 J
1373 1599 1423 1626 u-

32 1654 155 1711 liani,
178 1656 250 1700 hic
260 1656 395 1701 libros
407 1666 507 1701 octo
524 1656 728 1701 adversus
752 1670 889 1701 unum
905 1655 1037 1698 istum
1053 1654 1100 1698 in
1121 1655 1274 1708 aciem,
1294 1663 1344 1698 ut
1363 1654 1423 1698 sic

34 1723 230 1770 dicamus
248 1759 258 1776 ‚
287 1725 438 1770 eduxit
457 1760 468 1782 ,
493 1741 603 1786 quos
625 1725 891 1783 Augustinus
925 1722 1079 1767 ultimo
1103 1737 1182 1767 suo
1199 1737 1343 1781 opere,
1365 1720 1420 1765 de

33 1810 123 1854 quo
144 1810 245 1840 mox
269 1795 429 1840 dicturi
457 1810 604 1840 sumus
623 1829 634 1850 ‚
659 1794 918 1854 profligavit.
945 1792 1174 1852 Vignerius
1197 1795 1229 1836 F
1235 1791 1418 1850 ulgentii

33 1880 84 1909 ex
106 1866 273 1911 inedito
294 1866 484 1926 quodam
506 1881 635 1925 opere
656 1865 823 1925 profert
843 1868 956 1908 hanc
978 1865 1024 1907 in
1045 1878 1137 1907 rem
1159 1862 1292 1907 verba
1316 1861 1415 1906 illa:

32 1934 142 1981 Nec
177 1934 250 1980 illi
267 1935 533 1998 sufficiebat
561 1944 781 1994 paternae
806 1932 1075 1987 nobilitati,
1105 1931 1416 1977 sEmz'lz'orum

18 2005 196 2065 fasces
207 2005 492 2062 admovisse,
517 2021 634 2064 quos
649 2004 821 2049 haeresi
839 2003 1073 2066 degenere
1097 2004 1297 2062 turpiter
1313 2017 1417 2046 ma—

32 2075 224 2122 culavit.
248 2076 495 2123 Seniorem
517 2076 842 2138 Augustinum
857 2109 872 2130 ,
897 2083 947 2117 ut
967 2072 1149 2118 clarior
1158 2074 1320 2133 fieret,
1334 2072 1417 2131 ju-

35 2146 177 2191 venile·
199 2147 365 2192 calore
386 2162 642 2210 aggressus
662 2181 678 2202 ,
702 2143 792 2190 sed
821 2159 1077 2203 repressus,
1110 2151 1298 2187 tantam
1327 2138 1420 2184 sz'bt

33 2217 305 2263 eoncilzavz't
327 2234 418 2278 per
435 2216 600 2263 orbem
623 2226 861 2261 terrarum
887 2213 1145 2268 z‘'',nvzdzam
1182 2219 1415 2270 quantam

33 2286 126 2332 sibi
143 2286 280 2347 apud
287 2304 452 2334 omnes
472 2296 713 2333 statuerat
716 2287 897 2349 faeere
919 2283 1207 2337 elarttatem,
1223 2291 1268 2325 et
1289 2278 1418 2338 quod

35 2374 85 2402 tn
130 2373 434 2403 oeeaszonem
472 2356 688 2421 gloriola>
726 2356 1001 2415 arripuerat
1028 2388 1043 2408 ,
1086 2352 1415 2397 subsannante

35 2426 246 2474 Domino
263 2444 455 2474 versum
474 2438 546 2474 est
571 2430 619 2472 in
640 2424 963 2486 opprobrzum.

96 2502 309 2544 Praeterea
335 2499 456 2544 libris
483 2500 604 2544 istius
625 2496 815 2541 haeretici
847 2507 1084 2539 annumera
1117 2489 1244 2534 Bedae
1279 2491 1413 2534 Com-

37 2570 298 2615 mentarium
313 2568 535 2630 quoddam
548 2568 796 2621 inCantica,
816 2565 887 2610 cui
900 2571 1106 2608 tractatus
1119 2559 1414 2669 pr‘z35e2mitteba-
1446 2572 1455 2579 ·
