1884 3285
421 263 505 303 294
851 273 886 303 s.
921 275 1154 306 tineosum
1186 279 1369 308 muscom

371 345 375 350 ’
418 356 439 380 »
467 346 612 381 autem
641 338 846 383 eumdem
869 340 1068 403 spiritum
1090 342 1219 399 fidei,
1255 345 1494 390 secundum
1517 348 1639 408 quod
1665 351 1799 411 scrip·
1855 343 1884 409 >³¹-

418 425 439 449 »
469 417 563 451 tum
586 417 650 452 est
682 428 690 453 :
716 409 908 466 Credidi,
937 422 1115 472 propter
1142 414 1261 474 quod
1294 415 1466 462 locutus
1493 433 1587 463 sum
1610 440 1621 477 ς
1648 429 1691 465 et
1725 437 1803 468 nos
1856 413 1884 475 ῆι

419 495 440 520 »
471 479 718 536 credimus,
744 489 921 541 propter
942 483 1063 543 quod
1094 494 1137 529 et
1157 485 1381 546 loquimur
1405 490 1436 531 1.
1465 506 1485 530 »
1513 491 1638 535 Unde
1658 500 1802 538 autem
1858 478 1884 541 'tl'

413 548 468 593 sit
496 549 591 594 haec
622 549 729 594 fides
749 585 760 607 ‚
800 567 855 596 ne
889 553 947 597 ita
979 553 1214 612 gloriemur
1244 566 1452 617 tanquam
1485 575 1538 604 ex
1569 561 1693 607 nobis
1730 564 1800 621 sit,
1844 543 1884 622 13¹

413 618 615 664 eumdem
659 621 884 667 audiamus
917 625 1177 683 Apostolum
1205 646 1212 671 :
1251 648 1270 669 «
1297 629 1469 686 Gratia,
1499 631 1668 692 inquit,
1700 633 1805 679 salvi
1838 626 1884 700 ξ

414 706 436 732 »
471 688 573 734 facti
609 692 708 735 estis
748 708 825 751 per
859 694 990 738 fidem
1013 730 1024 750 ,
1062 704 1105 740 et
1139 697 1222 742 hoc
1243 714 1332 744 non
1365 715 1416 744 ex
1436 700 1584 758 vobis,
1614 703 1690 748 sed
1729 707 1804 752 Dei
1838 742 1840 748 ,

413 778 434 803 »
470 759 637 805 donum
660 772 723 806 est
746 766 777 806 ².
808 782 826 804 »
851 767 908 809 Et
929 765 1014 810 alio
1034 765 1132 812 loco
1160 787 1168 812 ε
1203 787 1222 810 «
1250 772 1334 814 Pax
1356 805 1366 825 ,
1388 771 1562 832 inquit,
1596 774 1803 822 fratribus

411 850 433 875 »
468 842 511 876 et
548 834 735 878 charitas
765 850 867 880 cum
903 836 990 882 fide
1023 854 1047 883 a
1087 842 1176 884 Deo
1219 843 1346 886 Patre
1386 852 1430 888 et
1467 846 1656 891 Domino
1699 850 1804 893 Jesu

412 921 432 945 >›
467 904 640 948 Christo
665 906 696 948 3.
732 923 752 947 »

468 975 644 1019 CXXV.
671 995 689 1017 «
714 976 840 1030 Quod
856 977 889 1021 si
912 977 1089 1034 dixeriS‚
1108 996 1242 1039 quam
1264 983 1319 1026 sis
1335 993 1484 1043 aperte
1505 987 1794 1045 Manichacus,
1854 1023 1860 1044 e
1883 982 1884 986 ¹

408 1045 538 1089 etiam
572 1048 741 1105 patroni
766 1050 829 1091 tui
855 1058 1062 1108 poterunt
1096 1054 1309 1098 confiteri.
1339 1056 1382 1100 Si
1413 1071 1515 1101 vero
1543 1058 1803 1105 intellexeris

407 1124 579 1160 tantum
612 1119 702 1161 veri
736 1120 865 1177 Regis
895 1122 1131 1166 exercitum
1154 1133 1305 1168 contra
1331 1134 1450 1170 tuam
1477 1127 1684 1174 dimicare
1705 1146 1804 1175 sen-

407 1187 606 1241 tentiam,
627 1204 707 1232 nec
728 1188 811 1233 illis
834 1199 877 1234 te
897 1191 1052 1235 afferre.
1075 1207 1198 1251 posse
1214 1196 1519 1256 praejudiciuin
1543 1218 1554 1244 ι
1579 1202 1804 1261 acquiesce

406 1257 688 1301 destructum
716 1275 805 1303 esse
854 1262 974 1320 quod
1015 1272 1267 1320 extrueras‚
1313 1276 1356 1311 et
1384 1283 1461 1326 per
1500 1269 1584 1314 hoc
1613 1287 1703 1316 non
1742 1273 1805 1317 ire
1849 1308 1851 1315 .

405 1341 557 1371 omnes
579 1343 631 1372 ex
655 1344 744 1373 uno
764 1330 808 1373 in
832 1332 1246 1378 condemnationem
1269 1357 1280 1393 3
1317 1338 1393 1381 sed
1425 1354 1497 1384 eos
1527 1349 1698 1386 tantum
1727 1343 1804 1403 qui

405 1396 589 1441 rebelles
615 1398 831 1444 voluntati
859 1402 961 1457 Dei,
980 1403 1071 1446 sine
1091 1405 1375 1462 poenitentia,
1401 1409 1492 1454 sine
1514 1413 1830 1469 correctione‚-
1860 1452 1863 1454 .

404 1466 561 1512 ultimo
586 1467 750 1514 fuerint
771 1472 859 1515 fine
883 1472 1157 1532 deprehensi.
1188 1494 1206 1517 »

463 1541 758 1586 Ancusrmus.
796 1543 922 1587 Adde
944 1554 987 1589 et
1010 1555 1252 1603 generatos,
1273 1547 1307 1591 si
1326 1564 1415 1594 non
1438 1549 1606 1598 fuerint
1623 1568 1802 1613 regene-

403 1610 482 1655 rati
511 1630 519 1655 :
546 1613 647 1671 quia
670 1613 715 1657 in
738 1630 828 1658 uno
853 1630 1004 1660 omnes
1027 1629 1319 1676 peccaverunt
1337 1622 1369 1664 ⁴.

462 1683 661 1727 CXXVI.
688 1687 713 1728 J
720 1702 917 1731 nmmos.
944 1706 963 1729 «
990 1688 1118 1740 Quod
1131 1699 1276 1733 autem
1301 1690 1443 1736 dictus
1460 1701 1523 1737 est
1547 1713 1557 1739 :
1582 1713 1601 1737 «
1622 1695 1802 1754 Figulus
1863 1721 1865 1725 ·

406 1768 427 1792 »
452 1767 504 1796 ex
526 1753 678 1797 eadem
704 1770 840 1799 massa
862 1755 1024 1800 faciens
1046 1758 1166 1802 aliud
1189 1774 1262 1803 vas
1295 1760 1338 1804 in
1357 1762 1590 1820 honorem,
1614 1765 1734 1810 aliud
1756 1767 1802 1812 in

405 1838 426 1862 »
453 1823 816 1882 contumeliam-‘³3
837 1835 946 1870 »ate
968 1832 1297 1874 commemorari
1315 1833 1494 1878 omnino
1511 1850 1602 1880 non
1623 1835 1799 1883 debuit:

402 1892 504 1952 quia
536 1902 586 1937 ut
606 1910 638 1952 'a
667 1896 794 1940 nobis
826 1908 1147 1958 consequenter
1176 1902 1407 1960 exponitur
1425 1939 1436 1959 ,
1467 1905 1527 1949 ita
1555 1905 1634 1951 tibi
1657 1917 1800 1952 totum
1864 1943 1867 1948 -

401 1973 619 2022 repugnat
645 1984 653 2009 :
679 1981 779 2011 nam
801 1983 900 2011 cum
918 1967 990 2012 alii
1007 1970 1051 2012 in
1074 1970 1303 2027 honorem,
1328 1973 1399 2017 alii
1421 1974 1466 2018 in
1488 1978 1801 2024 contumeliam

402 2035 496 2079 fieri
532 2035 740 2081 dicuntur
757 2073 768 2094 ‚
786 2040 967 2099 juvatur
993 2056 1142 2086 sensus
1171 2044 1486 2091 catholicorum
1505 2082 1516 2102 ‚
1539 2065 1628 2108 quo
1649 2065 1801 2096 secun-

402 2106 510 2150 dum
549 2107 844 2154 diversitatem
882 2111 1121 2158 voluntatis
1153 2114 1357 2160 humanae
1382 2151 1393 2172 ‚
1437 2117 1630 2165 diversus
1669 2122 1801 2168 etiam

402 2192 604 2223 vasorum
620 2180 758 2225 exitus
781 2181 1056 2240 praedicatur.
1075 2203 1094 2225 »
1315 2225 1339 2247 ι

463 2252 756 2295 AUGUSTINUS.
808 2253 1092 2298 Ambrosium
1136 2256 1238 2299 audi
1268 2257 1300 2311 ⁰,
1341 2258 1419 2317 qui
1456 2258 1601 2306 dicit:
1639 2263 1800 2308 Omnes
1848 2292 1850 2301 v

403 2318 601 2363 homines
633 2321 715 2364 sub
758 2331 937 2380 peccato
974 2325 1218 2380 nascimur,
1261 2343 1449 2385 quorum
1480 2330 1570 2389 ipse
1601 2341 1722 2377 ortus
1753 2335 1801 2378 in
1867 2357 1868 2360 ¹

403 2388 511 2435 vitio
534 2399 612 2434 est.
645 2392 712 2436 Sic
735 2392 899 2452 quippe
934 2393 1145 2438 intellexit
1169 2410 1269 2440 cum
1303 2399 1469 2443 caeteris
1495 2402 1799 2463 condiscipulis

404 2469 448 2504 et
481 2460 821 2508 condoctoribus
853 2464 940 2508 suis
959 2499 971 2520 ‚
1006 2465 1097 2509 sine
1129 2466 1217 2511 ulla
1247 2467 1523 2516 dubitatione
1551 2473 1796 2531 catholicis,

455 2569 463 2584 ¹
482 2571 501 2595 2
519 2565 591 2597 Cor.
618 2576 663 2606 iv,
687 2566 739 2598 13.
755 2583 797 2589 -
813 2572 826 2588 ²
845 2566 962 2609 Ephes.
984 2579 1022 2607 ιι,
1042 2568 1133 2601 8.-
1149 2567 1162 2592 3
1191 2570 1242 2602 Jd.
1274 2582 1318 2610 vi,
1347 2571 1401 2604 23.
1419 2572 1490 2604 -4
1510 2577 1602 2609 Rom.
1621 2587 1656 2616 v,
1683 2585 1735 2613 12.
1754 2593 1796 2601 —-

407 2616 421 2639 ⁵
440 2619 487 2651 ld.
507 2630 549 2657 ix,
571 2629 622 2652 21.
639 2639 680 2644 --
695 2620 709 2642 6
728 2622 874 2654 Ambros.
892 2623 947 2656 lib.
965 2635 975 2657 1
995 2624 1034 2657 de
1049 2625 1249 2666 Poeffitentia,
1270 2638 1342 2669 cap.
1363 2637 1382 2661 2
1401 2629 1453 2662 vel
1475 2630 1504 2663 3.
