1821 3264
268 293 413 321 omnus
445 293 621 321 mezur.
657 293 820 322 com-uA
855 296 1022 323 suum.
1061 298 1140 324 mn.
1173 299 1220 324 11.
1347 285 1430 324 473

0 397 1 413 ἶ
49 356 189 414 exegit
205 355 412 400 auxilium
431 376 439 402 :
457 357 664 417 quoniam
678 358 757 401 nisi
772 367 888 403 tanta
904 360 1027 419 copia
1044 360 1308 419 indulgentis
1324 361 1432 406 suisa

0 435 1 438 ’
49 429 146 481 set²‚
163 425 282 470 nulla
299 426 380 471 alia
397 426 621 487 disciplina
634 428 792 472 morbis
806 438 893 472 tam
911 430 1112 487 gravibus
1129 432 1393 476 subveniret.
1411 452 1429 473 η

109 498 272 541 Verum
305 498 351 541 in
384 498 465 542 hac
495 497 632 543 divini
669 500 1047 545 commendatione
1082 502 1294 557 beneficii,
1329 503 1435 547 vidit

47 566 280 626 Apostolus
303 568 537 628 objectioni
551 567 698 612 locum
719 579 864 628 patere
881 585 1048 626 eorum,
1066 572 1144 632 qui
1163 573 1304 617 dicere
1320 582 1435 631 pote-

48 646 144 693 ant,
173 638 214 682 Si
241 639 321 683 rite
344 639 497 684 merita
519 654 745 684 causarum
764 640 818 685 de
841 641 1069 686 effectibus
1091 643 1373 699 aestimamus,
1394 653 1435 687 ct

48 717 325 768 peccatorum
342 710 483 769 copia,
503 719 553 754 ut
574 710 864 756 misericordia
886 713 962 756 Dei
985 713 1204 767 afflueret,
1230 714 1435 772 impetra—

48 779 131 836 vit3
151 778 437 824 insistendum
458 781 644 840 peccatis
662 790 748 836 est,
774 791 823 826 ut
842 784 989 841 gratiae
1006 799 1094 827 non
1114 783 1223 827 desit
1243 784 1431 828 ubertas.

47 850 166 894 Occu
174 865 291 894 rrens
306 851 455 911 itaque
469 851 663 911 opinioni
682 852 896 912 ejusmodi
914 872 922 897 ι
945 873 963 895 «
978 853 1096 907 Quid
1110 869 1210 912 ergo
1224 853 1434 909 dicemus,

49 938 70 962 »
97 921 266 980 inquit,
298 923 650 981 permanebimus
678 923 723 966 in
755 932 959 982 peccato,
986 934 1034 968 ut
1059 926 1190 982 gratia
1215 925 1438 969 abundet?

50 1009 70 1033 »
96 992 221 1036 Absit
238 1011 247 1038 :
263 993 340 1052 qui
355 993 472 1037 enim
491 995 654 1039 mortui
673 1009 822 1038 sumus
842 1004 1037 1054 peccato,
1064 996 1437 1055 quemadmodum

50 1080 70 1104 η
97 1062 240 1108 adhuc
259 1065 453 1109 vivemus
471 1065 516 1109 in
535 1067 613 1110 eo‘?
630 1068 697 1110 An
715 1066 922 1125 ignoratis
943 1067 1150 1126 quoniam
1173 1067 1438 1126 quicumque

50 1150 70 1174 »
97 1133 301 1192 baptizati
329 1150 478 1180 sumus
501 1136 546 1180 in
569 1137 742 1181 Christo
763 1139 886 1190 JesiJ,
913 1136 957 1180 in
986 1145 1126 1181 morte
1158 1136 1272 1180 illius
1302 1137 1439 1196 bapti-

49 1220 70 1245 »
94 1205 176 1248 zati
200 1207 376 1250 sumus?
396 1207 651 1266 Consepulti
675 1222 777 1265 ergo
799 1197 946 1251 sumus
966 1206 1045 1262 illi,
1072 1222 1148 1266 per
1173 1207 1438 1266 baptismum

50 1293 70 1316 n
96 1276 141 1318 in
182 1285 366 1320 mortem
387 1311 397 1332 ,
437 1286 485 1321 ut
524 1278 897 1337 quemadmodum
932 1277 1116 1322 surrexit
1151 1279 1348 1323 Christus
1395 1279 1439 1321 in

49 1363 70 1388 »
97 1346 231 1405 gloria
255 1347 413 1403 Patris,
439 1349 497 1392 ita
522 1358 565 1393 et
582 1364 660 1393 nos
676 1350 719 1393 in
742 1349 933 1393 novitate
956 1349 1056 1393 vitae
1080 1348 1386 1393 ambulemus&
1416 1367 1436 1390 »

106 1421 400 1462 Areum-mus.
424 1420 649 1480 Numquid
662 1418 760 1464 ideo
778 1435 866 1464 non
877 1434 954 1464 vos
972 1418 1205 1479 apostolica
1219 1421 1296 1464 ista
1308 1421 1437 1464 verba

46 1487 280 1543 suffocant,
300 1489 405 1548 quia
427 1498 471 1533 et
491 1505 567 1534 vos
591 1505 640 1534 ea
664 1491 1027 1544 commemoratis,
1055 1505 1109 1533 ne
1131 1490 1440 1534 obliviscamur

46 1574 179 1618 quam
210 1559 334 1602 firma
366 1559 586 1603 conemini
625 1559 781 1604 domus
814 1560 890 1602 Dei
930 1558 1220 1603 fundamenta
1264 1559 1441 1603 convel-

46 1631 164 1674 lere?
194 1633 364 1686 Insane,
401 1646 504 1675 cum
533 1632 707 1676 dixisset
731 1631 985 1691 Apostolus,
1033 1631 1074 1675 Si
1105 1631 1266 1674 mortui
1294 1646 1441 1674 sumus

47 1711 243 1760 peccato,
268 1701 492 1762 quomodo
526 1701 670 1746 adhuc
699 1703 894 1746 vivemus
923 1703 966 1745 in
989 1703 1066 1746 eo?
1098 1702 1202 1745 Ideo
1230 1701 1437 1761 subjecit,

48 1775 117 1816 An
161 1773 368 1830 ignoratis
405 1774 612 1833 quoniam
662 1773 930 1832 quicumque
969 1772 1173 1831 baptizati
1215 1786 1362 1815 sumus
1396 1771 1440 1814 in

50 1843 224 1887 Christo
249 1845 370 1899 Jesu,
397 1844 439 1886 in
460 1852 598 1887 morte
619 1843 751 1902 ipsius
770 1842 978 1902 baptizati
1000 1843 1231 1886 sumuSPut
1247 1842 1440 1900 baptiza-

51 1922 117 1958 tos
149 1914 194 1957 in
217 1914 390 1959 Christo
415 1923 610 1959 mortuos
634 1914 839 1973 probaret
858 1928 948 1958 esse
972 1922 1166 1973 peccato.
1195 1915 1339 1972 Usque
1363 1913 1442 1956 ad-

52 1999 187 2029 eo-ne
208 1985 364 2029 surdus
384 2000 450 2040 es,
477 1994 526 2029 ut
547 1986 626 2029 ista
639 2000 727 2029 non
749 1983 923 2028 audias?
946 1983 1194 2043 usqueadeo
1218 1998 1372 2037 caecus,
1394 1991 1443 2026 ut

52 2056 131 2102 ista
148 2072 237 2101 non
256 2057 429 2101 videas?
451 2058 672 2102 Confitere
693 2071 795 2115 ergo
815 2065 992 2115 peccato
1014 2064 1206 2100 mortuos
1241 2052 1442 2114 parvulos

53 2127 318 2187 baptizatos3
363 2129 570 2173 confitere
605 2127 781 2172 tandem
811 2126 1019 2185 originale
1058 2135 1314 2186 peccatum,
1356 2140 1443 2168 non

53 2199 170 2242 enim
199 2197 318 2242 aliud
348 2199 417 2243 cui
451 2207 725 2242 morerentur
759 2197 1006 2240 habuerunt
1034 2217 1042 2240 :
1078 2206 1154 2240 aut
1174 2195 1244 2240 dic
1268 2203 1439 2254 aperte,

55 2269 264 2328 baptizari
288 2284 360 2314 eos
379 2285 467 2314 non
485 2278 709 2329 oportere,
737 2277 811 2312 aut
830 2284 929 2312 curn
952 2268 1242 2327 baptizantur,
1266 2281 1353 2309 non
1373 2279 1443 2308 eos

56 2341 100 2384 in
121 2340 295 2386 Christo
318 2343 420 2384 Jesu
450 2340 656 2400 baptizari
679 2349 753 2384 aut
781 2355 869 2384 non
903 2340 950 2382 in
978 2348 1117 2382 morte
1139 2338 1270 2396 ipsius
1298 2335 1441 2394 bapti-

57 2411 158 2464 zari,
177 2419 219 2454 et
233 2409 330 2454 dele
345 2411 378 2454 si
400 2419 522 2470 potes
539 2409 735 2469 Apostoli
752 2410 883 2454 verba
899 2409 1080 2452 dicentis
1097 2427 1106 2452 2
1131 2426 1151 2449 «
1169 2406 1443 2465 Quicumque

61 2499 82 2522 »
103 2480 309 2539 baptizati
322 2495 470 2524 sumus
486 2481 531 2524 in
552 2480 724 2525 Christo
744 2482 767 2522 J
772 2495 862 2533 esu,
882 2479 927 2521 in
942 2477 1222 2536 morteipsius
1240 2475 1442 2534 baptizati

62 2570 83 2593 r»
109 2566 272 2596 sumus.
296 2570 313 2592 »
334 2554 467 2596 Porro
484 2551 517 2595 si
535 2551 628 2594 haec
645 2550 775 2593 verba
795 2548 939 2592 delere
961 2563 1047 2593 non
1068 2556 1208 2606 potes,
1228 2546 1337 2591 sicut
1356 2560 1441 2589 non
1472 2552 1479 2557 ’

111 2643 118 2660 ¹
146 2637 250 2670 Forte
266 2636 478 2679 indulgentiae.
494 2654 535 2661 —
553 2643 564 2659 ²
591 2638 680 2669 Rom.
699 2647 745 2675 vr,
770 2646 778 2666 t
799 2639 832 2667 et
845 2645 933 2678 seqq.
