1821 3264
1 294 4 314 λ
260 260 404 287 ommis
440 261 614 287 IMPERF.
648 258 812 286 CONTRA
845 262 1012 288 suman.
1052 262 1132 288 Lis.
1170 263 1200 288 1.
1341 253 1426 290 285

102 324 289 367 «Verum
308 324 407 383 quia
429 339 517 368 non
539 338 691 383 parum
709 324 778 368 hic
799 324 1016 370 immorati
1033 341 1197 380 sumus,
1222 335 1272 370 ut
1288 335 1429 371 osten-

0 388 3 444 Ι
40 393 238 438 deremus
262 395 549 439 certissimum
571 410 660 439 esse
692 397 813 455 quod
848 396 1038 441 dixeram
1057 432 1067 452 ‚
1094 398 1197 458 quia
1219 408 1427 456 negarent

0 480 1 516 γ
37 464 223 508 liberum
256 464 483 509 arbitrium
506 466 703 510 homines
724 500 733 521 ‚
760 466 833 526 qui
865 476 1007 511 vestro
1030 468 1212 512 fuissent
1228 484 1426 514 sermone

37 533 245 590 deterriti,
263 545 306 580 et
320 536 365 579 in
375 551 526 581 verum
543 536 723 580 exitium
734 552 845 581 vana
866 536 1101 582 formidine
1118 539 1423 598 truderentur3

36 614 166 665 atque
186 615 229 650 te
252 622 340 651 esse
357 608 626 666 praecipuum
642 606 808 651 arbitrii
827 606 953 651 liberi
971 617 1221 666 negatorem
1247 628 1255 653 :
1281 625 1426 654 rever-

34 685 178 721 tamur
195 678 248 722 ad
265 677 387 722 illum
407 678 587 734 librum,
608 679 684 739 qui
702 688 765 723 est
784 679 1069 724 adValerium
1093 681 1349 736 destinatus,
1375 690 1426 725 ut

33 749 265 807 probemus
287 750 428 809 primo
453 759 493 794 te
510 765 687 809 negasse
710 749 983 795 conditorem
1004 754 1139 795 Deum
1161 771 1171 809 3
1201 767 1320 795 nunc
1346 767 1424 796 au-

32 827 119 863 tem
138 855 149 875 ‚
172 820 275 864 alibi
304 821 481 882 quidem
510 836 698 881 negare,
732 821 836 865 alibi
872 821 1090 866 scelestius
1120 822 1260 867 multo
1290 838 1424 883 quam

30 905 261 949 negaveras
299 893 511 936 confiteri.
546 895 601 936 Et
628 891 806 952 quidem
845 908 977 953 quam
1015 892 1058 936 in
1095 893 1170 938 illo
1197 892 1310 938 libro
1344 903 1423 938 tuo

30 961 170 1020 priore
199 962 397 1007 absolute
426 965 566 1007 Deum
603 963 826 1022 negaveris
856 963 1140 1008 Conditorem
1168 964 1419 1019 hominum,

27 1032 125 1076 satis
163 1049 263 1077 cum
289 1033 580 1078 discuteretur
609 1035 810 1094 apparuit
834 1054 843 1079 z
874 1035 1017 1078 dixisti
1039 1035 1203 1094 quippe
1220 1069 1231 1090 ‚
1252 1033 1373 1094 quod
1399 1052 1419 1075 »

28 1118 164 1161 genus
187 1104 430 1149 humanum
450 1104 651 1149 diabolus
666 1105 790 1165 quasi
813 1104 996 1164 plantati
1018 1121 1041 1148 a
1060 1120 1104 1149 se
1120 1103 1287 1149 fruticis
1300 1104 1423 1150 fruc—

27 1182 117 1218 tum
139 1176 237 1233 jgzre
259 1174 509 1236 decerperet
541 1180 551 1203 ¹
579 1198 590 1235 3
619 1197 636 1219 «
661 1177 888 1236 multaque
906 1176 987 1220 alia
1005 1192 1104 1236 quae
1125 1176 1222 1221 loco
1245 1193 1268 1220 a
1285 1185 1329 1220 te
1351 1192 1423 1220 ar-

27 1255 335 1304 gumentorum
356 1247 495 1306 posita
517 1249 619 1292 huic
646 1257 937 1307 cooperantur
961 1248 1109 1292 errori.
1140 1251 1190 1291 In
1213 1248 1296 1292 hoc
1318 1263 1422 1292 vero

25 1316 216 1361 secundo
249 1317 385 1373 libro,
410 1319 487 1362 etsi
519 1318 800 1364 universitate
825 1319 1041 1377 dogmatis
1060 1318 1125 1362 tui
1147 1317 1264 1362 idem
1282 1334 1382 1377 agas
1408 1340 1419 1376 3

23 1396 168 1432 tamen
195 1389 479 1448 perniciosius
515 1390 663 1434 niteris
696 1390 931 1434 emendare
969 1390 1261 1445 sententiam,
1288 1405 1421 1450 quarn

23 1469 123 1503 ante
137 1459 402 1518 protulisti.»

81 1533 374 1576 ΑυρυετιΜ-ε.
407 1531 447 1576 Si
483 1532 562 1576 tibi
595 1547 750 1592 parum
786 1544 850 1576 est
878 1531 1128 1591 Apostolus,
1170 1531 1247 1591 qui
1276 1530 1418 1576 dicit:

26 1618 46 1643 «
70 1604 152 1645 Per
169 1618 307 1646 unum
338 1603 562 1647 hominem
587 1611 816 1662 peccatum
838 1602 1016 1647 intravit
1045 1602 1090 1645 in
1116 1602 1351 1657 mundum,
1377 1611 1421 1646 et

24 1689 44 1713 n
69 1687 148 1731 per
175 1682 401 1732 peccatum
432 1688 570 1729 mors,
608 1683 652 1718 et
679 1674 738 1718 ita
760 1673 805 1717 in
829 1688 979 1718 omnes
1002 1673 1199 1717 homines
1222 1682 1422 1732 pertran—

27 1761 44 1784 ι)
70 1743 166 1798 siit,
194 1745 239 1788 in
260 1760 349 1805 quo
374 1760 526 1789 omnes
550 1752 841 1804 peccaverunt
859 1747 891 1786 ².
915 1762 934 1785 »
967 1743 1224 1787 Ambrosius
1247 1743 1417 1803 utique,

22 1828 111 1858 non
134 1823 182 1858 ut
204 1815 475 1859 Manichaeus
496 1850 506 1870 ,
538 1831 627 1875 quo
658 1816 836 1859 nomine
858 1813 979 1867 tales,
1012 1812 1151 1872 qualis
1183 1812 1256 1856 ille
1277 1811 1421 1857 fuerat

21 1885 148 1940 fidei,
170 1885 409 1931 criminaris
436 1908 447 1944 3
472 1885 546 1931 sed
569 1895 619 1931 ut
641 1885 880 1931 catholicus
903 1883 1117 1929 intellexit
1138 1884 1416 1944 Apostolum,

22 1969 211 2016 eumque
232 1956 481 2016 intelligens
504 1957 562 2001 ait
581 1976 590 2001 ι
617 1958 778 2002 Omnes
800 1955 998 2001 homines
1018 1955 1098 1999 sub
1122 1964 1299 2015 peccato
1317 1969 1418 1999 nas-

21 2025 174 2081 cimur,
195 2042 387 2086 quorum
409 2027 500 2086 ipse
522 2036 642 2072 ortus
666 2027 712 2070 in
732 2026 838 2072 vitio
861 2035 925 2070 est
943 2027 975 2070 ³.
999 2029 1113 2070 Ecce
1135 2026 1190 2069 de
1211 2040 1301 2085 quo
1322 2033 1420 2069 tan-

20 2112 153 2156 quam
185 2097 240 2141 de
279 2113 357 2142 suo
386 2098 543 2143 frutice
573 2097 774 2143 diabolus
809 2096 1002 2142 fructum
1028 2099 1127 2158 jure
1163 2096 1379 2156 decerpsit
1405 2116 1417 2153 3

20 2183 111 2212 non
132 2167 187 2212 de
205 2178 357 2213 natura
374 2185 506 2229 quam
525 2173 639 2214 Deus
660 2168 961 2224 condidit‚sed
983 2167 1037 2213 de
1059 2168 1164 2213 vitio
1187 2166 1308 2228 quod
1327 2167 1420 2226 ipse

19 2237 248 2297 plantavit.
269 2242 421 2299 Neque
441 2240 555 2283 enim
572 2241 648 2300 qui
669 2249 909 2284 nascuntur
925 2239 1005 2283 sub
1022 2248 1217 2298 peccato,
1237 2245 1420 2297 possunt

21 2309 101 2353 nisi
116 2310 199 2354 sub
212 2319 389 2355 auctore
402 2325 492 2354 esse
506 2312 686 2370 peccati,
707 2312 741 2355 si
758 2325 848 2354 non
862 2318 1146 2354 renascantur
1161 2310 1206 2353 in
1224 2308 1414 2354 Christo.

80 2382 173 2425 CX.
212 2384 234 2425 J
245 2399 439 2427 [maists.
476 2401 496 2424 «
526 2384 688 2425 Verum
714 2381 994 2441 suppleamus
1023 2380 1213 2425 breviter
1236 2393 1416 2438 respon-

23 2451 210 2508 sionem,
236 2468 336 2513 quae
359 2453 491 2513 capiti
514 2462 591 2497 tuo
610 2488 620 2508 ,
646 2453 767 2513 quod
790 2468 920 2512 supra
942 2451 1190 2512 posuimus,
1211 2450 1413 2494 debetur.

71 2561 79 2577 ¹
98 2555 176 2588 Vide
193 2554 248 2587 lib.
265 2555 304 2587 de
324 2556 460 2599 Nuptiis,
490 2566 561 2598 cap.
581 2556 635 2589 23.
653 2573 694 2580 —
712 2563 724 2579 ²
753 2559 842 2588 Rom.
864 2566 895 2597 v,
923 2564 972 2587 ια.
991 2571 1031 2578 --
1047 2552 1062 2576 3
1092 2553 1237 2587 Anibi-os,
1261 2552 1317 2585 lib.
1342 2564 1352 2585 1
1377 2552 1417 2584 de
1455 2559 1462 2564 ·

24 2609 224 2651 I‘oenitentia,
243 2621 317 2652 cap.
338 2619 369 2643 2.
