1821 3264
394 252 445 278 DE
478 249 768 277 coanurrronz
801 250 853 276 ET
885 249 1060 276 onum.
1372 238 1426 275 15

36 319 280 377 accepimus
291 331 377 377 qua
389 327 744 374 permaneremus
755 312 802 356 in
818 313 962 358 bono?
978 312 1102 358 nullo
1116 311 1249 357 modo
1263 313 1344 357 hac
1359 327 1427 356 ex-

36 389 257 435 cusatione
278 402 302 431 a
313 387 429 446 justa
449 384 732 429 damnatione
751 397 796 427 se
814 383 1078 428 liberabunt.
1100 383 1143 430 Si
1161 384 1295 439 enim,
1315 382 1428 428 sicut

33 462 188 506 veritas
207 458 419 518 loquitur,
447 470 578 501 nemo
598 454 811 499 liberatur
834 471 857 499 a
881 453 1161 499 damnatione
1185 471 1286 515 quae
1313 456 1428 500 iacta

34 540 98 576 est
119 545 196 589 per
210 528 368 584 Adam,
388 527 469 572 nisi
488 541 563 586 per
578 525 710 571 fidem
725 528 749 570 J
753 540 830 570 esu.
845 525 1006 572 Christi
1024 546 1035 583 3
1055 534 1099 570 et
1112 534 1262 570 tamen
1275 526 1330 570 ab
1346 526 1429 571 hac

36 601 315 647 damnatione
337 615 429 644 non
445 613 490 644 se
503 598 758 643 liberabunt
771 598 847 658 qui
864 607 1074 658 poterunt
1095 597 1254 653 dicere,
1275 608 1432 643 non-se

35 672 202 718 audisse
228 669 516 730 Evangelium
537 669 721 725 Christi,
760 683 862 713 cum
895 668 1003 713 fides
1037 684 1088 712 ex
1124 668 1279 713 auditu
1312 669 1390 713 sit²
1414 685 1433 713 t·

35 752 201 803 quanto
217 742 361 786 minus
382 756 427 785 se
442 740 697 785 liberabunt
719 741 795 800 qui
813 740 974 785 dicturi
999 749 1116 796 sunt,
1144 743 1428 785 Perseveran-

37 815 142 860 tiam
175 829 265 860 non
297 813 567 873 accepimus?
590 812 755 857 Justior
783 812 897 856 enim
922 811 1094 857 videtur
1117 812 1336 856 excusatio
1358 811 1428 856 di-

36 887 228 930 centium
246 919 257 940 ,
290 899 379 929 non
409 884 651 943 accepimus
675 882 970 939 audientiam,
1005 898 1138 943 quam
1168 881 1426 938 dicentium,

35 958 133 1002 Non
173 956 417 1016 accepimus
451 955 816 1015 perseverantiam
842 974 852 1000 2
880 955 1087 1015 quoniam
1129 963 1272 1014 potest
1313 954 1398 999 dici
1415 989 1426 1009 ,

35 1029 193 1083 Homo,
219 1028 264 1072 in
286 1042 339 1072 eo
360 1027 482 1087 quod
502 1026 699 1077 audieras
722 1034 765 1071 et
786 1034 1010 1081 tenueras,
1035 1026 1083 1070 in
1105 1041 1156 1071 eo
1179 1040 1430 1086 persevera-

35 1113 100 1143 res
116 1099 152 1143 si
169 1098 329 1158 velles,
351 1098 476 1143 nullo
498 1097 631 1144 modo
650 1107 799 1144 autem
821 1098 906 1144 dici
928 1107 1087 1159 potest,
1114 1098 1167 1144 Id
1195 1098 1314 1160 quod
1340 1114 1430 1144 non

35 1168 230 1215 audieras
247 1205 260 1226 ‚
284 1170 486 1215 crederes
507 1171 542 1214 si
567 1170 718 1215 velles.

91 1244 193 1286 XII.
220 1245 284 1286 Ac
306 1257 383 1301 per
407 1242 490 1287 hoc
512 1251 556 1287 et
579 1242 655 1302 qui
681 1241 968 1301 Evangelium
993 1258 1081 1287 non
1104 1243 1358 1297 audierunt,
1383 1251 1427 1287 et

34 1312 112 1372 qui
139 1327 191 1357 eo
220 1311 370 1357 audito
401 1314 445 1356 in
475 1312 630 1356 melius
660 1314 917 1358 commutati
951 1315 1315 1373 perseverantiam
1340 1329 1431 1358 non

33 1392 312 1442 acceperunt,
341 1391 385 1427 et
408 1383 484 1443 qui
507 1382 744 1442 Evangelio
769 1383 919 1428 audito
942 1385 1091 1428 venire
1116 1384 1170 1428 ad
1190 1385 1428 1439 Christum,

34 1455 119 1499 hoc
149 1463 230 1509 est,
260 1454 305 1498 in
327 1468 429 1498 eum
451 1452 629 1498 credere
650 1452 919 1509 noluerunt,
945 1455 1154 1514 quoniam
1177 1455 1268 1514 ipse
1290 1453 1399 1499 dixit
1422 1474 1429 1499 :

40 1543 61 1567 «
80 1527 218 1571 Nemo
238 1524 358 1570 venit
380 1523 436 1568 ad
457 1539 542 1579 me,
567 1524 649 1569 nisi
672 1524 710 1568 ei
733 1525 886 1569 datum
907 1524 1040 1570 fuerit
1062 1542 1086 1570 a
1108 1529 1235 1570 Patre
1252 1528 1394 1570 me02.
1409 1543 1430 1567 »

36 1605 80 1641 et
99 1596 176 1656 qui
202 1611 278 1655 per
299 1604 473 1640 aetatem
498 1594 726 1655 parvulam
749 1610 831 1640 nec
863 1595 1041 1641 credere
1069 1606 1327 1656 potuerunt,
1357 1595 1435 1641 sed

35 1667 91 1711 ab
115 1665 313 1725 originali
338 1681 450 1712 noxa
471 1666 564 1711 solo
595 1676 771 1726 possent
795 1666 967 1712 lavacro
996 1668 1336 1727 regenerationis
1361 1667 1433 1712 ab·

34 1737 159 1794 solvi,
177 1753 267 1800 quo
283 1747 432 1783 tamen
452 1753 543 1783 non
565 1748 745 1798 accepto
770 1740 932 1784 mortui
953 1740 1202 1799 perierunt,
1222 1755 1311 1785 non
1332 1748 1434 1783 sunt

36 1809 89 1853 ab
117 1808 191 1853 illa
221 1811 526 1868 conspersione
555 1809 743 1864 discreti,
776 1825 909 1869 quam
934 1820 1105 1855 constat
1127 1826 1218 1856 esse
1247 1812 1433 1855 damna-

38 1888 142 1934 tam,
173 1879 378 1924 euntibus
402 1880 605 1924 omnibus
627 1895 678 1923 ex
700 1895 790 1924 uno
812 1881 857 1924 in
880 1881 1310 1926 condemnationem.
1338 1881 1433 1925 Dis-

35 1958 277 1995 cernuntur
293 1960 440 1995 autern
460 1965 550 1995 non
567 1951 730 1995 meritis
745 1951 832 1994 suis
848 1986 858 2006 ‚
881 1952 956 1995 sed
975 1966 1051 2010 per
1070 1952 1254 2010 gratiam
1272 1952 1434 1997 Media-

40 2023 158 2077 toris,
178 2022 263 2067 hoc
284 2030 364 2077 est,
384 2021 430 2066 in
451 2021 662 2080 sanguine
686 2020 866 2065 secundi
888 2021 1030 2066 Adam
1045 2022 1270 2083 justificati
1285 2023 1429 2080 gratis.

37 2093 191 2152 Itaque
225 2106 327 2137 cum
361 2089 561 2136 audimus
588 2109 597 2136 ι
627 2110 644 2132 «
671 2091 775 2145 Quis
807 2093 924 2136 enim
965 2101 1010 2137 te
1046 2093 1284 2138 discernit?
1326 2091 1436 2153 quid

40 2179 62 2202 »
85 2171 230 2206 autem
252 2161 386 2207 habes
404 2161 527 2222 quod
549 2176 639 2207 non
662 2163 895 2222 accepisti?
917 2164 952 2208 si
973 2173 1119 2208 autem
1143 2174 1187 2209 et
1211 2164 1431 2223 accepisti,

40 2249 62 2273 »
86 2233 195 2293 quid
217 2232 408 2291 gloriaris
431 2232 553 2293 quasi
578 2248 668 2278 non
692 2234 906 2293 acceperis
924 2236 969 2277 3?
999 2253 1018 2277 »
1047 2235 1103 2279 ab
1126 2235 1198 2280 illa
1222 2235 1435 2295 perditio-

40 2302 104 2347 nis
125 2317 262 2348 massa
283 2318 383 2363 quae
405 2301 520 2348 facta
542 2312 606 2348 est
627 2319 705 2363 per
725 2304 917 2363 primum
939 2305 1077 2350 Adam
1096 2341 1107 2361 ,
1132 2306 1342 2351 debemus
1364 2307 1435 2350 in·

41 2371 234 2433 telligere
255 2374 473 2418 neminem
499 2389 620 2433 posse
637 2374 839 2430 discerni,
862 2377 941 2420 nisi
960 2377 1035 2436 qui
1059 2377 1142 2421 hoc
1165 2377 1335 2422 donum
1359 2378 1436 2421 ha-

44 2445 138 2501 bet,
162 2446 357 2506 quisquis
379 2446 513 2490 habet
529 2480 540 2500 ,
573 2445 693 2506 quod
715 2448 849 2505 gratia
879 2447 1109 2493 Salvatoris
1132 2450 1316 2509 accepit.
1343 2452 1436 2494 Hoc

44 2524 188 2561 autem
205 2516 489 2575 apostolicum
515 2516 810 2562 testimonium
832 2526 918 2562 tam
940 2534 1146 2577 magnum
1162 2530 1244 2576 est,
1266 2528 1316 2564 ut
1330 2520 1436 2565 bea-

93 2607 101 2622 ¹
119 2602 208 2634 Rom.
228 2612 262 2641 x,
285 2611 335 2643 17.
356 2616 395 2624 —-
413 2603 532 2633 ³Joan.
553 2600 750 2642 v1‚66.—³
774 2610 784 2632 ι
811 2604 884 2635 Cor.
904 2614 948 2641 iv,
978 2614 1007 2644 7.
