1821 3264
255 261 398 288 ommis
430 262 605 288 monim.
639 261 801 289 comm
834 262 1001 289 icum.
1038 263 1119 290 ΜΒ.
1158 265 1186 288 ι.
1328 252 1411 290 289

35 324 294 386 loquereris3
314 327 369 371 ab
383 326 538 382 Adam,
558 341 690 388 quern
706 328 764 372 ais
780 344 916 374 unum
939 344 1087 375 omnes
1108 327 1255 382 fuisse,
1276 341 1414 387 usque

36 396 91 443 ad
112 398 265 452 finem,
290 397 367 457 qui
389 397 592 457 baptizati
609 414 698 442 non
720 410 821 444 sunt
843 435 853 454 ,
879 399 1147 445 damnationi
1170 408 1212 443 et
1239 396 1416 442 diabolo

36 468 245 514 obnoxios
275 468 528 526 pronuntias
556 469 754 513 inveniri.
782 473 833 514 In
856 486 942 529 qua
966 470 1180 515 sententia
1211 469 1349 513 multo
1376 477 1420 511 te

37 538 314 600 perniciosius
350 554 499 584 curare
522 540 689 595 niteris,
716 556 847 600 quam
876 551 1001 586 antea
1033 540 1283 586 vulnerasti.
1309 542 1420 585 Nam

37 618 85 654 ut
107 624 346 655 removeres
368 609 572 655 invidiam
590 626 688 670 quae
708 611 753 655 in
775 621 817 656 te
831 612 1001 667 ruebat,
1020 612 1140 671 quod
1153 609 1315 655 diceres
1327 608 1421 652 dia-

37 680 187 725 bolum
217 680 487 726 conditorem
516 681 745 726 hominum
767 703 778 740 3
805 691 1023 727 correctus
1046 680 1263 726 confiteris
1282 683 1422 724 Deum

37 750 305 796 conditorem
323 786 333 806 ,
359 750 433 795 sed
457 751 609 796 talium
639 751 788 811 quales
814 752 986 798 ascribit
1008 752 1276 797 Manichaeus
1308 749 1425 809 prin-

36 822 119 882 cipi
138 822 434 866 tenebrarum.
456 841 476 863 »

95 896 387 938 Aucusrmus.
417 894 579 937 Omnes
618 894 816 938 homines
850 894 932 938 sub
965 902 1143 953 peccato
1178 892 1426 945 nascimur,

38 979 226 1024 quorum
243 963 334 1023 ipse
356 972 476 1008 ortus
504 963 549 1007 in
573 963 679 1008 vitio
712 973 790 1008 est.
822 966 915 1008 Hoc
948 979 1037 1008 non
1071 963 1177 1007 dixit
1199 962 1430 1006 haereticus

37 1034 291 1079 immundus
311 1035 579 1080 Manichacus
607 1071 618 1090 ,
657 1037 732 1080 sed
762 1035 1000 1081 catholicus
1034 1044 1207 1079 sanctus
1241 1033 1434 1077 Ambro-

37 1105 124 1151 sius
147 1108 174 1149 ¹.
203 1109 336 1151 Porro
364 1116 508 1151 autem
537 1107 804 1152 Manichaeus
834 1122 914 1152 nec
936 1121 1111 1151 omnem
1140 1114 1359 1159 naturam,
1389 1103 1434 1147 in

38 1185 252 1235 quantum
279 1185 434 1221 natura
452 1186 530 1231 est,
568 1176 673 1221 dicit
702 1177 892 1235 bonam3
924 1192 1004 1221 nec
1041 1191 1136 1220 eam
1171 1189 1304 1235 quam
1327 1172 1435 1217 dicit

39 1254 240 1291 naturam
271 1246 429 1291 malam
451 1282 461 1301 ,
495 1246 587 1291 ullo
624 1248 756 1292 modo
794 1247 899 1292 dicit
933 1247 1072 1291 sanari
1107 1261 1230 1306 posse
1261 1259 1309 1288 ac
1338 1241 1434 1286 fieri

41 1315 201 1360 bonam
233 1336 240 1360 :
286 1317 407 1376 quod
440 1316 653 1362 catholica
684 1317 791 1362 fides
823 1318 929 1362 dicit
952 1317 1006 1361 de
1043 1326 1200 1361 natura
1240 1316 1433 1358 humana

40 1387 297 1446 pusillorum
330 1397 461 1447 atque
491 1403 778 1447 magnorum,
821 1398 864 1433 et
895 1398 1046 1433 contra
1081 1386 1346 1432 Manichaeos
1391 1391 1436 1426 et

40 1465 191 1501 contra
214 1457 464 1516 Pelagianos
487 1492 498 1512 ‚
531 1466 738 1518 utrosque
760 1458 938 1502 diversis
963 1457 1151 1511 morbis,
1174 1454 1250 1499 sed
1272 1454 1435 1513 pariter

41 1543 229 1572 insanos.

100 1600 256 1645 CXVI.
293 1601 522 1644 Jnmaivus.
556 1600 684 1644 Enim
719 1614 822 1644 vero
852 1598 1032 1644 credens
1061 1597 1198 1642 malos
1227 1610 1317 1640 esse
1349 1595 1433 1639 ho-

40 1670 176 1714 mines
214 1669 465 1714 conditione
498 1669 731 1724 nascendi,
767 1669 892 1713 illum
936 1670 994 1713 eis
1024 1667 1253 1728 deputavit
1279 1674 1432 1711 aucto—

43 1756 131 1785 rem
151 1776 161 1794 ,
182 1756 260 1800 per
281 1756 413 1800 quem
441 1739 540 1783 mali
565 1742 705 1800 operis
729 1741 893 1785 crimen
916 1756 936 1784 a
958 1744 1049 1784 Deo
1071 1739 1190 1783 bono
1214 1752 1436 1797 separare-

45 1821 115 1857 tur
152 1831 161 1857 :
196 1821 239 1856 et
275 1812 485 1871 quoniam
522 1820 738 1855 erraverat
772 1812 817 1856 in
861 1810 1116 1855 definitione
1149 1808 1316 1868 peccati
1337 1841 1348 1861 ‚
1386 1814 1437 1849 ut

44 1891 217 1942 putaret
243 1880 442 1926 naturale
476 1896 592 1936 esse,
632 1881 753 1941 quod
783 1881 863 1924 nisi
896 1880 1193 1925 voluntarium
1212 1881 1315 1922 ‘esse
1347 1890 1439 1920 non

45 1962 186 2012 potest
213 1973 224 2010 3
254 1961 573 2012 consequenter
594 1951 798 2011 deinceps
829 1951 953 1995 malae
978 1950 1154 2009 originis
1183 1949 1349 1993 malum
1373 1954 1437 1990 est

44 2033 316 2070 commentus
335 2024 567 2079 artificem3
595 2023 667 2067 hic
689 2022 926 2081 religiosior
945 2023 991 2067 in
1014 2025 1150 2066 Deum
1171 2055 1182 2076 ‚
1203 2028 1436 2064 contuma-

47 2095 137 2140 cior
171 2095 218 2138 in
256 2103 472 2138 naturam.
514 2096 580 2137 Tu
616 2108 718 2137 vero
750 2091 881 2147 dicis,
908 2092 1044 2137 malos
1072 2090 1249 2151 quidem
1281 2088 1397 2132 nasci
1422 2121 1433 2140 ,

45 2163 120 2210 sed
148 2168 286 2209 Deum
318 2179 409 2208 esse
446 2172 666 2207 auctorem
707 2166 919 2208 malorum
948 2182 956 2207 :
990 2159 1289 2206 contumacior
1313 2167 1363 2202 tu
1390 2157 1436 2200 in

46 2238 202 2291 Deum,
233 2235 592 2280 honorificentior
613 2234 659 2277 in
682 2243 881 2278 naturam
910 2252 918 2278 z
949 2234 1044 2278 haec
1066 2233 1229 2293 quippe
1250 2227 1437 2275 auctoris

49 2307 268 2366 majestate
281 2304 536 2349 defenditur
557 2314 737 2359 ,auctor
765 2313 911 2350 autem
945 2303 1146 2348 foeditate
1184 2300 1326 2361 operis
1363 2313 1437 2343 ac-

48 2387 237 2423 cusatur.
265 2393 285 2417 »

109 2453 400 2492 Amus‘rmus.
433 2450 599 2490 Accusa
622 2461 726 2505 ergo
754 2449 891 2490 Deum
911 2479 921 2497 ‚
941 2445 974 2488 si
997 2444 1137 2504 placet
1157 2479 1165 2497 ,
1190 2441 1330 2502 operis
1358 2440 1441 2485 foe-

52 2520 186 2564 ditate
217 2538 225 2563 :
266 2516 627 2578 quandoquidem
662 2516 806 2577 aliqua
841 2531 1022 2576 corpora
1058 2525 1143 2560 tam
1187 2514 1306 2559 foeda
1342 2527 1476 2559 nas-.

102 2610 111 2626 ¹
136 2602 280 2636 Ambros.
300 2601 358 2634 lib.
376 2613 386 2635 1
403 2602 444 2636 de
458 2601 659 2643 Paenitentia,
679 2611 753 2644 cap.
776 2609 793 2634 2
815 2600 866 2633 vel
881 2600 910 2632 3.

269 2666 419 2697 cxmu.
1192 2654 1238 2691 1ss
