1884 3285
444 223 526 262 434
877 239 910 264 s.
946 235 1176 268 Aueus‘nm
1209 243 1390 270 Emscom

443 317 463 340 »
490 298 602 343 illius
632 300 834 360 baptizati
855 317 1004 348 sumus
1027 306 1059 348 ¹.
1084 323 1103 347 »
1134 306 1203 351 Ad
1224 307 1318 352 haec
1339 317 1484 353 autem
1507 312 1639 355 verba
1662 320 1711 357 ut
1732 329 1829 373 per·-

437 370 604 414 veniret
629 389 637 415 :
662 390 681 413 «
710 372 752 417 Si
779 373 897 418 enim
918 377 1079 420 mortui
1101 391 1250 424 sumus
1270 414 1281 435 ,
1306 380 1448 441 inquit
1467 415 1478 436 ‚
1501 392 1697 441 peccato,
1717 401 1829 445 quo-

437 458 459 481 ·»
486 441 618 486 modo
631 443 824 488 vivemus
845 445 891 489 in
912 461 964 490 eo
987 448 1003 471 ²
1025 449 1044 492 Ρ
1069 466 1089 489 »
1112 451 1353 511 Statimque
1373 461 1424 496 ut
1445 454 1691 500 ostenderet
1712 471 1830 502 mor-

436 521 534 557 tuos
556 529 636 558 nos
669 529 758 559 esse
783 526 961 575 peccato
988 537 996 563 :
1027 537 1046 560 «
1072 521 1140 564 An
1172 521 1404 581 ignoratis,
1429 523 1595 584 inquit,
1619 528 1829 586 quoniam

434 600 455 623 »
480 583 749 646 quicumque
772 586 977 646 baptizati
1005 604 1154 635 sumus
1181 591 1227 636 in
1248 593 1420 638 Christo
1443 596 1548 639 Jesu
1564 630 1580 652 ,
1615 597 1658 641 in
1688 607 1828 643 morte

437 669 458 694 ³»
482 653 614 713 ipsius
634 656 839 715 baptizati
871 673 1019 703 sumus
1040 662 1059 704 P
1083 679 1103 702 »
1131 662 1215 706 Ubi
1235 673 1299 709 est
1334 663 1512 710 libertas
1539 675 1583 711 et
1613 665 1829 714 fortitudo

434 725 567 769 animi
600 727 764 771 vestri?
798 731 942 782 Quare
973 731 1134 776 timetis
1170 732 1340 791 dicere,
1377 737 1498 795 quod
1533 737 1709 782 credere
1738 754 1828 785 non

430 794 590 839 timetis
605 831 615 851 ,
642 797 845 856 parvulos
873 800 919 843 in
934 801 1107 847 Christo
1129 803 1339 863 baptizari
1360 822 1449 851 non
1467 816 1685 867 oportere,
1717 825 1828 870 quos

428 876 676 923 peccatum,
699 869 771 912 cui
785 870 1044 928 moriantur,
1063 872 1206 918 dicitis
1228 890 1316 919 non
1335 876 1531 922 habere?

488 938 731 982 CLXXIII.
769 942 996 987 JL‘LIANL‘S.
1008 961 1028 984 «
1065 946 1299 1003 Propterea
1311 946 1422 991 sicut
1437 963 1512 1007 per
1527 963 1664 993 unum
1682 950 1826 995 homi-

435 1025 454 1048 »
481 1023 582 1052 nem
598 1009 643 1053 in
661 1011 780 1056 hunc
800 1011 1014 1057 mundum
1035 1024 1262 1072 peccatum
1285 1017 1464 1063 intravit
1479 1053 1489 1073 ‚
1509 1028 1553 1064 et
1573 1035 1651 1079 per
1670 1035 1824 1079 pecca-

431 1096 452 1119 »
475 1087 567 1123 tum
590 1095 704 1125 mors
723 1116 733 1136 ‚
755 1091 798 1126 et
813 1083 872 1126 ita
890 1083 935 1126 in
962 1100 1112 1129 omnes
1134 1086 1332 1132 homines
1358 1104 1472 1134 mors
1492 1093 1755 1150 pertransiit,
1780 1095 1826 1138 in
1880 1089 1884 1103 “

430 1168 450 1190 »
476 1166 564 1208 quo
587 1166 736 1195 omnes
761 1164 1052 1212 peccaverunt
1069 1158 1100 1200 3.
1133 1178 1149 1196 »
1177 1157 1244 1201 Ad
1266 1158 1555 1206 edomandam
1578 1164 1826 1223 superbiam

427 1218 707 1277 Judaeorum‚
739 1224 815 1283 qui
832 1224 913 1268 sibi
934 1229 1216 1273 necessariam
1245 1241 1523 1289 peccatorum
1539 1234 1706 1279 veniam
1734 1252 1826 1281 non

426 1297 598 1335 tanturn
624 1327 635 1347 ,
677 1303 892 1352 quantum
927 1297 1161 1354 gentilibus
1195 1301 1498 1358 aestimabant,
1539 1306 1825 1365 praerogativa

424 1362 549 1420 Legis
571 1365 845 1409 sanctitatem
863 1381 941 1411 suo
958 1370 1105 1426 gen-eri
1127 1370 1397 1417 vindicantes
1422 1393 1433 1432 3
1457 1375 1502 1418 in
1524 1377 1728 1421 morbum
1746 1378 1823 1422 hu·

425 1446 568 1476 manae
587 1436 925 1481 conversationis
946 1438 1129 1495 invadit,
1151 1451 1194 1486 et
1212 1443 1544 1491 multitudinem
1561 1446 1823 1509 delinquen·
1882 1511 1884 1514 Α

425 1502 536 1547 tium
554 1514 670 1550 retro
692 1506 828 1565 petit3
847 1517 896 1551 ut
911 1519 1126 1568 quantum
1147 1512 1459 1560 dominationis
1482 1518 1527 1562 in
1549 1519 1633 1563 hoc
1655 1521 1824 1566 mundo
1876 1580 1877 1585 1

425 1572 632 1634 iniquitas
646 1579 940 1637 occupaverit,
957 1582 1228 1641 antiquitatis
1245 1585 1377 1646 ipsius
1392 1588 1550 1647 prodat
1563 1593 1819 1650 auctorita83
1880 1590 1884 1601 ⁶

423 1659 646 1705 quamque
665 1647 804 1692 multa
819 1658 862 1692 et
875 1659 1100 1696 veternosa
1114 1655 1296 1699 crimina
1310 1691 1321 1712 ,
1340 1657 1394 1701 ab
1410 1659 1695 1714 obscoenitate
1708 1678 1822 1722 prae-
1882 1667 1884 1672 '

423 1715 673 1761 cedentium
696 1733 774 1777 per
798 1735 951 1765 manus
970 1732 1137 1768 mutuae
1164 1726 1416 1773 imitationis
1441 1732 1620 1789 posteris
1639 1735 1816 1791 tradita,
1882 1729 1884 1735 ¹

423 1786 585 1831 Christi
607 1791 742 1848 gratia
764 1793 1022 1849 sustulisset,
1048 1797 1312 1843 ostenderet,
1338 1803 1483 1861 Atque
1500 1803 1557 1847 ob
1579 1805 1663 1849 hoc
1683 1821 1820 1850 recor·
1882 1826 1884 1866 j

423 1857 644 1904 dationem
657 1860 762 1906 facit
776 1864 905 1922 primi
926 1865 1137 1925 homini83
1162 1883 1252 1913 non
1274 1886 1297 1915 a
1314 1886 1402 1931 quo
1424 1884 1651 1932 peccatum
1672 1890 1820 1936 coepe-

423 1938 504 1985 rat,
530 1941 700 1977 constat
724 1935 840 1978 enim
865 1936 984 1994 prius
1006 1937 1232 1984 mulierem
1261 1941 1492 2003 deliquisse
1512 1966 1524 2003 3
1548 1946 1625 1991 sed
1645 1948 1722 2007 qui
1743 1963 1819 2008 per

421 2000 697 2061 privilegium
721 2019 862 2061 sexus,
892 2007 1188 2066 magisterium
1210 2024 1462 2073 occupasset
1483 2015 1629 2061 delicti
1655 2037 1663 2063 ε
1694 2037 1715 2060 «
1738 2033 1816 2079 per

418 2070 537 2116 hunc
570 2088 671 2132 ergo
706 2076 883 2121 intravit
916 2089 1174 2139 peccatum,
1215 2092 1259 2127 et
1289 2099 1366 2143 per
1400 2096 1633 2144 peccatum
1668 2104 1809 2145 morS,

417 2142 507 2185 sine
529 2142 664 2189 dubio
686 2145 758 2190 illa
789 2163 890 2207 quae
913 2152 1214 2207 peccatoribus
1231 2189 1241 2209 ,
1269 2155 1314 2199 id
1337 2165 1424 2213 est,
1447 2167 1608 2204 aeterna
1631 2162 1814 2219 promit-

418 2212 551 2259 titur:
591 2223 634 2259 et
661 2216 741 2272 ita,
767 2219 935 2278 inquit,
952 2222 998 2265 in
1018 2237 1168 2269 omnes
1192 2225 1392 2271 homines
1409 2243 1524 2274 mors
1545 2233 1808 2289 pertransiit,

417 2282 464 2327 in
501 2299 590 2343 quo
621 2301 771 2331 omnes
804 2302 1111 2348 peccaverunt.
1155 2298 1371 2355 Apparuit
1412 2314 1584 2358 prorsus
1618 2302 1808 2362 qualiter

418 2354 513 2399 haec
536 2371 650 2401 mors
671 2359 937 2406 transiissent
950 2362 1005 2407 ad
1017 2373 1228 2423 posteros,
1247 2369 1304 2413 ob
1320 2369 1611 2416 imitationem
1628 2373 1806 2430 scilicet,

423 2441 513 2472 non
537 2429 874 2486 generationem.
897 2451 914 2474 »

482 2502 772 2547 Amnum-rs.
809 2505 906 2547 Jam
926 2503 1103 2563 quidem
1126 2523 1379 2568 responsum
1406 2521 1470 2557 est
1498 2513 1595 2570 tibi,
1619 2530 1698 2560 cur
1721 2531 1812 2563 non

473 2589 482 2603 ¹
501 2584 591 2618 Rom.
614 2596 658 2627 vr,
678 2587 707 2619 3.
728 2604 765 2610 —
784 2589 863 2621 21d.
884 2597 916 2622 2.
937 2607 972 2612 -—
993 2589 1068 2624 31d.
1089 2603 1120 2634 v,
1144 2602 1193 2625 12.
