1884 3285
447 315 531 355 346
870 328 904 354 s.
941 325 1172 355 Anous'nm
1205 327 1387 355 zmscorr

441 393 601 436 citante
624 401 755 451 atque
782 390 990 436 illiciente
1015 393 1229 437 dissentis.
1270 393 1445 450 Nuptiae
1470 400 1616 436 tamen
1636 427 1647 447 ‚
1696 393 1828 438 etiam
1865 391 1867 394 ’

445 476 563 505 nunc
583 460 820 505 laudabiles
842 470 944 506 sunt
970 481 979 506 :
1015 462 1117 522 quia
1151 477 1292 522 neque
1314 462 1547 506 instituunt
1565 462 1649 506 hoc
1664 461 1828 508 malum

444 533 491 575 in
519 532 769 576 hominibus
789 567 799 586 ‚
825 533 899 576 sed
922 533 1152 576 inveniunt
1176 553 1187 591 3
1215 541 1258 576 et
1289 547 1340 576 eo
1363 530 1478 575 malo
1506 532 1620 576 bene
1644 541 1830 578 utuntur
1864 556 1866 567 ·

444 603 687 646 intentione
707 603 957 661 generandi,
980 604 1178 663 quamvis
1197 603 1370 648 trahant
1397 601 1500 646 inde
1521 602 1599 661 qui
1620 617 1832 660 generan—
1860 610 1864 628 '

445 682 516 716 tur
539 672 747 730 originale
771 682 999 731 peccatum
1018 708 1029 728 ‚
1053 683 1231 732 propter
1251 672 1372 733 quod
1399 681 1501 716 sunt
1530 673 1827 730 regenerandi.
1863 691 1867 708 2

503 745 660 786 XLVI.
674 745 699 786 J
704 758 899 787 numus.
911 761 930 785 «
947 746 1087 796 Quam
1105 758 1277 788 mecum
1291 742 1401 787 nihil
1422 742 1831 801 egeris‚litterarum
1861 732 1864 746 ’

443 813 640 856 omnium
664 822 846 857 testatur
871 814 1057 858 eruditio
1086 833 1094 858 :
1120 829 1253 873 quam
1275 828 1377 857 vero
1398 821 1550 857 contra
1570 810 1831 871 Apostolum
1864 821 1868 827 ‘

443 883 619 938 nitaris,
645 893 688 927 et
717 893 868 928 contra
905 887 1043 928 Deum
1064 884 1275 938 insanias,
1310 883 1625 928 sententiarum
1655 891 1832 928 tuarum
1863 937 1866 943 ,

441 969 591 1013 pugna
614 954 899 999 demonstrat.
928 955 1012 1000 Sed
1038 964 1208 1000 ostenso
1228 956 1333 1014 jam,
1357 969 1447 998 non
1471 969 1595 1013 posse
1610 955 1704 999 haec
1725 969 1832 1000 con·-

435 1025 598 1084 jungi,
645 1041 745 1084 quae
780 1041 923 1069 rerum
964 1035 1118 1070 natura
1161 1026 1361 1070 dissociat
1391 1045 1403 1082 3
1435 1026 1752 1083 interrogemus
1788 1033 1833 1070 et
1863 1074 1868 1084 ⁵

441 1097 730 1154 Apostolum,
756 1112 811 1140 ne
831 1095 947 1140 illius
965 1105 1143 1155 putetur
1160 1096 1297 1140 inesse
1318 1096 1513 1140 sensibus
1529 1111 1660 1155 ‚quae
1676 1096 1724 1140 in
1745 1096 1832 1141 tuis
1867 1127 1869 1137 ,

440 1175 504 1210 est
524 1167 747 1210 sententiis
764 1166 948 1244 probata
970 1166 1204 1210 barbaries.
1229 1186 1246 1208 »

501 1238 792 1281 Amisum-‚s
829 1236 906 1280 Dic
926 1237 1016 1295 jam
1039 1251 1158 1281 nunc
1179 1235 1348 1288 saltem,
1365 1235 1487 1296 quod
1505 1206 1636 1281 tantis
1658 1234 1831 1282 anfrac-

439 1305 556 1349 tibus
580 1305 828 1350 differebas.

496 1380 678 1422 XLVII.
706 1381 934 1423 Jommus.
964 1397 984 1420 «
1009 1377 1153 1422 Audio
1173 1378 1320 1437 itaque
1344 1377 1530 1422 Paulum
1546 1378 1833 1437 pronuntian-

438 1458 542 1503 tem,
558 1449 677 1508 quia,
689 1468 707 1491 «
723 1453 804 1493 Per
821 1464 958 1492 unum
973 1449 1196 1492 hominem
1211 1457 1440 1507 peccatum
1457 1448 1635 1493 intravit
1651 1448 1832 1493 inmun-

439 1538 460 1561 »
484 1522 614 1574 dum,
650 1529 693 1563 et
718 1535 794 1578 per
815 1528 1043 1578 peccatum
1065 1534 1181 1562 mors
1197 1553 1208 1572 ‚
1240 1529 1283 1563 et
1299 1519 1357 1562 ita
1385 1519 1432 1562 in
1454 1533 1603 1563 omnes
1633 1519 1832 1564 homines
1869 1552 1872 1559 .

439 1608 459 1631 η
486 1589 760 1648 pertransiit,
786 1590 832 1634 in
862 1604 951 1648 quo
993 1604 1142 1633 omnes
1163 1598 1456 1648 peccaverunt
1490 1591 1519 1632 1.
1551 1607 1572 1631 »
1610 1590 1738 1642 Quod
1761 1599 1828 1646 ω,
1869 1594 1872 1651 ζ

437 1675 525 1704 non
541 1670 719 1719 propter
737 1660 984 1719 exemplum
1004 1660 1186 1718 peccati,
1215 1659 1289 1703 sed
1309 1669 1488 1719 propter
1505 1660 1832 1718 generafionem
1868 1684 1871 1690 ·

436 1730 602 1773 dictum
625 1745 716 1774 esse
734 1730 964 1774 confirmas
989 1749 998 1774 :
1025 1745 1192 1789 nosque.
1207 1730 1433 1774 haereticos
1448 1744 1590 1783 vocas,
1611 1730 1689 1789 qui
1709 1728 1755 1773 id
1775 1729 1832 1775 ad
1869 1741 1873 1792 }

436 1799 630 1859 exempla
644 1799 882 1844 referamus
898 1820 906 1845 ;
924 1799 1089 1860 illoque
1104 1809 1144 1844 te
1156 1800 1299 1859 juvari
1314 1801 1498 1845 aestimas
1520 1809 1776 1858 argumento
1792 1804 1825 1844 ².
1869 1824 1874 1865 ᾗ

440 1870 640 1915 Profecto
662 1871 697 1914 si
712 1870 948 1930 Apostolus
967 1870 1271 1926 imitationem,
1291 1871 1452 1930 inquis,
1472 1870 1652 1928 intelligi
1676 1870 1827 1916 voluis·
1870 1866 1873 1912 't

436 1950 515 1994 set,
535 1956 623 1985 non
640 1956 717 2000 per
741 1956 877 1985 unum
900 1941 1143 1998 hominem,
1165 1941 1240 1985 sed
1257 1956 1334 2000 per
1354 1940 1578 1985 diabolum
1601 1949 1829 2000 peccatum

434 2011 611 2055 intrasse
631 2046 642 2065 ‚
668 2021 710 2055 et
732 2027 809 2070 per
837 2027 987 2055 omnes
1017 2011 1215 2056 homines
1238 2012 1519 2070 pertransisse
1538 2011 1727 2056 dixisset.
1768 2014 1830 2055 De
1869 2018 1874 2034 ¹

435 2080 612 2125 diabolo
635 2083 799 2141 quippe
828 2083 1038 2141 scriptum
1069 2091 1134 2126 est
1169 2101 1179 2127 :
1214 2101 1235 2125 «
1261 2082 1494 2126 Imitantur
1527 2091 1675 2126 autem
1708 2096 1826 2138 eum,
1871 2099 1874 2134 3

438 2169 458 2191 »
486 2152 562 2210 qui
585 2161 687 2195 sunt
707 2167 758 2195 ex
780 2161 902 2211 parte
922 2152 1056 2211 ipsius
1087 2154 1119 2195 ³.
1149 2171 1170 2194 »
1203 2151 1288 2198 Sed
1307 2153 1405 2198 ideo
1429 2167 1506 2212 per
1526 2168 1665 2197 unum
1686 2153 1830 2198 homi-

435 2237 536 2265 nem
567 2221 701 2276 dixit,
734 2239 757 2266 a
779 2238 868 2281 quo
899 2224 1121 2281 generatio
1152 2223 1307 2283 utique
1331 2224 1556 2268 hominum
1593 2223 1752 2283 coepit,
1777 2233 1827 2268 ut
1872 2254 1875 2276 3

434 2307 511 2350 per
533 2292 855 2350 generationem
879 2291 1055 2336 doceret
1082 2293 1179 2337 iisse
1200 2308 1276 2352 per
1301 2309 1453 2339 omnes
1479 2294 1689 2353 originale
1719 2309 1826 2354 pec·
1871 2298 1875 2350 ,l

434 2371 597 2406 catum.
628 2381 649 2404 «
680 2367 738 2407 At
755 2377 836 2421 ego
858 2362 985 2407 video
1006 2363 1265 2422 Apostolum
1284 2364 1393 2409 nihil
1415 2365 1535 2424 quod
1559 2365 1614 2410 ad
1634 2364 1823 2410 infama-

438 2434 597 2477 tionem
627 2434 915 2492 generationis
943 2442 1155 2492 spectaret
1187 2435 1391 2479 humanae
1424 2455 1432 2480 :
1466 2435 1576 2480 nihil
1611 2437 1732 2497 quod
1770 2436 1826 2482 ad

435 2503 846 2547 condemnationem
878 2503 1140 2547 innocentiae
1182 2505 1391 2550 naturalis
1415 2540 1426 2561 ,
1465 2505 1575 2550 nihil
1615 2506 1736 2566 quod
1771 2505 1826 2551 ad

433 2573 598 2618 crimen
621 2573 756 2618 divini
777 2574 934 2632 operis,
968 2574 1211 2633 protulisse.
1241 2592 1262 2615 »

484 2664 491 2682 ¹
515 2660 604 2690 Rom.
631 2670 664 2698 v,
687 2667 741 2692 12.
754 2675 795 2682 --
811 2664 824 2680 ²
844 2658 923 2691 Vide
940 2657 996 2691 lib.
1017 2669 1040 2691 n
1058 2659 1099 2691 de
1115 2659 1251 2702 Nuptiis,
1271 2669 1343 2701 cap.
1365 2668 1419 2701 27.
1435 2675 1476 2684 -—
1494 2658 1507 2684 3
1523 2661 1598 2703 Sap.
1619 2671 1657 2699 n,
1678 2660 1731 2693 25.

1861 484 1870 551 l
