1821 3264
310 271 363 297 DE
395 267 792 298 PRAEDESTINATIONE
825 268 1088 300 suvevonum.
1331 263 1380 300 87

23 357 43 381 »
68 334 346 395 gratularis¹P
371 352 390 376 »
414 337 469 379 Et
487 332 570 378 alio
590 333 688 379 loco
708 353 717 379 :
748 352 767 376 «
789 338 913 380 Pueri
929 372 940 391 ,
962 338 1123 398 inquit,
1144 338 1384 398 periculum

23 425 44 451 ι»
66 405 244 451 lubricae
266 405 402 450 aetatis
423 403 628 449 evadunt.
652 421 673 446 »
698 407 893 465 Itemque
914 407 997 452 alio
1022 429 1030 452 :
1064 426 1084 450 «
1107 407 1236 461 Quod
1265 424 1354 454 non
1371 443 1383 465 ,

22 497 43 522 »
65 478 229 537 inquit,
264 490 544 537 properamus
574 484 618 520 et
647 476 878 531 currimus,
911 486 959 521 ut
989 480 1168 537 patriam
1195 490 1385 526 nostram

21 568 42 593 π
64 547 212 594 videre
225 582 237 603 ‚
259 556 309 592 ut
328 556 524 607 parentes
545 546 729 591 salutare
746 547 984 606 possimus?
999 551 1181 607 Magnus
1199 549 1287 594 illic
1308 567 1386 597 nos

20 638 41 664 κ
63 620 292 665 charorum
306 633 508 664 numerus
521 626 968 678 expectatparentum,
981 619 1182 672 fratrum,
1196 620 1385 666 filiorum

19 709 41 734 »
63 689 267 750 frequens
303 705 380 735 nos
408 698 451 734 et
482 688 654 749 copiosa
687 689 812 733 turba
848 689 1082 746 desiderat,
1107 691 1197 751 jam
1224 691 1280 734 de
1312 707 1387 736 sua

18 781 40 806 ³»
63 761 359 807 incolumitate
380 775 529 806 secura
545 795 556 816 ‚
581 759 724 805 adhuc
745 760 800 805 de
821 770 967 805 nostra
987 761 1124 807 salute
1145 760 1341 807 sollicita.
1365 781 1385 803 n

16 835 92 880 His
117 843 247 894 atque
277 833 529 893 hujusmodi
560 833 713 878 doctor
741 832 814 878 ille
842 834 1065 879 sententiis
1093 835 1139 878 in
1166 833 1389 879 catholicae

15 905 116 949 fidei
140 904 237 949 luce
271 904 526 960 clarissima,
550 904 650 948 satis
677 913 910 965 aperteque
939 913 1120 949 testatur
1135 939 1146 960 ‚
1172 920 1312 965 usque
1335 906 1390 949 ad

14 975 140 1035 hujus
164 975 354 1035 corporis
382 975 697 1035 depositionem
725 973 932 1034 peccandi
963 975 1155 1035 pericula
1184 976 1391 1019 tentatio-

13 1060 177 1106 nesque
198 1046 476 1104 metuenda33
505 1046 707 1106 deinceps
734 1045 854 1090 nulla
875 1044 977 1090 talia
1011 1060 1276 1106 quemquam
1304 1060 1392 1090 esse

13 1132 253 1177 passurum.
278 1117 408 1171 Quod
435 1126 478 1162 et
500 1118 533 1163 si
561 1132 650 1162 non
677 1126 907 1162 testaretur
923 1152 935 1173 ,
962 1117 1139 1177 quando
1162 1117 1217 1162 de
1238 1118 1319 1161 hac
1346 1133 1392 1162 re

11 1189 280 1235 Christianus
295 1189 622 1250 qualiscumque
639 1189 889 1234 dubitaret?
907 1189 1138 1243 Quomodo
1159 1189 1292 1249 igitur
1310 1191 1392 1234 ho-

11 1260 119 1304 mini
139 1260 258 1319 lapso
271 1295 283 1316 ,
304 1270 348 1305 et
363 1262 409 1304 in
427 1261 582 1306 eodem
600 1261 723 1320 lapsu
738 1260 862 1305 istam
880 1260 1013 1305 vitam
1029 1261 1183 1305 misere
1197 1260 1387 1316 finienti,

11 1340 140 1390 atque
156 1331 202 1374 in
218 1345 370 1390 poenas
391 1331 510 1374 eunti
529 1330 686 1376 talibus
707 1331 900 1390 debitas3
921 1333 1141 1392 quomodo
1157 1366 1168 1387 ,
1190 1331 1385 1392 inquam,

10 1402 112 1448 huic
137 1416 226 1447 non
249 1402 485 1462 plurimum
508 1417 763 1463 summeque
784 1403 1029 1463 prodesset,
1055 1405 1088 1448 si
1114 1419 1166 1447 ex
1188 1404 1270 1448 hoc
1292 1412 1388 1448 ten-

9 1474 224 1518 tationum
242 1472 339 1518 loco
360 1473 479 1533 prius
499 1488 631 1534 quam
647 1472 869 1518 laberetur
885 1509 896 1529 ,
920 1482 1059 1518 morte
1079 1476 1331 1532 raperetur?

64 1546 228 1589 XXIX.
264 1547 326 1589 Ac
349 1559 425 1604 per
446 1544 530 1589 hoc
547 1579 559 1600 ‚
591 1545 624 1588 si
654 1544 764 1588 absit
791 1544 918 1589 nimis
946 1542 1259 1589 inconsiderata
1283 1560 1389 1590 con-

6 1615 143 1660 tentio
158 1650 170 1670 ,
195 1624 286 1660 tota
305 1615 489 1675 quaestio
511 1615 589 1659 ista
610 1615 732 1659 finita
754 1624 817 1660 est
840 1615 895 1659 de
917 1614 992 1660 illo
1021 1616 1097 1675 qui
1124 1624 1272 1675 raptus
1295 1625 1381 1672 est,

5 1700 61 1730 ne
86 1685 248 1730 malitia
276 1695 465 1730 mutaret
495 1685 765 1730 intellectum
791 1687 897 1746 ejus.
933 1688 1020 1731 Nec
1046 1685 1145 1731 ideo
1172 1685 1285 1730 liber
1311 1688 1386 1732 Sa-

4 1756 179 1816 pientiae
196 1791 207 1812 ,
241 1758 317 1818 qui
338 1766 458 1802 tanta
484 1758 793 1802 numerositate
815 1771 1029 1801 annorum
1051 1756 1138 1816 legi
1156 1757 1314 1802 meruit
1341 1758 1383 1802 in

4 1827 195 1872 Ecclesia
218 1829 405 1884 Christi,
430 1829 477 1872 in
498 1843 588 1889 quo
617 1837 660 1873 et
686 1829 770 1873 hoc
791 1827 971 1886 legitur,
998 1828 1089 1888 pati
1116 1827 1245 1872 debet
1271 1828 1385 1888 inju—

4 1899 132 1955 riam,
166 1900 372 1959 quoniam
398 1899 556 1944 resistit
576 1899 636 1944 eis
657 1900 733 1960 qui
758 1914 837 1959 pro
863 1899 1025 1943 meritis
1047 1898 1275 1944 hominum
1302 1897 1385 1943 fal-

3 1970 154 2016 luntur
170 2005 181 2027 ,
211 1979 262 2015 ut
283 1971 459 2015 veniant
479 1979 630 2016 contra
651 1971 729 2014 Dei
754 1969 1143 2014 manifestissimam
1171 1970 1348 2028 gratiam
1370 1990 1380 2015 ε

1 2057 100 2102 quae
115 2041 298 2086 maxime
319 2050 496 2101 apparet
512 2042 559 2085 in
576 2040 787 2101 parvulis,
807 2054 997 2102 quorum
1018 2053 1119 2085 cum
1141 2040 1212 2084 alii
1234 2041 1380 2100 bapti-

2 2115 106 2169 zati,
131 2110 202 2157 alii
222 2128 311 2158 non
328 2113 533 2172 baptizati
548 2112 649 2158 vitae
663 2113 793 2174 hujus
809 2112 1043 2157 terminum
1059 2120 1265 2167 sumunt,
1282 2112 1380 2156 satis

1 2185 194 2229 indicant
215 2183 551 2229 misericordiam
578 2193 621 2228 et
654 2184 897 2244 judicium,
925 2183 1257 2229 misericordiam
1288 2184 1380 2243 qui-

0 2255 98 2301 dem
122 2256 375 2314 gratuitam,
396 2256 610 2316 judicium
636 2255 846 2300 debitum.
876 2257 920 2302 Si
947 2256 1063 2300 enim
1080 2255 1381 2316 judicarentur

0 2327 196 2372 homines
214 2342 291 2384 pro
312 2327 475 2372 meritis
494 2343 582 2372 suae
597 2327 719 2383 vitae,
744 2344 844 2388 quae
862 2343 952 2372 non
971 2328 1222 2372 habuerunt
1242 2335 1380 2371 morte

0 2398 235 2458 praeventi,
255 2397 330 2442 sed
346 2398 539 2443 habituri
562 2407 718 2455 essent,
737 2398 771 2443 si
791 2399 984 2444 viverent
1005 2417 1014 2443 ε
1035 2397 1143 2442 nihil
1161 2396 1381 2458 prodesset

0 2470 40 2513 ei
71 2469 146 2530 qui
180 2478 326 2529 raptus
355 2478 445 2526 est,
482 2485 537 2514 ne
563 2469 726 2514 malitia
752 2478 941 2514 mutaret
968 2468 1236 2514 intellectum
1264 2468 1377 2528 ejus,

0 2539 107 2585 nihil
131 2538 352 2599 prodesset
371 2541 429 2585 eis
450 2542 526 2601 qui
546 2541 653 2601 lapsi
680 2541 948 2595 moriuntur,
972 2541 1006 2584 si
1028 2549 1129 2585 ante
1155 2554 1377 2584 moreren-

48 2633 56 2647 ¹
77 2626 225 2668 cyprian.
243 2625 274 2659 in
291 2625 345 2659 lib.
365 2627 405 2659 de
422 2626 626 2660 Mortalitate.
