1821 3264
410 213 463 239 DE
497 213 609 239 DONO
643 212 1008 239 PERSEVERANUAE.
1324 202 1401 239 113

7 280 240 338 lparemui.
270 292 289 316 »
321 279 424 320 Haec
451 277 583 319 verba
616 277 752 319 sancti
783 277 970 322 hominis
995 277 1095 330 Dei,
1128 291 1405 335 perseveian-

6 364 9 396 ι
27 349 127 393 tiam
148 361 321 404 piorsus
343 361 367 389 a
390 345 576 390 Domino
597 354 765 390 sanctos
785 347 979 390 iudicant
1002 362 1200 405 poscere,
1228 346 1406 405 quando

5 400 103 491 :hac
118 417 360 460 intentione
379 417 548 470 dicunt,
578 435 598 457 «
626 419 786 459 Panem
815 426 1013 460 nostrum
1031 416 1333 476 quotidianum
1352 418 1407 461 da

4 493 49 547 ›'›
69 486 189 531 nobis
204 485 356 541 hodie·
377 504 396 527 »
422 501 477 530 ne
499 486 691 531 aChristi
705 501 884 544 corpore
906 497 1174 545 separentur,
1202 487 1303 531 sed
1293 504 1338 531 m
1360 503 1410 532 ea

3 556 247 602 {sanctitate
282 565 588 614 permaneant,
626 572 713 616 qua
750 556 920 600 nullum
959 572 1049 616 quo
1088 557 1190 600 inde
1223 559 1410 616 separari

2 617 6 677 ξ
24 634 238 671 mereatur
250 659 261 680 ‚
286 625 451 669 crimen
470 624 719 670 admittant.

2 691 5 706 ³
80 697 200 740 VIII.
235 694 400 747 Quinto
429 695 635 740 orationis
670 694 767 739 loco
797 695 998 749 dicimus,
1031 715 1051 737 «
1086 696 1262 739 Dimitte
1286 696 1412 741 nobis

0 775 3 796 ἰ
26 782 47 807 »
70 764 217 808 debita
238 772 409 818 nostra,
435 765 546 809 sicut
567 773 610 808 et
638 779 715 809 nos
737 763 995 808 dimittimus
1017 764 1289 809 debitoribus
1312 780 1412 808 nos-

0 878 1 891 ,
25 853 45 877 »
70 835 185 879 tris¹.
213 853 233 876 n
261 837 311 878 In
334 850 420 894 qua
441 835 531 880 sola
553 835 761 894 petitione
778 850 864 879 non
889 836 1111 880 invenitur
1128 837 1246 894 posci
1265 851 1411 894 perse-

0 955 1 960 ,
21 906 225 950 verantia.
262 906 485 950 Praeterita
525 907 639 949 enim
677 915 778 950 sunt
820 915 995 964 peccata
1015 940 1025 960 ,
1063 922 1161 965 quae
1204 906 1327 950 nobis
1365 915 1414 949 ut

0 978 1 982 ’
21 973 297 1019 dimittantur
313 990 486 1019 oramus
512 995 519 1019 :
546 976 864 1034 perseverantia
885 991 989 1020 vero
1009 991 1108 1035 quae
1130 977 1176 1019 in
1199 985 1411 1019 aeternum

19 1044 157 1090 salvos
178 1043 303 1099 facit,
329 1054 524 1104 tempore
543 1044 721 1105 quidem
744 1046 873 1105 hujus
894 1045 994 1089 vitae
1010 1080 1020 1100 ,
1049 1060 1138 1089 non
1162 1054 1308 1089 tamen
1334 1060 1411 1103 pe—

19 1123 154 1168 racto,
175 1114 251 1158 sed
269 1115 306 1158 ei
324 1115 445 1174 quod
466 1130 605 1174 usque
624 1114 678 1158 ad
696 1116 786 1173 ejus
803 1115 937 1157 finem
957 1124 1108 1168 restat,
1135 1123 1198 1158 est
1220 1129 1411 1158 necessa-

18 1183 94 1227 ria.
121 1186 275 1242 Operae
296 1186 483 1243 pretium
502 1194 565 1228 est
588 1194 730 1228 tamen
750 1184 969 1243 paulisper
986 1185 1161 1238 intueri,
1186 1185 1409 1242 quomodo

18 1262 58 1298 et
80 1254 126 1296 in
160 1255 242 1298 hac
272 1255 481 1312 petitione
504 1256 595 1314 jam
621 1264 726 1298 tunc
756 1254 903 1312 lingua
938 1254 1166 1312 Cypriani,
1200 1263 1408 1314 tanquam

17 1323 102 1368 telo
124 1324 405 1369 invictissimo
428 1325 640 1378 veritatis,
672 1324 801 1381 longe
833 1334 981 1382 postea
1008 1324 1148 1368 futuri
1177 1324 1405 1369 confodie-
1583 1341 1602 1353 ‘f
1655 1383 1662 1393 ί

16 1394 175 1439 bantur
196 1394 401 1438 haeretici.
429 1395 571 1439 Etiam
588 1395 670 1438 hoc
694 1394 811 1437 enim
832 1393 1050 1450 Pelagiani
1067 1394 1230 1438 audent
1242 1395 1402 1448 dicere,

16 1465 236 1509 hominem
253 1466 418 1525 justum
442 1466 484 1509 in
508 1465 588 1508 hac
620 1466 710 1509 vita
728 1462 899 1507 nullum
921 1464 1081 1506 habere
1100 1465 1277 1508 omnino
1302 1480 1404 1522 pec-

15 1544 177 1589 catum,
197 1544 241 1579 et
256 1535 301 1578 in
325 1535 484 1579 talibus
501 1535 752 1579 hominibus
768 1549 858 1578 esse
875 1535 965 1592 jam
989 1535 1190 1592 praesenti
1208 1542 1404 1593 tempore

16 1605 248 1650 Ecclesiam
271 1620 361 1649 non
393 1605 629 1649 habentem
652 1604 867 1648 maculam
883 1639 893 1657 ,
921 1613 995 1647 aut
1013 1608 1205 1662 rugam2,
1228 1613 1304 1648 aut
1321 1605 1401 1648 ali-

15 1675 121 1734 quid
146 1676 357 1734 ejusmodi
375 1711 385 1731 ,
409 1691 508 1735 quae
531 1691 619 1720 una
642 1684 685 1719 et
712 1675 802 1719 sola
824 1690 979 1734 sponsa
1001 1675 1055 1719 sit
1077 1676 1236 1720 Christi
1265 1695 1272 1720 ;
1301 1684 1395 1719 tau-

15 1760 147 1804 quam
164 1761 319 1805 sponsa
333 1747 368 1804 ej
376 1761 423 1789 us
438 1761 527 1789 non
546 1746 616 1799 sit,
637 1761 735 1804 quae
751 1760 828 1804 per
845 1745 1091 1789 universam
1106 1755 1264 1790 terram
1281 1747 1401 1805 quod

16 1813 70 1858 ab
92 1829 144 1858 eo
164 1814 336 1868 didicit,
359 1814 480 1869 dicit,
514 1833 534 1855 «
560 1814 736 1858 Dimitte
758 1814 884 1857 nobis
914 1814 1062 1858 debita
1087 1824 1247 1859 nostra.
1273 1834 1292 1856 »
1317 1816 1402 1859 Sed

13 1883 224 1928 attendite
244 1883 467 1943 quomodo
487 1884 589 1927 istos
617 1883 944 1941 gloriosissimus
975 1885 1221 1942 Cyprianus
1249 1885 1402 1928 interi-

16 1963 119 1999 mat.
150 1957 262 2000 Cum
292 1955 409 1998 enim
440 1955 586 1999 locum
611 1955 752 2013 ipsum
778 1955 1016 1998 Dominicae
1045 1955 1249 1998 orationis
1277 1971 1404 2014 expo-

16 2033 165 2078 neret,
192 2024 250 2068 ait
276 2025 388 2069 inter
405 2034 575 2068 caetera.
602 2043 621 2065 «
645 2026 785 2076 Quam
813 2024 1048 2067 necessarie
1071 2033 1216 2068 autem
1233 2059 1243 2079 ‚
1271 2041 1402 2085 quam

18 2093 295 2153 providenter
331 2104 375 2139 et
405 2094 634 2138 salubriter
668 2094 972 2148 admonemur,
1010 2095 1130 2154 quod
1159 2105 1404 2153 peccatores

19 2179 190 2220 sumus,
227 2167 302 2224 qui
334 2181 414 2225 pro
447 2166 634 2224 peccatis
660 2180 812 2223 rogare
838 2164 1142 2224 compellimur
1176 2185 1184 2209 z
1217 2177 1265 2210 ut
1300 2166 1402 2210 dum

19 2233 292 2293 indulgentia
332 2234 387 2278 de
433 2238 520 2279 Deo
564 2235 725 2294 petitur
740 2269 750 2288 ,
799 2236 1074 2279 conscientiae
1112 2252 1201 2280 suae
1240 2239 1409 2281 animus

21 2305 286 2351 recordetur.
327 2308 390 2351 Ne
417 2306 515 2365 quis
546 2305 627 2349 sibi
663 2306 786 2364 quasi
820 2307 1030 2350 innocens
1067 2307 1256 2365 placeat,
1290 2318 1332 2351 et
1366 2324 1410 2351 sc

22 2374 270 2420 extollendo
294 2374 391 2434 plus
412 2384 583 2435 pereat,
615 2375 844 2419 instruitur
875 2385 917 2419 et
946 2377 1129 2421 docetur
1159 2393 1203 2420 se
1234 2394 1412 2436 peccare

25 2445 237 2505 quotidie,
261 2446 369 2489 dum
386 2444 581 2504 quotidie
605 2461 683 2504 pro
700 2446 1076 2505 peccatisjubetur
1093 2462 1230 2491 orare.
1252 2448 1319 2491 Sic
1337 2447 1413 2491 de-

73 2534 83 2552 ¹
99 2530 212 2561 Maith.
233 2538 275 2570 vi,
293 2537 344 2561 12.
358 2546 398 2551 -
415 2536 426 2552 ²
446 2530 560 2571 Epth.
581 2540 615 2570 v,
635 2529 688 2569 55.

239 2592 390 2624 cxmu.
1179 2587 1202 2620 ἃ
