1884 3285
426 264 508 301 212
863 265 897 294 s.
932 265 1160 294 AUGUS'HM
1192 269 1370 296 EPlscom

425 351 522 381 mur
535 369 545 389 ,
568 342 618 378 ut
637 341 817 377 cunctos
833 331 909 389 qui
926 330 1045 375 illam
1064 347 1152 376 non
1170 331 1449 377 necessariam
1467 331 1595 375 etiam
1613 333 1801 391 parvulis

424 413 594 465 putant,
627 412 790 447 aeterno
819 400 1023 446 feriamus
1052 403 1336 447 anathemate.
1373 400 1456 446 Sed
1481 402 1593 446 hanc
1621 403 1799 461 gratiam

421 474 684 533 locupletem
715 471 978 531 spiritalibus
999 473 1124 517 donis
1150 473 1381 527 credimus,
1407 487 1506 531 quae
1538 471 1684 516 multis
1710 474 1801 531 opi-

420 561 488 590 ma
529 543 781 588 muneribus
813 558 862 587 ac
895 541 1130 587 reverenda
1156 543 1390 588 virtutibus
1412 576 1422 595 ‚
1456 556 1535 600 pro
1571 542 1800 587 infirmita-

419 625 513 659 tum
531 614 758 672 generibus
775 623 819 657 et
835 614 1126 659 humanorum
1144 623 1334 658 statuum
1345 611 1681 667 diversitatibus,
1693 628 1797 668 una,

417 696 505 730 tam
527 685 818 729 remediorum
840 683 1062 729 collatrice
1089 700 1218 744 quam
1240 697 1472 728 munerum
1488 717 1498 736 ‚
1523 683 1683 726 virtute
1706 697 1798 727 me-

417 756 601 800 dicatur.
628 758 734 806 Quae
757 768 858 798 cum
881 753 1153 809 admovetur,
1181 769 1270 798 non
1292 763 1354 797 est
1377 750 1586 797 mutanda
1609 767 1687 811 pro
1703 767 1800 797 cau-

415 827 468 869 sis
488 844 495 869 :
508 826 599 884 jam
627 824 743 867 enim
770 825 858 883 ipsa
887 823 1002 869 dona
1030 840 1105 869 sua
1134 840 1211 884 pro
1242 823 1541 868 accedentium
1564 822 1800 881 capacitate

415 895 648 955 dispensat.
673 895 793 940 Sicut
810 895 925 939 enim
944 904 1054 940 artes
1071 911 1219 940 omnes
1241 910 1330 940 non
1345 910 1424 954 pro
1443 893 1690 938 diversitate
1704 907 1799 937 ma-

417 966 636 1021 teriarum,
655 980 762 1025 quas
783 965 996 1024 arripiunt
1018 965 1286 1020 excolendas,
1311 965 1415 1024 ipsae
1437 978 1614 1024 quoque
1637 972 1714 1008 aut
1729 963 1800 1007 de·

415 1037 615 1081 trimenta
643 1045 717 1080 aut
747 1045 978 1094 augmenta
1006 1036 1248 1094 patiuntur,
1277 1034 1488 1079 sedidem
1506 1036 1518 1059 ¹
1541 1048 1708 1091 semper
1732 1041 1798 1076 at-

413 1123 499 1166 que
525 1122 614 1151 uno
635 1106 767 1151 modo
787 1122 831 1150 se
852 1107 1063 1150 habentes
1086 1105 1317 1164 multiplici
1339 1105 1599 1148 decorantur
1618 1103 1796 1158 effectu,

413 1179 472 1221 ita
501 1186 544 1220 et
575 1175 817 1221 secundum
842 1176 1129 1234 Apostolum:
1151 1194 1171 1217 «
1198 1177 1292 1219 Una
1316 1174 1440 1229 fides,
1470 1188 1608 1217 unum
1633 1173 1799 1232 baptis-

415 1266 435 1289 »
458 1262 526 1290 ma
541 1251 580 1290 ²:
602 1265 620 1287 »
642 1255 684 1289 et
705 1245 1052 1304 multiplicantur
1073 1255 1116 1290 et
1138 1245 1376 1290 dilatantur
1397 1245 1442 1288 in
1464 1244 1605 1299 donis,
1631 1259 1711 1288 nec
1734 1253 1798 1288 ta-

412 1331 513 1360 men
532 1317 576 1359 in
596 1315 903 1372 mysteriorum
924 1324 1150 1359 mutantur
1170 1314 1411 1360 ordinibus.
1441 1315 1525 1359 Sed
1548 1315 1641 1358 haec
1664 1313 1798 1373 gratia

411 1401 502 1430 non
531 1384 781 1429 adversatur
806 1385 1012 1443 justitiae,
1043 1401 1142 1445 quae
1171 1384 1362 1428 maculas
1393 1384 1500 1428 eluit
1527 1383 1793 1443 iniquitatis:

412 1472 491 1500 nec
512 1456 614 1499 facit
632 1463 821 1514 peccata,
847 1455 922 1498 sed
942 1465 1099 1514 purgat
1118 1477 1130 1513 3
1149 1471 1248 1515 quas
1268 1454 1451 1499 absolvit
1470 1469 1564 1498 reos
1581 1488 1592 1509 ‚
1614 1469 1703 1499 non
1723 1469 1797 1498 ca·-

407 1526 650 1575 lumniatui·
671 1526 895 1570 innocuos.
922 1525 1120 1570 Christus
1145 1526 1258 1569 enim
1285 1525 1362 1584 qui
1387 1533 1449 1568 est
1474 1525 1540 1568 sui
1566 1525 1706 1583 operis
1730 1539 1796 1568 re-

411 1596 628 1655 demptor,
661 1605 790 1655 auget
817 1596 928 1640 circa
954 1595 1186 1653 imaginem
1214 1610 1335 1639 suam
1361 1594 1567 1638 continua
1596 1593 1796 1653 largitate

410 1666 649 1723 beneficia3
686 1673 728 1708 et
757 1681 866 1724 quos
898 1664 1059 1709 fecerat
1088 1664 1317 1709 condendo
1354 1664 1505 1719 bonos,
1538 1660 1641 1708 facit
1665 1664 1795 1708 inno-

410 1737 554 1781 vando
580 1734 917 1794 adoptandoque
941 1735 1153 1780 meliores.
1183 1737 1306 1779 Hanc
1327 1735 1460 1793 igitur
1482 1734 1660 1792 gratiam
1684 1768 1694 1788 ,
1720 1749 1796 1793 per

406 1821 540 1864 quam
568 1807 649 1850 reis
677 1805 819 1860 venia,
851 1803 1111 1851 illuminatio
1137 1805 1355 1864 spiritalis,
1393 1804 1569 1864 adoptio
1604 1804 1791 1849 filiorum

410 1877 501 1931 Dei,
527 1877 818 1936 municipatus
841 1875 1081 1920 Jerusalem
1104 1875 1290 1921 coelestis
1305 1911 1316 1930 ,
1342 1876 1638 1930 sanctificatio,
1664 1885 1794 1936 atque

406 1946 452 1990 in
474 1947 633 1991 Christi
655 1947 852 1991 membra
874 1946 1114 2002 translatio,
1141 1955 1183 1990 et
1204 1946 1410 2005 possessio
1433 1945 1556 2004 regni
1580 1945 1792 1991 coelorum

406 2017 662 2061 mortalibus
683 2016 827 2071 datur,
848 2018 925 2076 qui
942 2017 1158 2076 aliquibus
1173 2015 1415 2074 negandam
1433 2024 1575 2076 putat,
1595 2017 1792 2061 omnium

405 2085 622 2131 bonorum
644 2087 959 2132 execrationem
980 2096 1184 2131 meretur.
1207 2105 1227 2128 »

461 2161 753 2204 Arc-,tsrrm-s.
780 2161 832 2202 In
854 2158 920 2203 his
940 2159 1143 2203 omnibus
1160 2173 1260 2219 quae
1278 2157 1624 2202 commemorasti
1641 2157 1789 2217 gratiae

403 2227 479 2280 Dei
509 2229 778 2284 muneribus,
810 2229 920 2273 illud
940 2229 1067 2290 ‘quod
1090 2229 1208 2289 prius
1232 2229 1424 2289 posuisti,
1455 2229 1548 2273 dari
1575 2227 1787 2287 perillam

402 2298 481 2352 teis
502 2299 673 2344 veniam
691 2335 701 2355 ‚
733 2315 824 2344 non
848 2301 909 2345 vis
934 2299 988 2344 ad
1016 2299 1218 2359 parvulos
1245 2299 1462 2358 pertinere
1477 2333 1488 2353 ,
1513 2314 1622 2357 quos
1645 2297 1785 2342 ullum

403 2379 566 2416 reatum
589 2385 719 2429 negas
751 2386 803 2414 ex
831 2370 969 2415 Adam
998 2371 1183 2415 trahere.
1212 2372 1302 2416 Cur
1328 2385 1430 2428 ergo
1454 2378 1609 2414 caetera
1636 2369 1784 2414 multis

403 2449 525 2497 »regat
550 2443 663 2484 Deus
686 2440 890 2499 parvulis,
916 2441 992 2500 qui
1012 2441 1102 2485 sine
1125 2441 1204 2484 hac
1228 2440 1363 2499 gratia
1385 2439 1429 2482 in
1446 2438 1518 2482 illa
1536 2448 1663 2483 aetate
1685 2454 1781 2484 mo-

403 2509 602 2553 iuntur?
623 2513 734 2566 Cur,
760 2511 960 2571 inquam,
986 2526 1074 2555 non
1098 2510 1158 2555 eis
1180 2510 1308 2555 datur
1330 2507 1590 2554 illuminatio
1609 2508 1780 2569 spirita-

444 2609 454 2627 ¹
475 2605 578 2638 Forte
598 2605 727 2638 eaedem.
745 2621 784 2628 —
798 2611 810 2628 ²
831 2605 946 2647 Ephes.
969 2615 1016 2647 iv,
1033 2606 1064 2638 5.

1865 3060 1884 3285 w
1868 2909 1884 3046 ’vr-rw
1869 2875 1873 2887 -
1869 2494 1884 2864 '‘mm-w-z**—-:-v-2
