1821 3264
258 214 402 241 omarus
431 214 607 240 JMPERF.
643 214 805 240 CONTRA
838 215 1007 241 JULIAN.
1046 215 1127 241 Lus.
1163 216 1192 239 1.
1338 205 1417 241 177

39 278 113 324 sed
135 293 212 323 nos
244 278 297 323 ad
319 277 567 323 docendum
587 293 718 338 quam
749 279 802 322 sit
833 280 987 324 veritas
1016 279 1209 339 locuples
1231 281 1302 324 cui
1324 295 1419 325 cre-

39 349 197 404 dimus,
226 348 308 393 illis
331 364 507 410 quoque
533 349 850 408 Scripturarum
874 351 1000 406 locis,
1026 367 1125 410 quae
1145 351 1420 396 intellectum

37 421 260 466 sententiae
277 421 573 466 elocutionum
595 421 878 480 perplexitate
899 422 1117 476 velarunt,
1143 423 1420 481 expositionis

37 490 178 536 lucem
195 489 384 535 solemus
396 492 573 542 afferre3
591 499 641 534 ut
662 491 840 549 originis
860 507 949 536 suae
967 491 1224 550 dignitatem
1238 502 1422 538 reserata

37 560 301 621 possideant,
328 577 407 606 nec
431 562 485 606 ab
501 570 728 605 stemmate
754 577 874 607 sacro
894 561 1017 607 velut
1037 563 1172 607 notha
1190 572 1266 607 aut
1288 563 1421 622 dege-

37 632 233 677 nerantia
255 641 523 692 separentur.
544 650 562 673 »

96 707 386 749 Anat-sums.
419 706 616 747 Imovero
640 702 960 762 Scripturarum
983 712 1229 747 sanctarum
1257 703 1424 747 lumina

36 783 151 820 certa
172 775 354 819 veritate
377 773 590 833 fulgentia
613 789 689 818 vos
707 789 940 832 pravarum
962 774 1306 834 disputationum
1323 791 1424 834 per-

35 845 239 905 plexitate
264 846 496 890 obscurare
518 845 750 890 conamini.
779 845 895 897 Quid
918 844 1033 888 enim
1057 844 1266 900 lucidius,
1293 861 1426 905 quam

37 916 80 960 id
105 916 226 975 quod
254 915 386 960 modo
416 915 501 959 dixi
538 937 546 959 ;
583 935 601 957 «
639 918 781 959 Homo
806 915 986 959 vanitati
1009 915 1158 959 similis
1182 914 1321 960 factus
1347 926 1424 971 est,

38 1005 59 1028 »
79 987 169 1031 dies
186 992 275 1044 ejus
299 987 420 1032 velut
442 987 596 1031 umbra
619 995 886 1046 praetereunt
904 987 916 1011 1
941 987 958 1029 Ρ
984 1003 1002 1026 »
1028 985 1148 1045 quod
1169 987 1321 1045 utique
1336 1001 1426 1031 non

35 1057 173 1111 fieret,
205 1057 239 1100 si
261 1056 315 1101 ad
333 1057 410 1101 Dei
431 1057 758 1101 similitudinem
773 1059 817 1101 in
836 1073 922 1117 qua
945 1065 1008 1100 est
1032 1056 1236 1113 conditus
1258 1072 1428 1116 perma-

36 1136 172 1171 neret.
193 1127 310 1180 Quid
321 1126 526 1183 lucidius,
546 1143 677 1187 quam
697 1128 742 1172 id
762 1129 883 1187 quod
900 1127 1066 1172 dictum
1089 1137 1173 1172 est:
1195 1146 1215 1169 «
1235 1129 1355 1172 Sicut
1383 1128 1429 1171 in

38 1215 59 1239 »
86 1197 226 1241 Adam
257 1213 406 1243 omnes
435 1199 700 1252 moriuntur,
721 1198 779 1243 sic
801 1199 900 1242 etin
923 1198 1095 1243 Christo
1114 1213 1263 1242 omnes
1288 1198 1429 1242 vivifi-

38 1285 59 1309 »
78 1267 353 1312 cabuntur2?
369 1287 387 1310 »
411 1269 528 1322 Quid
549 1268 753 1323 lucidius,
780 1283 911 1328 quam
933 1267 979 1312 id
995 1268 1116 1327 quod
1133 1267 1302 1313 dictum
1326 1277 1389 1313 est
1418 1288 1425 1312 :

40 1337 179 1391 «Quis
216 1338 331 1382 enim
355 1347 419 1382 est
447 1339 640 1382 mundus
669 1354 691 1382 a
727 1339 853 1383 sorde
882 1340 900 1381 P
928 1354 1009 1383 nec
1031 1338 1196 1394 infans,
1223 1341 1345 1399 cujus
1365 1348 1430 1385 est

39 1425 60 1449 »
86 1408 216 1452 unius
248 1407 335 1451 diei
356 1408 443 1452 vita
465 1423 595 1467 super
617 1417 775 1452 terram
794 1410 808 1433 3
834 1427 841 1452 :
871 1425 891 1448 »
913 1418 956 1452 et
981 1408 1061 1452 alia
1091 1409 1302 1467 plurima,
1328 1425 1428 1469 quae

36 1478 186 1522 vestris
203 1479 394 1522 tenebris
410 1478 649 1533 involvere,
661 1479 763 1522 etin
777 1487 969 1522 vestrum
984 1493 1235 1537 perversum
1253 1494 1428 1524 sensum

37 1549 249 1594 molimini
270 1565 382 1594 vana
399 1549 665 1610 loquacitate
686 1558 952 1594 convertere.

96 1622 173 1664 VI.
201 1623 428 1667 JULIANts.
456 1641 475 1664 «
497 1624 590 1666 Hoc
609 1636 710 1680 ergo
735 1636 785 1665 ex
813 1629 960 1665 nostro
982 1635 1101 1664 more
1120 1620 1264 1665 adhuc
1286 1621 1427 1665 solum

39 1691 191 1751 exequi
215 1692 456 1750 cogitabam
478 1728 488 1747 ,
514 1693 559 1736 id
581 1702 644 1736 est
665 1728 674 1747 ‚
698 1700 747 1735 ut
771 1707 794 1735 a
815 1691 1189 1736 Traducianorum
1212 1693 1428 1751 interpre-

39 1762 275 1806 tationibus
296 1763 492 1806 membra
515 1762 673 1806 divinae
697 1762 838 1820 Legis,
859 1778 958 1821 quae
981 1762 1263 1822 subjacebant
1280 1771 1431 1807 contu-

41 1832 197 1887 meliae,
217 1832 449 1877 liberarem
472 1853 480 1877 :
506 1850 604 1894 quae
629 1842 751 1878 erant
774 1832 935 1877 scilicet
957 1832 1120 1888 divina,
1146 1833 1268 1893 quod
1289 1842 1432 1879 essent

37 1904 153 1962 justa
175 1903 474 1948 monstrando.
494 1922 514 1945 »

101 1977 393 2020 Accustrmus.
422 1975 748 2020 Contumelioso
771 1989 845 2019 ore
869 1973 1161 2018 Traducianos
1186 1988 1326 2029 vocas,
1348 1977 1432 2031 Cy·
1477 1964 1482 1969 ”

45 2044 244 2103 prianum
261 2080 276 2101 ,
314 2046 594 2090 Ambrosium
616 2081 625 2101 ,
669 2045 926 2104 Gregorium
944 2079 954 2100 ,
993 2053 1260 2104 caeterosque
1294 2045 1432 2089 socios

43 2130 194 2160 eorum
210 2117 467 2161 confitentes
486 2116 695 2176 originale
707 2125 951 2176 peccatum.
977 2116 1061 2160 Sed
1076 2132 1165 2160 non
1178 2125 1241 2160 est
1255 2117 1331 2160 mii
1344 2132 1431 2170 um,

44 2185 164 2246 quod
199 2187 300 2231 novi
322 2187 512 2232 haeretici
546 2187 768 2232 catholicis
786 2223 796 2241 ,
823 2203 847 2230 a
869 2187 1029 2247 quibus
1052 2196 1213 2231 exeunt
1234 2222 1244 2242 ,
1271 2202 1353 2231 nov
1364 2202 1435 2231 um

45 2272 205 2302 nomen
237 2258 486 2318 imponunt.
512 2261 605 2303 Hoc
625 2268 668 2302 et
690 2258 761 2303 alii
784 2258 983 2303 fecerunt
1004 2294 1013 2313 ,
1039 2258 1217 2318 quando
1240 2258 1435 2302 similiter

46 2327 257 2373 exierunt.

104 2402 204 2444 VII.
251 2403 478 2445 Jthus.
505 2420 523 2443 «
552 2404 714 2445 Verum
736 2402 838 2461 quia
861 2402 905 2444 id
929 2399 1152 2458 impendio
1185 2400 1432 2458 poposcisti,

48 2471 136 2516 imo
158 2470 348 2516 indixisti
372 2473 628 2517 auctoritate
644 2473 804 2532 patria,
821 2481 869 2515 ut
892 2472 1006 2515 libro
1027 2471 1269 2514 tractatoris
1294 2471 1437 2524 Poeni,

100 2562 109 2581 ¹
133 2557 211 2589 Psal.
235 2568 341 2600 enm,
359 2557 391 2600 4.
408 2575 447 2582 -—
465 2564 477 2582 a
504 2570 514 2590 1
540 2561 612 2592 Cor.
633 2569 688 2600 xv,
709 2567 762 2591 22.
782 2576 820 2581 —
840 2556 851 2581 3
869 2557 943 2598 Job‚
965 2567 1033 2596 ειν,
1054 2555 1086 2599 4,
1102 2554 1195 2599 juxta
1211 2557 1307 2587 Lxx.

214 2622 363 2654 cxmu.
1236 2611 1282 2649 12
