1821 3264
381 252 434 279 DE
465 250 754 279 CORREPTIONE
787 250 839 278 ET
871 249 1042 279 enum.
1355 242 1408 281 45

26 317 214 362 debitam
244 315 396 371 reddi,
426 333 449 360 a
474 325 592 360 tanto
619 315 827 374 Apostolo
852 318 985 374 gratia
1014 317 1089 361 Dei
1111 315 1285 371 dicitur,
1311 333 1411 363 cum

25 390 158 448 gratia
184 405 271 433 non
294 388 494 446 operibus
518 386 746 440 reddatur,
772 386 846 430 sed
870 388 999 445 gratis
1023 389 1179 446 detur3
1208 390 1299 433 sine
1322 389 1412 433 ulla

24 460 296 504 dubitatione
314 457 611 503 confitendum
632 467 710 510 est,
732 458 829 501 idco
848 458 1027 516 gratiam
1048 459 1182 503 vitam
1204 470 1412 505 aeternam

24 530 182 581 vocari,
210 529 311 589 quia
337 529 401 572 his
424 528 586 572 meritis
610 527 822 581 redditur,
849 544 948 586 quae
971 529 1105 586 gratia
1126 530 1313 574 contulit
1336 532 1415 575 ho-

26 601 147 645 mini.
174 603 309 644 Recte
330 599 492 660 quippe
514 600 601 658 ipsa
625 598 884 658 intelligitur
906 615 1005 658 quae
1027 600 1071 643 in
1095 601 1334 659 Evangelio
1354 601 1416 644 le-

26 672 167 731 gitur:
190 691 210 714 «
239 672 384 716 Gratia
408 686 486 731 pro
509 672 643 730 gratia
662 673 691 725 ¹,
721 690 740 712 »
767 669 812 714 id
835 680 914 726 est,
941 686 1020 731 pro
1045 672 1109 715 his
1133 671 1296 717 meritis
1318 688 1417 732 quae

23 742 209 788 contulit
229 743 381 802 gratia,

80 816 218 858 XLII.
258 814 310 857 Hi
338 828 440 858 vero
463 814 537 873 qui
561 828 647 857 non
670 813 891 872 pertinent
917 812 971 856 ad
996 813 1114 857 hunc
1136 813 1413 872 prredestina-

22 894 164 930 torum
190 900 420 929 numerum
441 921 451 940 ,
482 900 591 944 quos
616 885 690 927 Dei
714 884 847 942 gratia
874 884 962 928 sive
985 884 1182 928 nondum
1206 885 1418 930 habentes

22 955 161 1000 ullum
185 956 372 1000 liberum
397 972 487 1000 suae
515 954 753 999 voluntatis
785 955 1010 998 arbitrium
1032 991 1042 1009 ,
1070 955 1159 999 sive
1181 971 1280 1000 cum
1306 957 1419 1000 arbi-

27 1028 111 1071 trio
133 1028 368 1071 voluntatis
383 1063 398 1083 9
422 1027 520 1071 ideo
538 1043 638 1070 vcrc
661 1026 800 1070 libero
821 1061 830 1079 ,
857 1026 955 1086 quia
980 1042 1057 1086 per
1078 1026 1213 1085 ipsam
1239 1027 1419 1085 gratiam

29 1098 233 1153 liberato,
261 1098 461 1159 perducit
484 1099 537 1142 ad
566 1114 747 1155 regnum
773 1117 781 1142 ε
803 1098 846 1141 hi
869 1113 973 1156 ergo
992 1097 1069 1157 qui
1094 1113 1181 1142 non
1204 1098 1425 1157 pertinent

26 1169 81 1213 ad
103 1170 232 1213 istum
257 1170 540 1214 certissimum
564 1180 605 1212 et
629 1169 920 1213 felicissimum
946 1185 1196 1223 numerum,
1225 1185 1303 1228 pro
1327 1185 1422 1213 me-

25 1240 115 1283 ritis
138 1240 374 1300 justissime
396 1240 666 1299 judicantur.
699 1244 787 1283 Aut
815 1241 929 1283 enim
951 1242 1098 1300 jacent
1120 1242 1202 1284 sub
1225 1250 1420 1300 peccato,

24 1312 144 1371 quod
167 1310 432 1368 originaliter
455 1312 731 1368 generatione
755 1321 993 1366 traxerunt,
1016 1322 1057 1355 et
1076 1327 1175 1356 cum
1196 1312 1271 1355 illo
1290 1313 1426 1355 haere-

22 1381 179 1426 (litario
211 1381 360 1425 debito
398 1381 498 1424 hinc
533 1391 720 1435 exeunt,
767 1382 887 1440 quod
926 1397 1014 1425 non
1056 1392 1117 1425 est
1148 1382 1426 1440 generatione

22 1452 243 1496 dimissum
266 1473 277 1510 3
303 1461 378 1495 aut
406 1467 484 1511 per
505 1450 694 1495 liberum
728 1451 957 1495 arbitrium
983 1451 1066 1495 alia
1097 1451 1275 1511 insuper
1301 1450 1426 1495 addi-

22 1523 183 1568 derunt
211 1543 219 1568 :
246 1523 491 1579 arbitrium,
521 1523 720 1582 inquam,
746 1522 934 1567 liberum
960 1525 1036 1567 sed
1060 1539 1147 1567 non
1170 1523 1422 1577 liberatum,

20 1594 210 1639 liberum
235 1596 446 1656 justitiae,
479 1596 643 1655 peccati
673 1605 818 1639 autem
849 1611 1036 1650 servum,
1070 1611 1159 1655 quo
1187 1594 1427 1639 volvuntur

21 1681 98 1725 per
122 1667 310 1711 diversas
334 1668 482 1711 noxias
503 1665 781 1725 cupiditates,
803 1667 875 1710 alii
895 1668 1046 1723 magis,
1069 1666 1140 1710 alii
1159 1667 1303 1710 minus
1322 1688 1332 1724 3
1353 1665 1428 1710 sed

22 1753 173 1782 omnes
193 1738 312 1794 mali,
334 1749 376 1783 et
397 1755 475 1799 pro
497 1739 586 1797 ipsa
606 1738 855 1782 diversitate
874 1739 1051 1783 diversis
1069 1739 1290 1797 suppliciis
1305 1738 1426 1798 judi-

24 1809 171 1854 candi.
199 1813 287 1854 Aut
311 1811 492 1868 gratiam
518 1810 595 1854 Dei
621 1809 890 1868 suscipiunt,
917 1810 991 1854 sed
1015 1809 1273 1868 temporales
1295 1818 1397 1852 sunt
1414 1843 1425 1863 ,

23 1895 104 1924 nec
137 1890 446 1939 perseverant,
482 1879 689 1923 deserunt
721 1889 765 1923 et
797 1879 1074 1924 deseruntur.
1111 1879 1281 1923 Dimissi
1312 1878 1428 1922 enim

24 1961 124 1994 sunt
158 1949 298 1994 libero
332 1951 541 2003 arbitrio,
579 1966 668 1993 non
700 1961 880 2009 accepto
920 1951 1252 2009 perseverantiae
1280 1950 1425 2004 dono,

19 2021 185 2081 judicio
211 2022 285 2065 Dei
305 2023 423 2082 justo
447 2030 489 2064 et
515 2021 706 2065 occulto.

85 2095 246 2136 XLIII.
275 2093 503 2137 Patiantur
527 2108 630 2151 ergo
657 2093 855 2136 homines
879 2108 922 2136 se
945 2093 1100 2152 corripi
1126 2092 1304 2153 quando
1328 2106 1429 2152 pec-⁴

26 2172 236 2217 cant,nec
253 2163 307 2208 de
328 2165 418 2223 ipsa
440 2164 716 2222 correptione
738 2173 890 2208 contra
915 2165 1094 2224 gratiam
1118 2175 1428 2222 argumenten-

28 2242 115 2288 tur,
128 2249 208 2278 nec
221 2232 276 2278 de
291 2234 426 2293 gratia
439 2244 590 2278 contra
602 2236 920 2292 correptionem
941 2235 1065 2295 :quia
1079 2245 1121 2279 et
1135 2236 1301 2294 peccati
1313 2236 1428 2295 justa

28 2319 159 2364 poena
182 2305 386 2360 debetur,
412 2315 454 2349 et
480 2305 534 2350 ad
557 2306 690 2364 ipsam
716 2307 904 2365 pertinet
921 2308 1034 2366 justa
1057 2308 1273 2366 correptio
1294 2344 1305 2362 ,
1329 2324 1429 2368 quae

28 2376 345 2421 medicinaliter
370 2377 617 2430 adhibetur,
643 2379 771 2421 etiam
798 2379 831 2422 si
857 2379 969 2422 salus
998 2380 1247 2436 aegrotantis
1264 2380 1428 2423 incerta

33 2457 94 2492 est
118 2468 126 2493 :
148 2458 193 2492 ut
216 2449 251 2493 si
274 2450 308 2493 is
330 2450 403 2509 qui
429 2451 675 2507 corripitur,
699 2449 750 2492 ad
775 2451 1175 2508 praedestinatort.m
1197 2466 1427 2494 numerum

34 2520 237 2578 pertinet,
258 2520 312 2565 sit
329 2520 368 2564 ei
386 2520 602 2579 correptio
620 2520 794 2565 salubre
812 2520 1179 2567 medicamentum
1199 2542 1208 2579 3
1228 2522 1263 2566 si
1280 2531 1423 2567 autem

84 2611 92 2628 ¹
117 2607 207 2638 Joan.
229 2617 250 2646 1,
281 2605 330 2637 16.
