1821 3264
0 0 15 238 l

6 242 11 263 ³
385 250 439 277 ΒΕ
470 248 759 277 connzrzrromz
791 249 844 277 ET
875 249 1048 279 annm.
1357 239 1411 280 51¹

3 266 113 379 ¹istat
130 351 140 370 ,
167 325 212 360 et
242 329 372 360 nemo
398 315 509 374 perit
537 314 617 359 nisi
652 313 766 358 filius
799 316 1071 374 perditionis.
1103 317 1228 362 Absit
1256 327 1306 362 ut
1334 318 1414 363 ista

33 387 282 446 garrientes,
308 401 479 431 securos
496 401 573 431 nos
592 387 638 430 in
659 387 740 430 hac
756 386 1018 445 negligentia
1040 403 1130 433 esse
1151 389 1310 434 debere
1329 405 1416 434 cre·

33 459 202 502 damu-s.
223 459 385 501 Verum
409 466 472 501 est
492 457 624 511 enim,
650 457 751 516 quia
774 472 904 500 nemo
927 458 1054 516 pei-it,
1082 460 1162 502 nisi
1179 459 1293 504 filius
1315 476 1419 520 per-⁸

34 529 233 573 ditionis¹
262 548 271 572 2
300 528 374 572 sed
399 528 457 572 ait
479 530 593 572 Deus
614 542 690 586 per
705 526 974 571 Ezechielem
991 530 1247 588 prophetam
1267 550 1275 574 ι
1297 550 1316 572 «
1338 530 1417 574 isse

37 614 60 642 ἤ
82 599 260 660 quidem
277 600 321 643 in
353 609 530 659 peccato
558 614 636 643 suo
669 600 901 654 morietur,
927 601 1182 662 sanguinem
1207 617 1311 646 vero
1332 603 1421 661 ejus

0 695 3 735 Ι
38 686 58 712 »
84 669 139 714 de
169 685 301 713 manu
329 669 609 730 speculatoris
635 671 896 730 requirarn2.
924 688 944 711 »

0 742 3 794 ξ
91 744 251 786 XLIX.
277 742 463 786 Proinde
491 751 705 800 quantum
727 741 781 785 ad
803 757 882 786 nos
901 744 1112 801 pertinet,
1133 744 1209 803 qui
1227 744 1421 803 praedes-

0 830 1 850 π
35 812 193 856 tinatos
211 828 234 856 a
252 827 341 855 non
360 812 674 871 praedestinatis
692 811 934 857 discernere
957 828 1045 856 non
1063 812 1272 867 valemus,
1299 823 1343 858 et
1363 815 1420 858 ob

34 883 118 926 hoc
139 897 288 926 omnes
317 881 455 926 salvos
484 883 574 926 fieri
599 882 711 927 velle
736 881 976 940 debemus,
1007 885 1208 928 omnibus
1225 920 1235 939 ,
1266 900 1321 928 ne
1344 900 1421 943 pe·-

34 962 155 995 reant
174 987 184 1006 ‚
214 953 283 996 vel
304 967 359 996 ne
381 951 486 996 alios
503 952 708 1011 perdant,
735 952 981 997 adhibenda
1004 964 1068 997 est
1090 971 1112 997 a
1135 955 1258 998 nobis
1281 955 1420 998 medi-

35 1022 229 1067 cinaliter
249 1038 394 1067 severa
420 1024 635 1083 correptio
658 1043 666 1067 :
693 1023 768 1067 Dei
793 1033 856 1067 est
878 1033 1023 1067 autern
1052 1024 1134 1067 illis
1166 1040 1259 1068 eam
1280 1023 1422 1069 facere

36 1092 211 1147 utilem,
247 1110 356 1154 quos
385 1095 476 1153 ipse
506 1095 721 1154 praescivit
755 1104 797 1138 et
830 1095 1154 1153 praedestinavit
1181 1095 1426 1140 conformes

35 1164 230 1221 imaginis
243 1164 340 1207 Filii
355 1166 460 1208 suiss.
491 1166 533 1210 Si
555 1167 670 1208 enim
701 1165 938 1222 aliquando
961 1166 1116 1209 timore
1139 1183 1227 1210 non
1246 1167 1426 1225 corripi-

37 1250 132 1278 mus
147 1269 157 1288 ,
179 1249 233 1278 ne
251 1234 404 1293 aliquis
436 1236 539 1279 inde
563 1245 725 1293 pereat,
751 1250 830 1278 cur
853 1251 941 1279 non
965 1238 1094 1280 ctiam
1118 1238 1272 1282 timore
1294 1238 1428 1281 corri-

36 1306 201 1364 pimus,
227 1321 282 1348 ne
305 1305 460 1365 aliquis
482 1306 584 1348 inde
606 1305 704 1364 plus
727 1309 901 1364 pereat?
915 1309 1065 1366 Neque
1088 1309 1203 1351 enim
1229 1307 1430 1352 dilectio-

37 1374 102 1419 nis
127 1376 287 1420 viscera
318 1377 477 1435 majora
503 1386 717 1433 gestamus
738 1392 869 1435 quam
894 1376 1046 1420 beatus
1071 1378 1303 1435 Apostolus
1321 1413 1331 1431 ,
1353 1379 1429 1436 qui

37 1446 170 1490 dicit:
203 1465 217 1485 α
244 1446 458 1503 Corripite
496 1446 735 1505 inquietOS,
776 1446 1061 1490 consolamini
1105 1447 1428 1505 pusillanimes,

42 1535 62 1558 »
87 1516 290 1575 suscipite
311 1516 526 1570 infirmos,
554 1517 765 1575 patientes
781 1527 917 1560 estote
940 1517 994 1560 ad
1016 1534 1188 1571 omnes,
1211 1519 1355 1561 videte
1378 1533 1432 1561 ne

45 1606 62 1628 »
89 1587 185 1646 quis
207 1586 371 1630 malum
393 1603 472 1646 pro
502 1587 616 1630 malo
649 1586 777 1630 alicui
806 1587 1005 1630 reddat4.
1027 1606 1045 1628 »
1074 1588 1158 1632 Ubi
1186 1588 1434 1646 intelligen-

40 1657 146 1702 dum
169 1667 233 1702 est
250 1667 355 1702 tunc
377 1658 520 1716 potius
538 1657 702 1702 malum
729 1673 808 1717 pro
827 1657 941 1702 malo
965 1657 1110 1713 reddi,
1138 1659 1172 1702 si
1193 1659 1435 1717 corripien-

41 1727 122 1772 dus
143 1744 232 1772 non
255 1728 487 1787 corripitur
504 1763 514 1782 ,
539 1729 613 1771 sed
643 1744 773 1786 prava
806 1728 1148 1772 dissimulatione
1178 1729 1429 1787 negligitur.

43 1800 157 1843 Dicit
180 1799 326 1852 etiam,
354 1817 375 1840 «
402 1802 634 1842 Peccantes
665 1813 810 1842 coram
834 1798 1036 1841 omnibus
1060 1799 1254 1857 corripe,
1280 1809 1329 1842 ut
1348 1814 1435 1843 cae-

48 1890 65 1911 »
92 1870 173 1913 teri
194 1869 395 1913 timorem
415 1870 644 1912 habeant⁵.
667 1887 686 1909 »
709 1867 838 1920 Quod
857 1866 911 1910 de
933 1867 997 1910 his
1012 1870 1197 1926 peccatis
1220 1869 1437 1927 accipien-

44 1938 148 1983 dum
172 1935 242 1982 est*
270 1953 369 1997 quae
401 1954 490 1981 non
512 1937 671 1991 latent,
706 1953 760 1980 ne
792 1946 943 1981 contra
978 1937 1150 1980 Domini
1180 1938 1438 1980 sententiam

44 2018 222 2068 putetur
243 2007 429 2052 locutus.
458 2007 536 2051 Ille
558 2007 673 2050 enim
696 2007 821 2061 dicit,
852 2026 871 2048 «
899 2005 941 2051 Si
962 2008 1206 2065 peccaverit
1222 2008 1264 2049 in
1288 2016 1329 2050 te
1347 2007 1437 2051 fra-

49 2098 68 2120 »
94 2089 159 2123 ter
180 2089 281 2123 tuus
300 2113 310 2133 ,
325 2078 494 2136 corripe
518 2093 617 2121 eum
641 2078 754 2120 inter
771 2086 814 2120 te
837 2086 880 2136 et
897 2077 1054 2135 ipsum.
1083 2096 1100 2117 »
1125 2079 1439 2121 Verumtamen

48 2159 90 2193 et
116 2150 206 2209 ipse
237 2149 507 2193 severitatem
541 2148 825 2206 correptionis
868 2163 919 2191 eo
953 2163 1092 2206 usque
1132 2150 1358 2207 perducit,
1391 2157 1441 2192 ut

49 2221 192 2274 dicat,
214 2238 234 2261 «
263 2219 304 2264 Si
332 2234 412 2262 nec
440 2218 676 2262 Ecclesiam
712 2217 922 2273 audierit,
955 2219 1008 2262 sit
1031 2219 1109 2262 tibi
1140 2230 1347 2279 tanquam
1376 2228 1441 2263 et-

53 2310 70 2331 »
96 2290 250 2334 hnicus
274 2298 317 2333 et
339 2289 638 2347 publicanusss.
665 2308 683 2329 »
706 2291 761 2332 Et
782 2289 878 2349 quis
902 2289 1036 2347 magis
1051 2288 1202 2333 dilexit
1226 2290 1434 2344 infirmos,

48 2376 180 2421 quam
212 2359 283 2404 ille
315 2361 390 2419 qui
423 2375 500 2418 pro
527 2359 730 2403 omnibus
766 2369 828 2402 est
865 2359 1004 2403 factus
1033 2360 1232 2403 infirmus
1252 2395 1262 2414 ,
1295 2371 1338 2403 et
1364 2375 1441 2418 pro

49 2431 251 2475 omnibus
275 2446 324 2474 ex
349 2431 439 2489 ipsa
462 2430 713 2473 infirmitate
729 2429 984 2473 crucifixus?
1004 2432 1112 2482 Quae
1135 2445 1236 2473 cum
1258 2428 1317 2473 ita
1341 2430 1442 2485 sint,

108 2542 113 2557 ¹
139 2537 230 2567 Joan.
253 2546 329 2574 xvn,
352 2543 401 2565 12.
419 2551 459 2556 -—-
475 2541 487 2556 ²
511 2533 626 2565 Ezecli.
652 2545 699 2573 m,
724 2531 854 2566 18.-—-3
875 2536 965 2564 Rom.
988 2544 1059 2571 νιν,
1081 2542 1132 2573 79,
1152 2549 1189 2554 -<
1206 2533 1219 2560 12
1247 2545 1257 2564 1
1279 2534 1387 2565 Thess.
1415 2545 1450 2571 v,

65 2592 114 2630 ¹4·
138 2608 168 2613 —
186 2589 199 2613 ⁵
218 2601 230 2621 1
250 2591 329 2622 Tim.
351 2601 384 2630 v,
405 2599 457 2621 20.
475 2606 503 2611 -—
526 2587 776 2627 6Mattt1.xv111,
803 2590 838 2619 ιδ
858 2593 890 2620 et
911 2600 959 2629 ¹7·
