1884 3285
452 241 532 281 144
888 255 919 278 s.
957 251 1185 279 Arcusnm
1218 251 1398 277 EPlscol’l

450 335 471 357 »
497 317 618 368 ratis,
643 314 716 358 sed
734 330 814 358 nec
834 316 977 359 adhuc
997 316 1173 375 quidem
1192 315 1398 375 potestis?
1421 332 1438 354 n
1466 316 1671 366 Quamvis
1693 316 1824 361 modo

446 385 637 444 quodam
667 383 837 428 dicendi
864 386 955 429 fieri
983 386 1139 445 possit,
1160 395 1209 430 ut
1231 385 1273 428 id
1297 383 1416 443 quod
1440 383 1624 440 dicitur,
1658 395 1701 430 et
1721 381 1824 444 par*-

447 455 557 498 vulis
576 454 664 509 lac,
686 464 728 498 et
759 455 998 513 grandibus
1014 472 1108 500 esca
1127 457 1194 499 sit.
1219 457 1353 507 Sicut,
1384 473 1403 496 «
1426 458 1477 497 In
1499 455 1713 514 principio
1735 465 1827 500 erat

449 542 469 566 »
497 525 718 579 Verbum,
750 534 793 569 et
825 527 1018 569 Verbum
1050 536 1141 570 erat
1175 526 1289 584 apud
1322 528 1480 578 Deum,
1518 534 1561 568 et
1593 528 1705 569 Deus
1737 535 1826 570 erat

449 612 469 635 n
497 594 736 649 verbum1,
757 613 776 636 n
799 596 896 653 quis
914 596 1183 640 Christianus
1201 605 1342 639 tacere
1361 595 1525 652 potest?
1542 595 1636 654 quis
1649 597 1829 654 capere?

447 673 524 708 aut
541 665 645 723 quid
669 665 713 707 in
737 664 932 709 doctrina
951 680 1052 709 sana
1075 674 1216 724 potest
1238 664 1422 708 inveniri
1444 663 1679 722 grandius?
1700 664 1826 717 Quod

448 742 594 777 tamen
616 742 657 776 et
681 734 871 792 parvulis
890 750 978 778 non
998 744 1166 779 tacetur
1183 744 1225 778 et
1252 733 1490 793 grandibus
1508 768 1517 787 ,
1541 749 1621 777 nec
1642 733 1830 792 parvulis

448 802 694 847 occultatur
729 819 752 846 a
794 803 1045 861 grandibus.
1091 804 1174 849 Sed
1208 804 1288 848 alia
1328 813 1391 847 est
1430 804 1537 848 ratio
1575 819 1723 847 verum
1765 814 1830 847 ta-

448 872 600 927 cendi,
632 873 711 916 alia
744 889 896 918 verum
924 874 1098 918 dicendi
1131 875 1371 919 necessitas.
1399 877 1558 919 Causas
1590 889 1742 918 verum
1763 883 1830 918 ta-
1865 921 1868 930 ‚

448 942 576 987 cendi
605 942 786 1001 longum
822 938 1056 988 est-omnes
1085 959 1280 1002 quaerere
1304 943 1372 987 vel
1397 944 1582 987 inserere
1609 963 1617 988 :
1644 958 1832 1002 quarum
1864 934 1868 952 ⁶

448 1021 594 1056 tamen
618 1022 681 1057 est
710 1023 753 1057 et
778 1014 871 1058 haec
893 1030 1001 1067 una,
1029 1030 1082 1057 ne
1105 1016 1268 1073 pejores
1294 1014 1503 1058 faciamus
1532 1029 1604 1058 eos
1633 1014 1709 1072 qui
1744 1029 1833 1057 non
1865 1002 1868 1016 ’

449 1081 739 1140 intelligunt,
784 1084 887 1127 dum
930 1083 1130 1128 volumus
1171 1099 1242 1127 eos
1282 1085 1357 1142 qui
1399 1083 1650 1141 intelligunt
1692 1084 1834 1127 facere

450 1150 692 1208 doctiores·
733 1154 810 1211 qui
851 1153 976 1196 nobis
1007 1153 1172 1212 aliquid
1217 1153 1301 1196 tale
1336 1153 1582 1196 tacentibus
1622 1151 1834 1197 doctiores

449 1221 629 1279 quidem
664 1237 753 1265 non
785 1223 923 1271 fiunt,
959 1223 1033 1266 sed
1075 1238 1155 1266 nec
1185 1223 1350 1281 pejores
1379 1223 1504 1266 fiunt.
1538 1224 1650 1267 Cum
1690 1232 1834 1266 autem

449 1306 515 1333 res
544 1306 644 1334 vera
675 1292 733 1335 ita
764 1306 808 1335 sc
837 1293 992 1346 habet,
1033 1302 1081 1335 ut
1123 1293 1197 1335 fiat
1232 1292 1354 1351 pejor
1390 1291 1517 1335 nobis
1554 1306 1647 1335 eam
1685 1291 1834 1335 dicen-

457 1360 594 1414 tibus,
632 1359 704 1403 ille
738 1361 813 1420 qui
851 1376 1003 1419 capere
1041 1376 1130 1404 non
1166 1370 1328 1419 potest3
1375 1362 1499 1405 nobis
1521 1369 1667 1405 autem
1696 1370 1838 1404 tacen-

455 1430 599 1484 tibus,
633 1430 704 1474 ille
737 1432 814 1490 qui
837 1442 977 1490 potest
1011 1451 1018 1476 :
1063 1431 1169 1491 quid
1199 1441 1402 1490 putamus
1441 1447 1530 1475 esse
1559 1431 1839 1476 faciendum?

455 1502 608 1544 Nonne
636 1500 780 1558 potius
808 1511 872 1545 est
901 1501 1134 1545 dicendum
1164 1517 1314 1546 verum
1333 1536 1343 1555 ,
1388 1510 1437 1545 ut
1474 1501 1548 1560 qui
1587 1506 1730 1560 potest
1762 1515 1836 1545 ca-

454 1584 558 1627 pere
585 1571 747 1628 capiat,
785 1587 917 1629 quam
955 1572 1217 1626 tacendum,
1253 1581 1302 1616 ut
1339 1587 1428 1615 non
1456 1571 1598 1615 solum
1632 1571 1678 1615 id
1705 1572 1835 1615 ambo

453 1655 543 1684 non
576 1641 774 1699 capiant,
817 1657 969 1686 verum
1008 1643 1137 1686 etiam
1175 1643 1250 1701 qui
1283 1651 1346 1686 cst
1386 1642 1719 1701 intelligentior,
1746 1643 1835 1699 ipse

453 1710 507 1753 sit
535 1712 686 1770 pejor?
715 1712 798 1764 Qui
833 1713 867 1755 si
903 1712 1071 1756 audiret
1115 1723 1157 1756 et
1198 1722 1392 1771 caperet,
1425 1728 1500 1772 per
1541 1712 1663 1756 illum
1707 1713 1835 1756 etiam

452 1778 597 1836 plures
621 1779 850 1824 discerent.
880 1783 977 1834 Quo
995 1782 1110 1825 enim
1129 1791 1194 1825 est
1215 1782 1410 1840 capacior
1428 1791 1477 1825 ut
1493 1781 1630 1826 discat
1644 1816 1656 1836 ,
1681 1797 1732 1825 eo
1748 1796 1836 1825 ma-

451 1850 513 1906 gis
549 1858 612 1893 est
643 1849 825 1894 idoneus
853 1860 903 1895 ut
935 1852 1039 1895 alios
1067 1852 1235 1896 doceat.
1267 1856 1403 1896 Instat
1429 1852 1628 1896 inimicus
1661 1852 1831 1910 gratiae,

452 1928 582 1978 atque
605 1930 731 1977 urget
753 1920 891 1964 modis
922 1922 1152 1975 omnibus,
1178 1932 1227 1966 ut
1249 1922 1450 1966 credatur
1477 1922 1716 1966 secundum
1739 1937 1833 1965 me·
1869 1913 1874 1981 ξ

451 1989 531 2032 lita
555 1999 699 2033 nostia
722 1991 836 2045 dari,
862 2007 909 2035 ac
930 1992 990 2035 sic
1017 1993 1148 2048 gratia
1166 1994 1254 2051 jam
1279 2008 1367 2036 non
1389 1993 1443 2036 sit
1466 1993 1634 2051 gratia2
1658 2001 1735 2036 :et
1755 2008 1833 2036 nos
1869 1986 1874 2041 ἰ

451 2059 655 2103 nolumus
681 2061 823 2104 dicere
839 2062 994 2121 ‚quod
1026 2071 1129 2106 teste
1161 2063 1378 2121 Scriptura
1403 2078 1630 2120 possumus
1659 2062 1833 2106 dicere?
1869 2044 1875 2133 j

454 2130 672 2173 Timcmus
689 2131 802 2174 enim
821 2131 1036 2186 videlicet,
1058 2133 1404 2192 neloquentibus
1421 2133 1544 2177 nobis
1560 2133 1828 2186 offendatur,

451 2200 523 2257 qui
545 2201 767 2244 veritatem
785 2218 874 2246 non
898 2213 1038 2261 potest
1059 2219 1234 2263 capere,
1261 2213 1304 2247 et
1327 2220 1414 2248 non
1438 2205 1664 2258 timemus,
1690 2219 1745 2249 ne
1762 2214 1830 2249 ta·

450 2271 648 2313 centibus
671 2271 814 2325 nobis,
841 2273 915 2331 qui
939 2274 1162 2317 veritatem
1186 2283 1326 2332 potest
1347 2289 1524 2333 capere,
1552 2273 1735 2319 falsitate
1755 2290 1830 2319 ca-
1871 2282 1875 2316 ἑ

449 2339 618 2395 piatur?
1870 2319 1875 2360 l

508 2410 623 2451 XLI.
650 2414 739 2453 Aut
753 2410 865 2453 enim
882 2412 939 2454 sic
954 2411 1276 2469 praedestinatio
1292 2412 1568 2471 praedicanda
1582 2423 1661 2468 est,
1681 2428 1828 2474 quem·
1870 2412 1875 2474 l

449 2477 688 2522 admodum
719 2495 811 2524 eam
842 2490 987 2525 sancta
1011 2482 1230 2541 Scriptura
1260 2482 1482 2527 evidenter
1508 2483 1754 2544 eloquitur,
1780 2494 1829 2529 ut
1871 2497 1875 2551 fi

498 2569 506 2583 ¹
527 2564 662 2604 Joan.1,
687 2575 715 2596 1.
730 2581 762 2588 —
785 2568 971 2607 ²I'xoin.x1,
991 2567 1023 2598 6.
1871 2554 1884 2713 1¹

1871 2704 1875 2730 t

1866 1269 1871 1303 l
