1821 3264
378 312 430 338 οε
464 308 862 339 PRAEDESTINATIONE
893 311 1158 344 snm-onum.
1402 308 1451 346 91

84 373 213 419 nibus
232 374 491 433 principium
515 373 619 418 fidei
634 383 678 418 et
693 374 1001 433 perfectionem
1016 380 1061 423 in
1075 383 1099 425 J
1103 396 1239 436 esum,
1259 383 1333 441 qui
1355 384 1458 429 fecit

81 443 302 488 hominem
324 443 564 503 principem
585 443 685 488 fidei
701 454 744 489 et
762 445 1046 504 perfectorem
1070 452 1218 495 Jesum
1237 472 1245 496 :
1265 453 1323 497 sic
1339 455 1455 498 enim

80 523 143 560 est
163 514 418 574 appellatus,
438 524 487 560 ut
502 515 631 570 scitis,
646 516 691 560 in
707 515 898 574 Epistola
915 534 1014 578 quae
1031 529 1094 563 est
1115 521 1171 565 ad
1193 523 1398 569 Hebraeos
1422 527 1452 570 ¹.

138 588 324 631 XXXII.
363 589 500 632 Vocat
521 587 635 631 enim
668 590 781 632 Deus
811 589 1135 648 praedestinatos
1163 593 1322 638 multos
1347 595 1456 640 filios

79 673 178 703 suos
195 691 207 712 ,
232 666 282 702 ut
303 673 375 702 eos
397 656 524 703 faciat
544 657 737 701 membra
770 658 1064 717 praedestinati
1093 662 1209 707 unici
1242 663 1341 707 Filii
1372 666 1452 720 sui,

79 743 167 773 non
190 743 240 772 ea
264 729 488 774 vocatione
507 743 593 787 qua
612 728 752 773 vocati
776 739 876 773 sunt
897 740 941 775 et
961 732 1036 791 qui
1059 731 1295 777 noluerunt
1311 737 1455 778 venire

79 797 130 843 ad
156 799 328 858 nuptias
351 802 394 856 ²3
427 798 499 843 illa
520 799 683 859 quippe
704 801 929 844 vocatione
946 811 989 846 et.
1010 804 1034 846 J
1040 802 1152 847 udaei
1173 806 1313 849 vocati
1336 816 1451 860 sunt,

78 870 238 930 quibus
263 870 458 915 Christus
478 869 707 914 crucifixus
725 871 977 916 scandalum
994 883 1082 931 est,
1107 884 1150 918 et
1172 884 1337 934 gentes,
1362 878 1455 937 qui-

77 941 160 985 bus
175 942 405 987 crucifixus
423 941 604 986 stultitia
620 950 683 986 est
700 961 709 987 :
732 942 807 987 sed
822 958 870 987 ea
881 945 1107 990 vocatione
1129 948 1455 1006 praedestinatos

75 1022 200 1058 vocat
229 1014 264 1069 ³,
289 1028 421 1073 quam
443 1013 635 1058 distinxit
657 1013 890 1074 Apostolus
909 1051 919 1071 ,
953 1015 1098 1062 dicens
1119 1053 1129 1073 ,
1164 1019 1264 1078 ipsis
1293 1021 1454 1064 vocatis

73 1084 236 1128 Judaeis
257 1093 300 1129 et
322 1085 479 1128 Graecis
500 1085 735 1143 praedicare
765 1101 809 1129 se
833 1086 1053 1132 Christum
1086 1089 1162 1132 Dei
1183 1089 1388 1135 virtutem
1413 1101 1455 1135 et

74 1155 152 1199 Dei
174 1154 440 1214 sapientiam.
468 1156 534 1201 Sic
556 1156 672 1199 enim
693 1157 779 1201 ait:
809 1177 829 1201 α
856 1159 962 1218 Ipsis
985 1168 1130 1204 autem
1158 1161 1321 1205 vocatis
1349 1163 1364 1187 ⁴
1393 1182 1401 1207 :
1430 1181 1449 1204 »

72 1235 124 1270 ut
162 1226 258 1271 illos
291 1227 540 1271 ostenderet
565 1243 653 1272 non
678 1237 851 1274 vocatos
882 1244 890 1270 :
922 1231 1058 1275 sciens
1095 1246 1183 1275 esse
1217 1233 1452 1292 quamdam

72 1306 236 1342 certam
253 1299 523 1343 vocationem
553 1314 703 1344 eorum
725 1301 802 1360 qui
820 1303 1062 1346 secundum
1084 1306 1350 1362 propositum
1373 1321 1452 1351 vo-

69 1367 154 1412 cati
177 1377 295 1423 sunt,
321 1385 430 1429 quos
451 1379 551 1414 ante
568 1372 783 1429 praescivit
801 1382 843 1416 et
860 1374 1183 1432 praedestinavit
1209 1376 1452 1424 conformes

46 1438 266 1497 imaginis
299 1439 394 1483 Filii
422 1441 488 1484 sui
509 1443 540 1485 ³.
579 1444 718 1494 Qnam
749 1445 1021 1489 vocationem
1054 1446 1325 1505 significans,
1357 1450 1412 1492 ait
1439 1470 1447 1494 :

73 1528 94 1553 «
112 1512 211 1556 Non
236 1525 287 1554 ex
315 1512 541 1571 operibus,
567 1512 643 1557 sed
677 1528 728 1557 ex
754 1524 935 1559 vocante
963 1515 1129 1560 dictum
1162 1527 1225 1562 est
1246 1519 1315 1574 ei,
1341 1520 1451 1573 Quia

71 1597 91 1621 »
112 1582 248 1641 major
264 1582 417 1626 serviet
434 1583 592 1628 minori
606 1585 638 1627 ⁶.
663 1602 682 1625 »
709 1586 935 1645 Numquid
955 1586 1061 1631 dixit
1088 1608 1096 1632 ε
1117 1591 1214 1633 Non
1236 1605 1286 1633 ex
1308 1592 1450 1649 operi-

67 1650 166 1707 bus,
187 1653 262 1696 sed
284 1668 336 1697 ex
350 1653 553 1698 credente
574 1656 592 1699 P
614 1658 792 1700 Prorsus
810 1658 940 1702 etiam
962 1659 1044 1703 hoc
1066 1660 1247 1705 abstulit
1263 1662 1446 1717 homini,

66 1731 115 1766 ut
131 1731 269 1769 totum
295 1724 419 1770 daret
440 1728 543 1771 Deo.
571 1725 685 1771 Dixit
705 1742 806 1786 ergo
822 1763 835 1784 ,
863 1729 974 1774 «sed
999 1747 1050 1774 ex
1072 1741 1256 1776 vocante
1278 1752 1287 1777 ε
1317 1752 1336 1774 »
1363 1749 1451 1778 non

65 1809 342 1855 quacumque
363 1797 606 1852 vocatione,
630 1798 703 1843 sed
728 1815 814 1858 qua
844 1804 1071 1846 vocatione
1092 1803 1143 1846 fit
1163 1803 1356 1848 credens.

123 1867 333 1911 XXXIII.
360 1870 482 1913 Hanc
504 1869 759 1915 intuebatur
781 1872 910 1916 etiam
930 1908 940 1927 ,
965 1888 1064 1917 cum
1085 1874 1249 1919 diceret
1267 1884 1283 1919 ;·
1306 1894 1326 1917 «
1349 1876 1448 1920 Sine

66 1954 88 1978 »
107 1937 366 1996 poenitentia
386 1947 487 1983 sunt
514 1939 629 1984 dona
650 1950 693 1985 et
714 1942 882 1986 vocatio
901 1943 977 1986 Dei
1000 1945 1030 1985 ⁷.
1056 1946 1163 1989 Nam
1186 1954 1228 1988 et
1255 1945 1315 1988 ibi
1336 1945 1443 2005 quid

64 2008 276 2067 agebatur
292 2009 512 2069 paulisper
534 2010 760 2056 advertite.
787 2015 896 2057 Cum
928 2015 1044 2057 enim
1063 2014 1236 2059 dixisset
1257 2034 1266 2059 z
1296 2034 1316 2058 «
1337 2015 1446 2061 Nolo

66 2096 87 2120 »
113 2079 227 2123 enim
251 2095 325 2124 vos
347 2081 545 2140 ignorare
565 2117 576 2137 ,
597 2081 751 2128 fratres
767 2119 778 2139 ,
812 2094 1131 2129 sacramentum
1155 2087 1263 2142 hoc,
1287 2096 1337 2131 ut
1357 2103 1446 2132 non

67 2166 89 2190 »
113 2148 204 2194 sitis
224 2150 348 2194 vobis
369 2152 604 2210 sapientes:
638 2153 739 2213 qnia
762 2155 930 2199 caeci-tas
952 2171 1003 2199 ex
1035 2166 1157 2215 parte
1181 2156 1309 2201 Israel
1334 2157 1446 2202 facta

67 2237 88 2261 »
114 2229 176 2264 est
198 2222 230 2276 ⁸,
265 2221 404 2268 donec
432 2222 660 2282 plenitudo
683 2227 878 2284 gentium
916 2228 1121 2283 intraret,
1155 2238 1197 2273 et
1227 2229 1286 2274 sic
1308 2231 1445 2274 omnis

65 2309 86 2332 »
113 2291 244 2336 Israel
265 2293 407 2338 salvus
429 2295 552 2339 fieret
569 2331 580 2350 ,
602 2297 714 2342 sicut
735 2298 949 2358 scriptum
975 2309 1039 2344 est
1059 2319 1068 2344 ς
1092 2301 1247 2344 Veniet
1269 2317 1321 2345 ex
1343 2303 1444 2346 Sion

67 2381 86 2405 »
111 2363 187 2423 qui
204 2365 373 2424 eripiat,
403 2375 446 2410 et
467 2377 633 2412 avertat
654 2369 922 2429 impietatem
948 2372 1002 2415 ab
1025 2373 1175 2427 Jacob,
1198 2382 1240 2416 et
1260 2374 1343 2417 hoc
1362 2373 1444 2418 illis

67 2450 87 2475 »
112 2449 136 2478 a
157 2449 228 2478 me
257 2444 584 2494 testamentum,
610 2455 709 2484 cum
735 2441 955 2486 abstulero
975 2452 1151 2502 peccata
1172 2445 1352 2487 eorum⁰
1381 2463 1389 2488 :
1419 2463 1439 2485 »

112 2560 122 2576 ¹
149 2554 247 2586 Hebr.
268 2566 322 2594 xn,
342 2566 374 2589 2.
392 2575 430 2579 -
449 2565 462 2580 ²
481 2560 557 2592 Luc.
578 2570 644 2600 xiv,
669 2561 707 2593 16
722 2565 755 2593 et
773 2572 861 2605 seqq.
876 2579 916 2584 —
934 2561 948 2584 3
973 2574 983 2594 1
1005 2565 1076 2596 Cor.
1096 2575 1119 2605 1,
1135 2564 1189 2595 23.
1206 2563 1367 2597 —41bid.
1386 2565 1438 2606 24.
1476 2599 1484 2606 ,

66 2625 106 2630 -
121 2606 136 2630 5
153 2611 245 2642 Rom.
264 2622 333 2653 vin,
353 2612 395 2645 28
414 2617 446 2646 et
472 2622 525 2658 29.
547 2633 586 2639 -
603 2614 617 2637 ⁰
636 2616 682 2649 Id.
703 2627 747 2658 ix,
769 2626 819 2650 12.
838 2635 878 2640 —-
893 2619 970 2650 71d.
992 2630 1036 2660 xi,
1057 2628 1110 2662 29.
1129 2618 1196 2641 —8
1217 2619 1297 2652 lbid.
1319 2620 1436 2661 25-27.

66 2672 133 2697 -9
150 2665 221 2698 lsai.
239 2677 301 2708 mx,
319 2676 372 2702 ‘10-
