<?xml version="1.0" encoding="UTF-8"?>
<!DOCTYPE html PUBLIC "-//W3C//DTD XHTML 1.0 Transitional//EN"
    "http://www.w3.org/TR/xhtml1/DTD/xhtml1-transitional.dtd">
<html xmlns="http://www.w3.org/1999/xhtml" xml:lang="en" lang="en">
 <head>
  <title>
</title>
<meta http-equiv="Content-Type" content="text/html;charset=utf-8" />
  <meta name='ocr-system' content='tesseract 3.04.00' />
  <meta name='ocr-capabilities' content='ocr_page ocr_carea ocr_par ocr_line ocrx_word'/>
</head>
<body>
  <div class='ocr_page' id='page_1' title='image "./operaomniaaccura36auguuoft/operaomniaaccura36auguuoft_0295.png"; bbox 0 0 1821 3264; ppageno 0'>
   <div class='ocr_carea' id='block_1_1' title="bbox 242 229 1398 292">
    <p class='ocr_par' dir='ltr' id='par_1_1' title="bbox 242 229 1398 292">
     <span class='ocr_line' id='line_1_1' title="bbox 242 229 1398 292; baseline -0.021 -2"><span class='ocrx_word' id='word_1_1' title='bbox 242 261 386 292; x_wconf 62' lang='lat' dir='ltr'>opums</span> <span class='ocrx_word' id='word_1_2' title='bbox 417 256 593 287; x_wconf 54' lang='lat' dir='ltr'>maizu.</span> <span class='ocrx_word' id='word_1_3' title='bbox 628 248 789 279; x_wconf 58' lang='lat' dir='ltr'>comma</span> <span class='ocrx_word' id='word_1_4' title='bbox 822 246 989 276; x_wconf 67' lang='lat' dir='ltr'>scum.</span> <span class='ocrx_word' id='word_1_5' title='bbox 1026 245 1108 272; x_wconf 75' lang='lat' dir='ltr'>Lm.</span> <span class='ocrx_word' id='word_1_6' title='bbox 1143 244 1174 270; x_wconf 89' lang='lat'>1.</span> <span class='ocrx_word' id='word_1_7' title='bbox 1315 229 1398 269; x_wconf 78' lang='lat'>215</span> 
     </span>
    </p>
   </div>
   <div class='ocr_carea' id='block_1_2' title="bbox 22 307 1440 2508">
    <p class='ocr_par' dir='ltr' id='par_1_2' title="bbox 22 307 1433 1594">
     <span class='ocr_line' id='line_1_2' title="bbox 22 307 1403 390; baseline -0.02 -11"><span class='ocrx_word' id='word_1_8' title='bbox 22 327 343 390; x_wconf 82' lang='lat' dir='ltr'>Augustoduno</span> <span class='ocrx_word' id='word_1_9' title='bbox 376 318 671 383; x_wconf 81' lang='lat' dir='ltr'>Episcopus¹‚</span> <span class='ocrx_word' id='word_1_10' title='bbox 703 314 778 374; x_wconf 92' lang='lat' dir='ltr'>qui</span> <span class='ocrx_word' id='word_1_11' title='bbox 806 327 907 357; x_wconf 89' lang='lat' dir='ltr'>cum</span> <span class='ocrx_word' id='word_1_12' title='bbox 936 307 1179 355; x_wconf 87' lang='lat' dir='ltr'>Melchiade</span> <span class='ocrx_word' id='word_1_13' title='bbox 1204 310 1403 352; x_wconf 85' lang='lat' dir='ltr'>Romano</span> 
     </span>
     <span class='ocr_line' id='line_1_3' title="bbox 23 378 1407 464; baseline -0.02 -13"><span class='ocrx_word' id='word_1_14' title='bbox 23 403 240 464; x_wconf 84' lang='lat' dir='ltr'>Episcopo</span> <span class='ocrx_word' id='word_1_15' title='bbox 268 394 492 458; x_wconf 90' lang='lat' dir='ltr'>quondam</span> <span class='ocrx_word' id='word_1_16' title='bbox 519 388 652 450; x_wconf 84' lang='lat' dir='ltr'>judex</span> <span class='ocrx_word' id='word_1_17' title='bbox 684 383 816 437; x_wconf 89' lang='lat' dir='ltr'>sedit,</span> <span class='ocrx_word' id='word_1_18' title='bbox 849 385 1156 439; x_wconf 86' lang='lat' dir='ltr'>Donatumque</span> <span class='ocrx_word' id='word_1_19' title='bbox 1183 378 1407 423; x_wconf 88' lang='lat' dir='ltr'>damnavit</span> 
     </span>
     <span class='ocr_line' id='line_1_4' title="bbox 23 448 1408 519; baseline -0.022 1"><span class='ocrx_word' id='word_1_20' title='bbox 23 472 292 519; x_wconf 86' lang='lat' dir='ltr'>haereticum.</span> <span class='ocrx_word' id='word_1_21' title='bbox 320 466 401 512; x_wconf 92' lang='lat' dir='ltr'>Hic</span> <span class='ocrx_word' id='word_1_22' title='bbox 422 463 537 508; x_wconf 90' lang='lat' dir='ltr'>enim</span> <span class='ocrx_word' id='word_1_23' title='bbox 568 469 667 502; x_wconf 90' lang='lat' dir='ltr'>cum</span> <span class='ocrx_word' id='word_1_24' title='bbox 705 454 759 499; x_wconf 92' lang='lat' dir='ltr'>de</span> <span class='ocrx_word' id='word_1_25' title='bbox 788 451 1021 497; x_wconf 87' lang='lat' dir='ltr'>christiano</span> <span class='ocrx_word' id='word_1_26' title='bbox 1052 449 1309 508; x_wconf 87' lang='lat' dir='ltr'>baptismate</span> <span class='ocrx_word' id='word_1_27' title='bbox 1339 448 1408 493; x_wconf 89' lang='lat' dir='ltr'>lo·</span> 
     </span>
     <span class='ocr_line' id='line_1_5' title="bbox 23 520 1410 606; baseline -0.021 -16"><span class='ocrx_word' id='word_1_28' title='bbox 23 551 232 606; x_wconf 83' lang='lat' dir='ltr'>queretur</span> <span class='ocrx_word' id='word_1_29' title='bbox 252 558 263 585; x_wconf 76' lang='lat'>2</span> <span class='ocrx_word' id='word_1_30' title='bbox 292 556 313 580; x_wconf 91' lang='lat'>«</span> <span class='ocrx_word' id='word_1_31' title='bbox 333 538 456 581; x_wconf 91' lang='lat' dir='ltr'>Hanc</span> <span class='ocrx_word' id='word_1_32' title='bbox 477 531 631 592; x_wconf 86' lang='lat' dir='ltr'>igitur,</span> <span class='ocrx_word' id='word_1_33' title='bbox 656 525 820 586; x_wconf 88' lang='lat' dir='ltr'>inquit,</span> <span class='ocrx_word' id='word_1_34' title='bbox 845 520 1130 582; x_wconf 83' lang='lat' dir='ltr'>principalem</span> <span class='ocrx_word' id='word_1_35' title='bbox 1154 534 1244 564; x_wconf 86' lang='lat' dir='ltr'>esse</span> <span class='ocrx_word' id='word_1_36' title='bbox 1263 520 1309 564; x_wconf 89' lang='lat' dir='ltr'>in</span> <span class='ocrx_word' id='word_1_37' title='bbox 1324 521 1410 564; x_wconf 90' lang='lat' dir='ltr'>Ec-</span> 
     </span>
     <span class='ocr_line' id='line_1_6' title="bbox 25 591 1412 667; baseline -0.021 -6"><span class='ocrx_word' id='word_1_38' title='bbox 25 615 156 662; x_wconf 88' lang='lat' dir='ltr'>clesia</span> <span class='ocrx_word' id='word_1_39' title='bbox 188 607 505 667; x_wconf 85' lang='lat' dir='ltr'>indulgentiam</span> <span class='ocrx_word' id='word_1_40' title='bbox 522 637 534 658; x_wconf 89' lang='lat'>,</span> <span class='ocrx_word' id='word_1_41' title='bbox 568 598 789 646; x_wconf 89' lang='lat' dir='ltr'>neminem</span> <span class='ocrx_word' id='word_1_42' title='bbox 816 592 1030 655; x_wconf 79' lang='lat' dir='ltr'>praeterit,</span> <span class='ocrx_word' id='word_1_43' title='bbox 1064 592 1109 634; x_wconf 90' lang='lat' dir='ltr'>in</span> <span class='ocrx_word' id='word_1_44' title='bbox 1134 606 1222 650; x_wconf 88' lang='lat' dir='ltr'>qua</span> <span class='ocrx_word' id='word_1_45' title='bbox 1242 591 1412 650; x_wconf 84' lang='lat' dir='ltr'>antiqui</span> 
     </span>
     <span class='ocr_line' id='line_1_7' title="bbox 27 662 1413 738; baseline -0.02 -6"><span class='ocrx_word' id='word_1_46' title='bbox 27 683 215 734; x_wconf 87' lang='lat' dir='ltr'>criminis</span> <span class='ocrx_word' id='word_1_47' title='bbox 238 694 370 727; x_wconf 90' lang='lat' dir='ltr'>omne</span> <span class='ocrx_word' id='word_1_48' title='bbox 394 674 567 738; x_wconf 90' lang='lat' dir='ltr'>pondus</span> <span class='ocrx_word' id='word_1_49' title='bbox 589 669 866 731; x_wconf 85' lang='lat' dir='ltr'>exponimus,</span> <span class='ocrx_word' id='word_1_50' title='bbox 897 674 940 710; x_wconf 90' lang='lat' dir='ltr'>et</span> <span class='ocrx_word' id='word_1_51' title='bbox 972 662 1228 722; x_wconf 81' lang='lat' dir='ltr'>ignorantiae</span> <span class='ocrx_word' id='word_1_52' title='bbox 1238 671 1413 707; x_wconf 74' lang='lat' dir='ltr'>‚nostrae</span> 
     </span>
     <span class='ocr_line' id='line_1_8' title="bbox 27 733 1416 813; baseline -0.022 -10"><span class='ocrx_word' id='word_1_53' title='bbox 27 757 222 803; x_wconf 85' lang='lat' dir='ltr'>facinora</span> <span class='ocrx_word' id='word_1_54' title='bbox 236 752 375 813; x_wconf 91' lang='lat' dir='ltr'>prisca</span> <span class='ocrx_word' id='word_1_55' title='bbox 387 747 582 793; x_wconf 88' lang='lat' dir='ltr'>delemus</span> <span class='ocrx_word' id='word_1_56' title='bbox 597 764 609 802; x_wconf 78' lang='lat'><em>3</em></span> <span class='ocrx_word' id='word_1_57' title='bbox 625 741 704 786; x_wconf 90' lang='lat' dir='ltr'>ubi</span> <span class='ocrx_word' id='word_1_58' title='bbox 719 749 763 785; x_wconf 92' lang='lat' dir='ltr'>et</span> <span class='ocrx_word' id='word_1_59' title='bbox 776 747 967 784; x_wconf 88' lang='lat' dir='ltr'>veterem</span> <span class='ocrx_word' id='word_1_60' title='bbox 981 734 1204 779; x_wconf 88' lang='lat' dir='ltr'>hominem</span> <span class='ocrx_word' id='word_1_61' title='bbox 1226 747 1328 777; x_wconf 91' lang='lat' dir='ltr'>cum</span> <span class='ocrx_word' id='word_1_62' title='bbox 1343 733 1416 776; x_wconf 90' lang='lat' dir='ltr'>in-</span> 
     </span>
     <span class='ocr_line' id='line_1_9' title="bbox 30 809 1419 888; baseline -0.02 -15"><span class='ocrx_word' id='word_1_63' title='bbox 30 826 184 888; x_wconf 87' lang='lat' dir='ltr'>genitis</span> <span class='ocrx_word' id='word_1_64' title='bbox 214 821 450 870; x_wconf 86' lang='lat' dir='ltr'>sceleribus</span> <span class='ocrx_word' id='word_1_65' title='bbox 467 816 680 862; x_wconf 82' lang='lat' dir='ltr'>exuimus.</span> <span class='ocrx_word' id='word_1_66' title='bbox 703 830 724 853; x_wconf 88' lang='lat'>»</span> <span class='ocrx_word' id='word_1_67' title='bbox 747 809 965 856; x_wconf 86' lang='lat' dir='ltr'>Audis-ne</span> <span class='ocrx_word' id='word_1_68' title='bbox 991 821 1080 851; x_wconf 92' lang='lat' dir='ltr'>non</span> <span class='ocrx_word' id='word_1_69' title='bbox 1101 813 1250 864; x_wconf 88' lang='lat' dir='ltr'>postea</span> <span class='ocrx_word' id='word_1_70' title='bbox 1269 817 1419 863; x_wconf 85' lang='lat' dir='ltr'>perpe-</span> 
     </span>
     <span class='ocr_line' id='line_1_10' title="bbox 29 875 1420 953; baseline -0.022 -9"><span class='ocrx_word' id='word_1_71' title='bbox 29 907 165 953; x_wconf 86' lang='lat' dir='ltr'>trata,</span> <span class='ocrx_word' id='word_1_72' title='bbox 200 895 275 940; x_wconf 91' lang='lat' dir='ltr'>sed</span> <span class='ocrx_word' id='word_1_73' title='bbox 299 894 427 937; x_wconf 87' lang='lat' dir='ltr'>etiam</span> <span class='ocrx_word' id='word_1_74' title='bbox 455 887 649 948; x_wconf 85' lang='lat' dir='ltr'>ingenita</span> <span class='ocrx_word' id='word_1_75' title='bbox 676 882 836 928; x_wconf 89' lang='lat' dir='ltr'>scelera</span> <span class='ocrx_word' id='word_1_76' title='bbox 856 878 1013 925; x_wconf 84' lang='lat' dir='ltr'>veteris</span> <span class='ocrx_word' id='word_1_77' title='bbox 1040 875 1259 920; x_wconf 74' lang='lat' dir='ltr'>hominis?</span> <span class='ocrx_word' id='word_1_78' title='bbox 1289 876 1420 918; x_wconf 90' lang='lat' dir='ltr'>Num-</span> 
     </span>
     <span class='ocr_line' id='line_1_11' title="bbox 30 945 1425 1031; baseline -0.022 -15"><span class='ocrx_word' id='word_1_79' title='bbox 30 969 140 1031; x_wconf 90' lang='lat' dir='ltr'>quid</span> <span class='ocrx_word' id='word_1_80' title='bbox 169 965 438 1013; x_wconf 82' lang='lat' dir='ltr'>Manichaeus</span> <span class='ocrx_word' id='word_1_81' title='bbox 465 960 551 1006; x_wconf 86' lang='lat' dir='ltr'>fuit</span> <span class='ocrx_word' id='word_1_82' title='bbox 581 959 660 1002; x_wconf 90' lang='lat' dir='ltr'>iste</span> <span class='ocrx_word' id='word_1_83' title='bbox 689 952 908 999; x_wconf 81' lang='lat' dir='ltr'>Reticius?</span> <span class='ocrx_word' id='word_1_84' title='bbox 936 945 1167 1002; x_wconf 89' lang='lat' dir='ltr'>Quomodo</span> <span class='ocrx_word' id='word_1_85' title='bbox 1198 959 1300 1003; x_wconf 86' lang='lat' dir='ltr'>ergo</span> <span class='ocrx_word' id='word_1_86' title='bbox 1333 958 1425 988; x_wconf 91' lang='lat' dir='ltr'>non</span> 
     </span>
     <span class='ocr_line' id='line_1_12' title="bbox 31 1020 1425 1092; baseline -0.021 -6"><span class='ocrx_word' id='word_1_87' title='bbox 31 1040 179 1086; x_wconf 89' lang='lat' dir='ltr'>dolose</span> <span class='ocrx_word' id='word_1_88' title='bbox 212 1034 413 1081; x_wconf 90' lang='lat' dir='ltr'>innovari</span> <span class='ocrx_word' id='word_1_89' title='bbox 445 1029 650 1092; x_wconf 85' lang='lat' dir='ltr'>parvulos</span> <span class='ocrx_word' id='word_1_90' title='bbox 682 1025 823 1071; x_wconf 89' lang='lat' dir='ltr'>dicitis</span> <span class='ocrx_word' id='word_1_91' title='bbox 856 1023 902 1067; x_wconf 92' lang='lat' dir='ltr'>in</span> <span class='ocrx_word' id='word_1_92' title='bbox 935 1020 1167 1066; x_wconf 84' lang='lat' dir='ltr'>christiana</span> <span class='ocrx_word' id='word_1_93' title='bbox 1196 1029 1425 1075; x_wconf 89' lang='lat' dir='ltr'>regenera-</span> 
     </span>
     <span class='ocr_line' id='line_1_13' title="bbox 32 1087 1426 1168; baseline -0.019 -12"><span class='ocrx_word' id='word_1_94' title='bbox 32 1114 152 1157; x_wconf 82' lang='lat' dir='ltr'>tione</span> <span class='ocrx_word' id='word_1_95' title='bbox 169 1144 181 1164; x_wconf 86' lang='lat'>,</span> <span class='ocrx_word' id='word_1_96' title='bbox 206 1107 281 1168; x_wconf 88' lang='lat' dir='ltr'>qui</span> <span class='ocrx_word' id='word_1_97' title='bbox 302 1104 416 1150; x_wconf 87' lang='lat' dir='ltr'>mala</span> <span class='ocrx_word' id='word_1_98' title='bbox 437 1117 538 1163; x_wconf 82' lang='lat' dir='ltr'>quae</span> <span class='ocrx_word' id='word_1_99' title='bbox 561 1095 829 1158; x_wconf 82' lang='lat' dir='ltr'>ingeneravit</span> <span class='ocrx_word' id='word_1_100' title='bbox 851 1091 1019 1152; x_wconf 85' lang='lat' dir='ltr'>antiqui</span> <span class='ocrx_word' id='word_1_101' title='bbox 1040 1088 1228 1135; x_wconf 90' lang='lat' dir='ltr'>criminis</span> <span class='ocrx_word' id='word_1_102' title='bbox 1252 1087 1426 1147; x_wconf 88' lang='lat' dir='ltr'>pondus</span> 
     </span>
     <span class='ocr_line' id='line_1_14' title="bbox 33 1160 1428 1226; baseline -0.019 0"><span class='ocrx_word' id='word_1_103' title='bbox 33 1182 79 1226; x_wconf 92' lang='lat' dir='ltr'>in</span> <span class='ocrx_word' id='word_1_104' title='bbox 96 1189 241 1226; x_wconf 87' lang='lat' dir='ltr'>vetere</span> <span class='ocrx_word' id='word_1_105' title='bbox 253 1176 430 1222; x_wconf 90' lang='lat' dir='ltr'>homine</span> <span class='ocrx_word' id='word_1_106' title='bbox 446 1188 535 1218; x_wconf 92' lang='lat' dir='ltr'>non</span> <span class='ocrx_word' id='word_1_107' title='bbox 549 1170 680 1216; x_wconf 89' lang='lat' dir='ltr'>vultis</span> <span class='ocrx_word' id='word_1_108' title='bbox 696 1165 954 1226; x_wconf 77' lang='lat' dir='ltr'>agnoscere?</span> <span class='ocrx_word' id='word_1_109' title='bbox 970 1160 1134 1207; x_wconf 88' lang='lat' dir='ltr'>Deinde</span> <span class='ocrx_word' id='word_1_110' title='bbox 1150 1160 1183 1204; x_wconf 91' lang='lat' dir='ltr'>si</span> <span class='ocrx_word' id='word_1_111' title='bbox 1199 1165 1428 1217; x_wconf 83' lang='lat' dir='ltr'>aggravata</span> 
     </span>
     <span class='ocr_line' id='line_1_15' title="bbox 34 1232 1430 1307; baseline -0.018 -10"><span class='ocrx_word' id='word_1_112' title='bbox 34 1261 137 1297; x_wconf 81' lang='lat' dir='ltr'>aetas</span> <span class='ocrx_word' id='word_1_113' title='bbox 155 1250 231 1294; x_wconf 89' lang='lat' dir='ltr'>illa</span> <span class='ocrx_word' id='word_1_114' title='bbox 247 1247 523 1307; x_wconf 86' lang='lat' dir='ltr'>iniquitatem</span> <span class='ocrx_word' id='word_1_115' title='bbox 538 1240 694 1303; x_wconf 78' lang='lat' dir='ltr'>judicis</span> <span class='ocrx_word' id='word_1_116' title='bbox 712 1236 948 1290; x_wconf 86' lang='lat' dir='ltr'>convincit,</span> <span class='ocrx_word' id='word_1_117' title='bbox 969 1243 1020 1278; x_wconf 93' lang='lat' dir='ltr'>ut</span> <span class='ocrx_word' id='word_1_118' title='bbox 1037 1233 1162 1287; x_wconf 83' lang='lat' dir='ltr'>dicis,</span> <span class='ocrx_word' id='word_1_119' title='bbox 1181 1232 1319 1276; x_wconf 89' lang='lat' dir='ltr'>ita-ne</span> <span class='ocrx_word' id='word_1_120' title='bbox 1338 1244 1430 1274; x_wconf 91' lang='lat' dir='ltr'>non</span> 
     </span>
     <span class='ocr_line' id='line_1_16' title="bbox 36 1304 1431 1380; baseline -0.018 -12"><span class='ocrx_word' id='word_1_121' title='bbox 36 1331 100 1368; x_wconf 90' lang='lat' dir='ltr'>est</span> <span class='ocrx_word' id='word_1_122' title='bbox 118 1327 348 1380; x_wconf 86' lang='lat' dir='ltr'>aggravata</span> <span class='ocrx_word' id='word_1_123' title='bbox 370 1315 491 1374; x_wconf 85' lang='lat' dir='ltr'>gravi</span> <span class='ocrx_word' id='word_1_124' title='bbox 509 1314 615 1373; x_wconf 87' lang='lat' dir='ltr'>jugo</span> <span class='ocrx_word' id='word_1_125' title='bbox 631 1325 760 1369; x_wconf 88' lang='lat' dir='ltr'>super</span> <span class='ocrx_word' id='word_1_126' title='bbox 782 1307 893 1352; x_wconf 88' lang='lat' dir='ltr'>filios</span> <span class='ocrx_word' id='word_1_127' title='bbox 913 1304 1078 1350; x_wconf 80' lang='lat' dir='ltr'>Adam?</span> <span class='ocrx_word' id='word_1_128' title='bbox 1098 1306 1155 1347; x_wconf 90' lang='lat' dir='ltr'>Et</span> <span class='ocrx_word' id='word_1_129' title='bbox 1177 1310 1323 1345; x_wconf 87' lang='lat' dir='ltr'>tamen</span> <span class='ocrx_word' id='word_1_130' title='bbox 1339 1315 1431 1344; x_wconf 91' lang='lat' dir='ltr'>non</span> 
     </span>
     <span class='ocr_line' id='line_1_17' title="bbox 38 1371 1432 1447; baseline -0.019 -8"><span class='ocrx_word' id='word_1_131' title='bbox 38 1402 102 1439; x_wconf 88' lang='lat' dir='ltr'>est</span> <span class='ocrx_word' id='word_1_132' title='bbox 113 1392 217 1437; x_wconf 91' lang='lat' dir='ltr'>hinc</span> <span class='ocrx_word' id='word_1_133' title='bbox 231 1389 409 1447; x_wconf 89' lang='lat' dir='ltr'>iniquus</span> <span class='ocrx_word' id='word_1_134' title='bbox 426 1389 538 1429; x_wconf 89' lang='lat' dir='ltr'>Deus</span> <span class='ocrx_word' id='word_1_135' title='bbox 551 1404 563 1441; x_wconf 76' lang='lat'>3</span> <span class='ocrx_word' id='word_1_136' title='bbox 580 1398 628 1426; x_wconf 91' lang='lat' dir='ltr'>ac</span> <span class='ocrx_word' id='word_1_137' title='bbox 641 1397 718 1442; x_wconf 89' lang='lat' dir='ltr'>per</span> <span class='ocrx_word' id='word_1_138' title='bbox 730 1381 814 1424; x_wconf 90' lang='lat' dir='ltr'>hoc</span> <span class='ocrx_word' id='word_1_139' title='bbox 827 1377 982 1422; x_wconf 86' lang='lat' dir='ltr'>merito</span> <span class='ocrx_word' id='word_1_140' title='bbox 996 1384 1059 1419; x_wconf 87' lang='lat' dir='ltr'>est</span> <span class='ocrx_word' id='word_1_141' title='bbox 1067 1381 1311 1433; x_wconf 84' lang='lat' dir='ltr'>aggravata.</span> <span class='ocrx_word' id='word_1_142' title='bbox 1326 1371 1432 1416; x_wconf 88' lang='lat' dir='ltr'>Nul-</span> 
     </span>
     <span class='ocr_line' id='line_1_18' title="bbox 37 1444 1433 1516; baseline -0.019 -6"><span class='ocrx_word' id='word_1_143' title='bbox 37 1465 133 1510; x_wconf 89' lang='lat' dir='ltr'>lum</span> <span class='ocrx_word' id='word_1_144' title='bbox 156 1471 219 1507; x_wconf 91' lang='lat' dir='ltr'>est</span> <span class='ocrx_word' id='word_1_145' title='bbox 251 1468 399 1505; x_wconf 87' lang='lat' dir='ltr'>autem</span> <span class='ocrx_word' id='word_1_146' title='bbox 428 1457 558 1516; x_wconf 84' lang='lat' dir='ltr'>hujus</span> <span class='ocrx_word' id='word_1_147' title='bbox 582 1452 721 1498; x_wconf 83' lang='lat' dir='ltr'>aetatis</span> <span class='ocrx_word' id='word_1_148' title='bbox 743 1449 948 1494; x_wconf 83' lang='lat' dir='ltr'>meritum</span> <span class='ocrx_word' id='word_1_149' title='bbox 975 1444 1161 1499; x_wconf 86' lang='lat' dir='ltr'>malum,</span> <span class='ocrx_word' id='word_1_150' title='bbox 1193 1444 1228 1487; x_wconf 92' lang='lat' dir='ltr'>si</span> <span class='ocrx_word' id='word_1_151' title='bbox 1255 1457 1346 1487; x_wconf 91' lang='lat' dir='ltr'>non</span> <span class='ocrx_word' id='word_1_152' title='bbox 1368 1450 1433 1486; x_wconf 86' lang='lat' dir='ltr'>est</span> 
     </span>
     <span class='ocr_line' id='line_1_19' title="bbox 39 1532 521 1594; baseline -0.021 -13"><span class='ocrx_word' id='word_1_153' title='bbox 39 1532 252 1594; x_wconf 84' lang='lat' dir='ltr'>originale</span> <span class='ocrx_word' id='word_1_154' title='bbox 276 1537 521 1591; x_wconf 86' lang='lat' dir='ltr'>peccatum.</span> 
     </span>
    </p>

    <p class='ocr_par' dir='ltr' id='par_1_3' title="bbox 39 1586 1434 1803">
     <span class='ocr_line' id='line_1_20' title="bbox 98 1586 1433 1653; baseline -0.017 -4"><span class='ocrx_word' id='word_1_155' title='bbox 98 1606 212 1649; x_wconf 89' lang='lat' dir='ltr'>LVI.</span> <span class='ocrx_word' id='word_1_156' title='bbox 229 1605 254 1647; x_wconf 85' lang='lat' dir='ltr'><strong>J</strong></span> <span class='ocrx_word' id='word_1_157' title='bbox 260 1616 458 1646; x_wconf 46' lang='lat' dir='ltr'>Utmm‘s.</span> <span class='ocrx_word' id='word_1_158' title='bbox 484 1598 615 1643; x_wconf 91' lang='lat' dir='ltr'>«Non</span> <span class='ocrx_word' id='word_1_159' title='bbox 629 1608 732 1653; x_wconf 86' lang='lat' dir='ltr'>ergo</span> <span class='ocrx_word' id='word_1_160' title='bbox 743 1590 910 1636; x_wconf 81' lang='lat' dir='ltr'>unitate</span> <span class='ocrx_word' id='word_1_161' title='bbox 922 1586 1179 1632; x_wconf 85' lang='lat' dir='ltr'>sacramenti</span> <span class='ocrx_word' id='word_1_162' title='bbox 1196 1598 1267 1628; x_wconf 88' lang='lat' dir='ltr'>rea</span> <span class='ocrx_word' id='word_1_163' title='bbox 1282 1597 1433 1628; x_wconf 87' lang='lat' dir='ltr'>mons-</span> 
     </span>
     <span class='ocr_line' id='line_1_21' title="bbox 39 1655 1434 1726; baseline -0.016 -5"><span class='ocrx_word' id='word_1_164' title='bbox 39 1684 178 1721; x_wconf 88' lang='lat' dir='ltr'>tratur</span> <span class='ocrx_word' id='word_1_165' title='bbox 203 1672 402 1726; x_wconf 86' lang='lat' dir='ltr'>infantia,</span> <span class='ocrx_word' id='word_1_166' title='bbox 427 1668 504 1714; x_wconf 89' lang='lat' dir='ltr'>sed</span> <span class='ocrx_word' id='word_1_167' title='bbox 517 1667 698 1713; x_wconf 89' lang='lat' dir='ltr'>veritate</span> <span class='ocrx_word' id='word_1_168' title='bbox 707 1661 861 1723; x_wconf 86' lang='lat' dir='ltr'>judieii</span> <span class='ocrx_word' id='word_1_169' title='bbox 879 1658 989 1704; x_wconf 87' lang='lat' dir='ltr'>nihil</span> <span class='ocrx_word' id='word_1_170' title='bbox 1013 1656 1133 1701; x_wconf 85' lang='lat' dir='ltr'>aliud</span> <span class='ocrx_word' id='word_1_171' title='bbox 1154 1670 1287 1716; x_wconf 86' lang='lat' dir='ltr'>quam</span> <span class='ocrx_word' id='word_1_172' title='bbox 1304 1655 1434 1700; x_wconf 91' lang='lat' dir='ltr'>inno-</span> 
     </span>
     <span class='ocr_line' id='line_1_22' title="bbox 43 1743 500 1803; baseline -0.024 -11"><span class='ocrx_word' id='word_1_173' title='bbox 43 1760 145 1791; x_wconf 91' lang='lat' dir='ltr'>cens</span> <span class='ocrx_word' id='word_1_174' title='bbox 166 1743 450 1803; x_wconf 86' lang='lat' dir='ltr'>approbatur.</span> <span class='ocrx_word' id='word_1_175' title='bbox 482 1758 500 1780; x_wconf 86' lang='lat'>»</span> 
     </span>
    </p>

    <p class='ocr_par' dir='ltr' id='par_1_4' title="bbox 42 1794 1440 2508">
     <span class='ocr_line' id='line_1_23' title="bbox 101 1794 1435 1861; baseline -0.016 0"><span class='ocrx_word' id='word_1_176' title='bbox 101 1819 394 1860; x_wconf 71' lang='lat' dir='ltr'>Accuscrmus.</span> <span class='ocrx_word' id='word_1_177' title='bbox 445 1806 664 1854; x_wconf 87' lang='lat' dir='ltr'>Invenisse</span> <span class='ocrx_word' id='word_1_178' title='bbox 701 1813 745 1848; x_wconf 92' lang='lat' dir='ltr'>te</span> <span class='ocrx_word' id='word_1_179' title='bbox 782 1809 912 1861; x_wconf 88' lang='lat' dir='ltr'>putas</span> <span class='ocrx_word' id='word_1_180' title='bbox 962 1811 1098 1858; x_wconf 85' lang='lat' dir='ltr'>quare</span> <span class='ocrx_word' id='word_1_181' title='bbox 1142 1794 1388 1854; x_wconf 79' lang='lat' dir='ltr'>baptizetur</span> <span class='ocrx_word' id='word_1_182' title='bbox 1423 1813 1435 1839; x_wconf 71' lang='grc' dir='ltr'>ε</span> 
     </span>
     <span class='ocr_line' id='line_1_24' title="bbox 42 1865 1436 1945; baseline -0.019 -14"><span class='ocrx_word' id='word_1_183' title='bbox 42 1886 112 1931; x_wconf 91' lang='lat' dir='ltr'>dic</span> <span class='ocrx_word' id='word_1_184' title='bbox 133 1898 268 1945; x_wconf 83' lang='lat' dir='ltr'>quare</span> <span class='ocrx_word' id='word_1_185' title='bbox 290 1881 556 1926; x_wconf 86' lang='lat' dir='ltr'>exsuffletur.</span> <span class='ocrx_word' id='word_1_186' title='bbox 582 1877 710 1922; x_wconf 89' lang='lat' dir='ltr'>Certe</span> <span class='ocrx_word' id='word_1_187' title='bbox 732 1870 895 1929; x_wconf 87' lang='lat' dir='ltr'>Pelagii</span> <span class='ocrx_word' id='word_1_188' title='bbox 913 1867 1099 1914; x_wconf 89' lang='lat' dir='ltr'>auctoris</span> <span class='ocrx_word' id='word_1_189' title='bbox 1125 1865 1255 1910; x_wconf 87' lang='lat' dir='ltr'>vestri</span> <span class='ocrx_word' id='word_1_190' title='bbox 1277 1878 1436 1923; x_wconf 83' lang='lat' dir='ltr'>magna</span> 
     </span>
     <span class='ocr_line' id='line_1_25' title="bbox 45 1934 1439 2011; baseline -0.018 -9"><span class='ocrx_word' id='word_1_191' title='bbox 45 1966 88 2002; x_wconf 88' lang='lat' dir='ltr'>et</span> <span class='ocrx_word' id='word_1_192' title='bbox 109 1955 271 2001; x_wconf 86' lang='lat' dir='ltr'>invicta</span> <span class='ocrx_word' id='word_1_193' title='bbox 292 1961 357 1997; x_wconf 88' lang='lat' dir='ltr'>est</span> <span class='ocrx_word' id='word_1_194' title='bbox 377 1958 531 2011; x_wconf 88' lang='lat' dir='ltr'>putata</span> <span class='ocrx_word' id='word_1_195' title='bbox 560 1944 773 1991; x_wconf 87' lang='lat' dir='ltr'>sententia</span> <span class='ocrx_word' id='word_1_196' title='bbox 792 1977 803 1997; x_wconf 86' lang='lat'>,</span> <span class='ocrx_word' id='word_1_197' title='bbox 830 1941 908 1985; x_wconf 89' lang='lat' dir='ltr'>ubi</span> <span class='ocrx_word' id='word_1_198' title='bbox 933 1939 990 1983; x_wconf 88' lang='lat' dir='ltr'>ait</span> <span class='ocrx_word' id='word_1_199' title='bbox 1013 1957 1022 1983; x_wconf 88' lang='lat'>:</span> <span class='ocrx_word' id='word_1_200' title='bbox 1052 1956 1069 1977; x_wconf 86' lang='lat'>«</span> <span class='ocrx_word' id='word_1_201' title='bbox 1095 1937 1137 1981; x_wconf 90' lang='lat' dir='ltr'>Si</span> <span class='ocrx_word' id='word_1_202' title='bbox 1157 1934 1265 1980; x_wconf 81' lang='lat' dir='ltr'>Adae</span> <span class='ocrx_word' id='word_1_203' title='bbox 1282 1948 1439 1994; x_wconf 84' lang='lat' dir='ltr'>pecca·</span> 
     </span>
     <span class='ocr_line' id='line_1_26' title="bbox 45 2005 1440 2082; baseline -0.017 -8"><span class='ocrx_word' id='word_1_204' title='bbox 45 2038 142 2074; x_wconf 88' lang='lat' dir='ltr'>tum</span> <span class='ocrx_word' id='word_1_205' title='bbox 156 2027 286 2071; x_wconf 87' lang='lat' dir='ltr'>etiam</span> <span class='ocrx_word' id='word_1_206' title='bbox 304 2039 395 2069; x_wconf 88' lang='lat' dir='ltr'>non</span> <span class='ocrx_word' id='word_1_207' title='bbox 412 2018 697 2082; x_wconf 88' lang='lat' dir='ltr'>peccantibus</span> <span class='ocrx_word' id='word_1_208' title='bbox 719 2013 871 2059; x_wconf 90' lang='lat' dir='ltr'>nocuit</span> <span class='ocrx_word' id='word_1_209' title='bbox 888 2047 899 2067; x_wconf 83' lang='lat'>‚</span> <span class='ocrx_word' id='word_1_210' title='bbox 920 2024 1021 2068; x_wconf 88' lang='lat' dir='ltr'>ergo</span> <span class='ocrx_word' id='word_1_211' title='bbox 1036 2017 1078 2052; x_wconf 83' lang='lat' dir='ltr'>et</span> <span class='ocrx_word' id='word_1_212' title='bbox 1095 2007 1254 2052; x_wconf 88' lang='lat' dir='ltr'>Christi</span> <span class='ocrx_word' id='word_1_213' title='bbox 1272 2005 1440 2065; x_wconf 86' lang='lat' dir='ltr'>justitia</span> 
     </span>
     <span class='ocr_line' id='line_1_27' title="bbox 45 2076 1439 2149; baseline -0.019 -4"><span class='ocrx_word' id='word_1_214' title='bbox 45 2100 177 2145; x_wconf 85' lang='lat' dir='ltr'>etiam</span> <span class='ocrx_word' id='word_1_215' title='bbox 196 2113 287 2143; x_wconf 92' lang='lat' dir='ltr'>non</span> <span class='ocrx_word' id='word_1_216' title='bbox 311 2092 590 2141; x_wconf 86' lang='lat' dir='ltr'>credentibus</span> <span class='ocrx_word' id='word_1_217' title='bbox 610 2087 788 2149; x_wconf 89' lang='lat' dir='ltr'>prodest</span> <span class='ocrx_word' id='word_1_218' title='bbox 802 2089 835 2129; x_wconf 68' lang='lat'>².</span> <span class='ocrx_word' id='word_1_219' title='bbox 865 2102 886 2125; x_wconf 86' lang='lat'>»</span> <span class='ocrx_word' id='word_1_220' title='bbox 912 2081 1030 2136; x_wconf 86' lang='lat' dir='ltr'>Quid</span> <span class='ocrx_word' id='word_1_221' title='bbox 1049 2095 1152 2139; x_wconf 88' lang='lat' dir='ltr'>ergo</span> <span class='ocrx_word' id='word_1_222' title='bbox 1176 2079 1230 2123; x_wconf 92' lang='lat' dir='ltr'>de</span> <span class='ocrx_word' id='word_1_223' title='bbox 1248 2076 1439 2138; x_wconf 88' lang='lat' dir='ltr'>parvulis</span> 
     </span>
     <span class='ocr_line' id='line_1_28' title="bbox 46 2148 1438 2227; baseline -0.019 -11"><span class='ocrx_word' id='word_1_224' title='bbox 46 2169 171 2216; x_wconf 87' lang='lat' dir='ltr'>dictis</span> <span class='ocrx_word' id='word_1_225' title='bbox 188 2202 199 2223; x_wconf 94' lang='lat'>‚</span> <span class='ocrx_word' id='word_1_226' title='bbox 223 2165 403 2227; x_wconf 88' lang='lat' dir='ltr'>quando</span> <span class='ocrx_word' id='word_1_227' title='bbox 421 2163 700 2221; x_wconf 87' lang='lat' dir='ltr'>baptizantur</span> <span class='ocrx_word' id='word_1_228' title='bbox 712 2192 723 2213; x_wconf 86' lang='lat'>‚</span> <span class='ocrx_word' id='word_1_229' title='bbox 744 2155 931 2202; x_wconf 85' lang='lat' dir='ltr'>credunt</span> <span class='ocrx_word' id='word_1_230' title='bbox 943 2187 954 2208; x_wconf 87' lang='lat'>‚</span> <span class='ocrx_word' id='word_1_231' title='bbox 982 2151 1037 2197; x_wconf 89' lang='lat' dir='ltr'>ad</span> <span class='ocrx_word' id='word_1_232' title='bbox 1055 2166 1145 2195; x_wconf 91' lang='lat' dir='ltr'>non</span> <span class='ocrx_word' id='word_1_233' title='bbox 1162 2150 1376 2194; x_wconf 78' lang='lat' dir='ltr'>credunt?</span> <span class='ocrx_word' id='word_1_234' title='bbox 1395 2148 1438 2192; x_wconf 90' lang='lat' dir='ltr'>Si</span> 
     </span>
     <span class='ocr_line' id='line_1_29' title="bbox 48 2218 1436 2295; baseline -0.019 -8"><span class='ocrx_word' id='word_1_235' title='bbox 48 2240 239 2287; x_wconf 85' lang='lat' dir='ltr'>dixeritis</span> <span class='ocrx_word' id='word_1_236' title='bbox 254 2274 265 2295; x_wconf 85' lang='lat'>‚</span> <span class='ocrx_word' id='word_1_237' title='bbox 286 2240 383 2284; x_wconf 90' lang='lat' dir='ltr'>Non</span> <span class='ocrx_word' id='word_1_238' title='bbox 407 2234 593 2281; x_wconf 89' lang='lat' dir='ltr'>credunt</span> <span class='ocrx_word' id='word_1_239' title='bbox 616 2250 626 2276; x_wconf 74' lang='grc' dir='ltr'>ε</span> <span class='ocrx_word' id='word_1_240' title='bbox 656 2227 879 2290; x_wconf 89' lang='lat' dir='ltr'>quomodo</span> <span class='ocrx_word' id='word_1_241' title='bbox 895 2240 986 2270; x_wconf 91' lang='lat' dir='ltr'>non</span> <span class='ocrx_word' id='word_1_242' title='bbox 1006 2224 1066 2268; x_wconf 85' lang='lat' dir='ltr'>eis</span> <span class='ocrx_word' id='word_1_243' title='bbox 1090 2221 1250 2268; x_wconf 89' lang='lat' dir='ltr'>Christi</span> <span class='ocrx_word' id='word_1_244' title='bbox 1267 2218 1436 2280; x_wconf 87' lang='lat' dir='ltr'>justitia</span> 
     </span>
     <span class='ocr_line' id='line_1_30' title="bbox 49 2291 1436 2362; baseline -0.019 -3"><span class='ocrx_word' id='word_1_245' title='bbox 49 2313 180 2358; x_wconf 88' lang='lat' dir='ltr'>etiam</span> <span class='ocrx_word' id='word_1_246' title='bbox 197 2325 287 2356; x_wconf 92' lang='lat' dir='ltr'>non</span> <span class='ocrx_word' id='word_1_247' title='bbox 310 2305 591 2354; x_wconf 86' lang='lat' dir='ltr'>credentibus</span> <span class='ocrx_word' id='word_1_248' title='bbox 612 2300 809 2362; x_wconf 87' lang='lat' dir='ltr'>prodest,</span> <span class='ocrx_word' id='word_1_249' title='bbox 831 2306 882 2342; x_wconf 90' lang='lat' dir='ltr'>ut</span> <span class='ocrx_word' id='word_1_250' title='bbox 897 2309 1083 2355; x_wconf 87' lang='lat' dir='ltr'>regnum</span> <span class='ocrx_word' id='word_1_251' title='bbox 1102 2291 1317 2338; x_wconf 87' lang='lat' dir='ltr'>coelorum</span> <span class='ocrx_word' id='word_1_252' title='bbox 1333 2304 1436 2350; x_wconf 89' lang='lat' dir='ltr'>pos-</span> 
     </span>
     <span class='ocr_line' id='line_1_31' title="bbox 50 2361 1438 2437; baseline -0.019 -8"><span class='ocrx_word' id='word_1_253' title='bbox 50 2383 249 2429; x_wconf 82' lang='lat' dir='ltr'>sideant?</span> <span class='ocrx_word' id='word_1_254' title='bbox 267 2383 355 2426; x_wconf 83' lang='lat' dir='ltr'>Aut</span> <span class='ocrx_word' id='word_1_255' title='bbox 371 2379 406 2424; x_wconf 89' lang='lat' dir='ltr'>si</span> <span class='ocrx_word' id='word_1_256' title='bbox 428 2375 626 2437; x_wconf 88' lang='lat' dir='ltr'>prodest,</span> <span class='ocrx_word' id='word_1_257' title='bbox 651 2382 702 2417; x_wconf 91' lang='lat' dir='ltr'>ut</span> <span class='ocrx_word' id='word_1_258' title='bbox 723 2369 929 2430; x_wconf 91' lang='lat' dir='ltr'>cogimini</span> <span class='ocrx_word' id='word_1_259' title='bbox 957 2365 1154 2412; x_wconf 90' lang='lat' dir='ltr'>confiteri</span> <span class='ocrx_word' id='word_1_260' title='bbox 1181 2382 1188 2409; x_wconf 90' lang='lat'>:</span> <span class='ocrx_word' id='word_1_261' title='bbox 1214 2363 1273 2407; x_wconf 89' lang='lat' dir='ltr'>sic</span> <span class='ocrx_word' id='word_1_262' title='bbox 1303 2361 1438 2420; x_wconf 88' lang='lat' dir='ltr'>igitur</span> 
     </span>
     <span class='ocr_line' id='line_1_32' title="bbox 51 2431 1438 2508; baseline -0.02 -8"><span class='ocrx_word' id='word_1_263' title='bbox 51 2454 111 2499; x_wconf 91' lang='lat' dir='ltr'>eis</span> <span class='ocrx_word' id='word_1_264' title='bbox 146 2452 298 2498; x_wconf 90' lang='lat' dir='ltr'>nocuit</span> <span class='ocrx_word' id='word_1_265' title='bbox 324 2449 431 2495; x_wconf 84' lang='lat' dir='ltr'>Adae</span> <span class='ocrx_word' id='word_1_266' title='bbox 453 2454 684 2508; x_wconf 86' lang='lat' dir='ltr'>peccatum</span> <span class='ocrx_word' id='word_1_267' title='bbox 711 2440 911 2487; x_wconf 89' lang='lat' dir='ltr'>nondum</span> <span class='ocrx_word' id='word_1_268' title='bbox 938 2435 1148 2498; x_wconf 89' lang='lat' dir='ltr'>peccandi</span> <span class='ocrx_word' id='word_1_269' title='bbox 1176 2431 1438 2477; x_wconf 86' lang='lat' dir='ltr'>habentibus</span> 
     </span>
    </p>
   </div>
   <div class='ocr_carea' id='block_1_3' title="bbox 55 2532 1467 2648">
    <p class='ocr_par' dir='ltr' id='par_1_5' title="bbox 55 2532 1467 2648">
     <span class='ocr_line' id='line_1_33' title="bbox 102 2532 1467 2595; baseline -0.018 -6"><span class='ocrx_word' id='word_1_270' title='bbox 102 2560 110 2577; x_wconf 87' lang='lat'>¹</span> <span class='ocrx_word' id='word_1_271' title='bbox 130 2553 285 2595; x_wconf 83' lang='lat' dir='ltr'>Reticius‚</span> <span class='ocrx_word' id='word_1_272' title='bbox 305 2553 447 2595; x_wconf 83' lang='lat' dir='ltr'>episcop.</span> <span class='ocrx_word' id='word_1_273' title='bbox 465 2547 637 2592; x_wconf 77' lang='lat' dir='ltr'>Augustod.</span> <span class='ocrx_word' id='word_1_274' title='bbox 653 2545 732 2579; x_wconf 76' lang='lat' dir='ltr'>&#39;Vide</span> <span class='ocrx_word' id='word_1_275' title='bbox 748 2543 804 2578; x_wconf 87' lang='lat' dir='ltr'>lib.</span> <span class='ocrx_word' id='word_1_276' title='bbox 824 2555 836 2577; x_wconf 93' lang='lat'>1</span> <span class='ocrx_word' id='word_1_277' title='bbox 853 2545 966 2575; x_wconf 81' lang='lat' dir='ltr'>contra</span> <span class='ocrx_word' id='word_1_278' title='bbox 983 2538 1098 2571; x_wconf 82' lang='lat' dir='ltr'>Julian.</span> <span class='ocrx_word' id='word_1_279' title='bbox 1124 2546 1197 2578; x_wconf 86' lang='lat' dir='ltr'>cap.</span> <span class='ocrx_word' id='word_1_280' title='bbox 1224 2535 1253 2568; x_wconf 83' lang='lat'>3.</span> <span class='ocrx_word' id='word_1_281' title='bbox 1271 2549 1312 2557; x_wconf 89' lang='lat'>-—</span> <span class='ocrx_word' id='word_1_282' title='bbox 1328 2540 1340 2556; x_wconf 87' lang='lat'><strong>2</strong></span> <span class='ocrx_word' id='word_1_283' title='bbox 1361 2532 1438 2565; x_wconf 78' lang='lat' dir='ltr'>Vide</span> <span class='ocrx_word' id='word_1_284' title='bbox 1460 2560 1467 2565; x_wconf 91' lang='lat'>.</span> 
     </span>
     <span class='ocr_line' id='line_1_34' title="bbox 55 2607 652 2648; baseline -0.012 -5"><span class='ocrx_word' id='word_1_285' title='bbox 55 2611 110 2646; x_wconf 85' lang='lat' dir='ltr'>lib.</span> <span class='ocrx_word' id='word_1_286' title='bbox 130 2622 161 2644; x_wconf 88' lang='grc' dir='ltr'>ιιι</span> <span class='ocrx_word' id='word_1_287' title='bbox 178 2612 218 2643; x_wconf 89' lang='lat' dir='ltr'>de</span> <span class='ocrx_word' id='word_1_288' title='bbox 235 2612 368 2644; x_wconf 85' lang='lat' dir='ltr'>Peccat.</span> <span class='ocrx_word' id='word_1_289' title='bbox 386 2607 510 2648; x_wconf 59' lang='lat' dir='ltr'>inerit„</span> <span class='ocrx_word' id='word_1_290' title='bbox 530 2614 600 2646; x_wconf 83' lang='lat' dir='ltr'>cap.</span> <span class='ocrx_word' id='word_1_291' title='bbox 620 2612 652 2638; x_wconf 85' lang='lat'>2.</span> 
     </span>
    </p>
   </div>
  </div>
 </body>
</html>
