1821 3264
289 265 433 294 omnus
462 264 643 293 mezur.
676 261 840 292 CONTRA
872 261 1041 292 suum.
1076 265 1159 294 nn.
1195 267 1226 292 1.
1365 254 1447 294 187

54 337 213 394 pectus
245 330 291 373 in
323 329 473 389 patriae
504 327 780 388 parricidam,
811 343 907 373 eam
936 328 1202 375 defendebat
1230 330 1450 377 civitatem

52 415 194 466 guam
215 414 289 444 rex
311 401 403 460 ejus
422 398 654 453 RomuluS‚
679 399 948 457 congregatis
971 399 1283 461 undecumque
1304 417 1450 461 pecca-

44 471 225 536 *oribus
245 505 257 526 ‚
281 470 480 515 condidit
502 489 511 515 :
537 478 587 514 tu
609 478 756 514 autem
778 478 844 514 tot
867 471 1067 528 parvulos
1084 505 1096 526 ,
1120 473 1197 532 qui
1218 473 1309 516 sine
1330 488 1451 518 sacro

41 541 314 604 baptismate
345 541 619 595 moriuntur,
654 548 697 584 et
728 539 888 584 clamas
916 550 1141 600 peccatum
1171 541 1343 587 nullum
1370 544 1450 589 ha-

48 614 173 670 bere,
187 621 232 657 et
251 613 307 656 ad
328 613 548 658 civitatem
569 611 715 670 Regis»,
730 611 787 656 ad
808 612 930 672 cujus
949 612 1182 671 imaginem
1203 613 1308 658 faeti
1329 623 1447 671 sunt,

45 691 146 732 mon
166 684 380 742 permittis
402 683 620 729 accedere.

49 774 71 804 ι,
113 757 282 800 XXIII.
311 758 540 800 Jummns.
575 754 815 813 «Apostoli
845 770 915 799 me
942 755 1240 800 testimonium
1268 765 1450 815 praeter-

49 825 220 873 misisse
241 826 452 884 confingis
465 860 476 881 ,
499 825 622 887 ¹quod
641 841 722 869 nec
744 825 823 869 tibi
846 825 1052 884 opitulari
1074 835 1216 885 potest
1232 862 1244 882 ,
1269 836 1314 871 et
1334 843 1358 872 a
1379 843 1449 872 me

51 896 392 957 praetermissum
418 912 508 940 non
528 904 618 954 est,
643 895 720 940 sed
742 910 793 940 eo
819 896 1030 940 insertum
1053 895 1222 951 ordine,
1247 913 1336 957 quo
1360 914 1384 942 a
1408 907 1450 943 te

47 966 199 1012 fuerat
221 966 483 1011 collocatum
505 986 514 1010 ε
534 975 672 1027 utque
693 966 738 1010 in
760 967 901 1026 primo
922 966 1110 1011 fideliter
1131 982 1449 1013 commemora-

48 1044 169 1092 tum,
193 1038 252 1082 ita
275 1038 403 1082 etiam
426 1039 471 1082 in
493 1047 650 1098 quarto
673 1038 814 1098 operis
837 1038 921 1082 mei
942 1037 1074 1091 libro,
1098 1037 1202 1083 licet
1222 1038 1381 1083 cursim
1406 1049 1450 1084 et

55 1107 268 1163 breviter,
299 1108 577 1167 explanatum
611 1117 676 1152 est
698 1111 729 1152 1.
769 1110 1242 1153 Commemorationem
1271 1124 1449 1169 quoque

0 1158 2 1223 i
55 1178 282 1223 catholicae
303 1169 510 1223 Ecclesiae
527 1214 538 1233 ‚
559 1194 693 1238 quam
718 1188 763 1223 tu
787 1179 843 1224 ad
865 1180 950 1224 hoc
970 1179 1135 1224 feceras
1155 1213 1165 1234 ‚
1191 1189 1241 1224 ut
1261 1181 1449 1226 catholi-

49 1263 149 1296 ¹cam
172 1249 303 1293 fidem
321 1249 570 1293 desererent
591 1265 615 1294 a
635 1259 678 1294 te
704 1250 874 1309 decepti
894 1285 905 1305 ,
930 1258 974 1294 et
994 1250 1206 1295 catholica
1229 1251 1450 1295 miserabi-

54 1318 116 1364 les
148 1320 439 1379 appellatione
469 1321 726 1377 gauderent,
755 1337 845 1365 non
874 1322 1140 1379 praetermisi.
1176 1324 1230 1366 Ει
1252 1323 1450 1381 quamvis

55 1390 175 1436 nulla
198 1401 559 1450 argumentorum
579 1392 643 1436 vis
665 1393 709 1435 in
734 1393 948 1452 ejusmodi
970 1393 1114 1437 verbis
1137 1403 1247 1437 esset
1267 1428 1277 1448 ,
1306 1403 1450 1438 tamen

55 1477 80 1505 a
99 1477 167 1505 me
188 1461 308 1507 haud
331 1461 453 1506 aliter
476 1461 696 1506 dictorum
717 1472 893 1506 tuorum
917 1471 1050 1521 caput
1072 1463 1341 1522 propositum
1365 1473 1446 1520 est,

20 1546 32 1550 ·
55 1547 186 1592 quam
220 1549 243 1576 a
274 1541 317 1576 te
346 1530 489 1576 fuerat
522 1533 789 1576 ordinatum.
821 1535 935 1591 Lege
962 1532 1100 1577 editos
1131 1534 1265 1577 libros
1302 1550 1447 1593 meos;

54 1603 431 1665 responsionisque
453 1605 602 1659 fidem,
625 1620 757 1664 quam
776 1613 825 1648 tu
845 1605 987 1664 arguis
1008 1604 1171 1649 fraudis
1189 1641 1199 1660 ‚
1221 1606 1446 1665 aspiciens,

30 1674 38 1681 ’
54 1688 124 1718 me
145 1675 317 1719 interim
336 1676 573 1734 pronuntia
590 1690 690 1719 vera
707 1674 851 1719 dicere
873 1694 882 1721 ε
905 1684 953 1719 tu
970 1691 1074 1720 vero
1091 1711 1102 1730 ‚
1125 1677 1158 1720 si
1176 1677 1449 1722 consuetudo

41 1753 128 1789 tua
163 1746 406 1804 permiserit
426 1780 437 1799 ‚
469 1746 690 1790 erubesce.
725 1747 808 1791 Sed
836 1747 927 1807 jam
960 1755 1130 1790 ostensa
1165 1747 1448 1805 inexcusabili

21 1813 262 1871 ‘'talsitate‚
295 1832 395 1876 quae
419 1832 587 1875 semper
615 1815 795 1876 quidem
822 1817 988 1876 turpis,
1025 1818 1074 1863 fit
1103 1827 1246 1862 tamen
1280 1819 1449 1877 turpior

55 1901 155 1930 cum
177 1886 325 1931 locum
348 1889 536 1931 censoris
557 1887 740 1942 invadit,
769 1896 810 1930 et
834 1887 1155 1932 deformitatem
1180 1904 1301 1932 suam
1323 1889 1447 1941 deco-

49 1958 93 2001 2-ri
115 1959 349 2017 exprobrat
376 1957 518 2003 alieno
540 1978 548 2003 :
572 1957 801 2017 responde,
833 1958 941 2018 quid
972 1960 1223 2003 Manichaeis
1251 1960 1447 2004 sensibus

57 2037 134 2073 aut
149 2044 309 2083 nomen
330 2028 537 2074 Ecclesiae
559 2040 634 2073 aut
656 2028 850 2088 Apostoli
874 2029 1004 2073 verba
1020 2030 1270 2074 conducant
1286 2065 1296 2085 ,
1322 2040 1372 2075 ut
1398 2046 1446 2074 ea

56 2113 157 2144 cum
185 2109 272 2143 tam
302 2115 459 2158 magna
484 2100 646 2143 invidia
671 2100 956 2158 praetermissa
987 2100 1187 2144 causeris.
1217 2119 1236 2142 »

113 2173 406 2215 Auousnms.
426 2173 519 2214 Jam
539 2172 735 2230 superius
753 2172 955 2231 respondi
971 2171 1073 2216 hinc
1093 2171 1324 2216 calumniae
1339 2181 1444 2227 tuae,

54 2257 143 2300 qua
165 2242 273 2285 mihi
295 2243 528 2286 verborum
554 2251 729 2286 tuorum
748 2243 894 2286 minus
916 2243 1084 2301 integre
1105 2243 1348 2302 positorum
1371 2243 1448 2286 ob·
1480 2248 1485 2252 ”

0 2343 7 2348 -
49 2312 144 2372 jicis
165 2311 412 2357 falsitatem.
441 2312 526 2358 Sed
542 2312 662 2373 quod
681 2311 786 2357 fecit
806 2312 878 2357 ille
901 2314 1146 2373 decerptor,
1170 2326 1218 2358 tu
1237 2314 1343 2358 mihi
1361 2324 1444 2357 tam

9 2406 19 2415 ·
53 2381 242 2428 libenter
264 2399 353 2428 non
386 2384 619 2439 tribueres,
649 2385 682 2428 si
706 2400 857 2429 eorum
882 2386 956 2445 qui
981 2386 1073 2430 haec
1100 2386 1282 2444 legunt,
1309 2385 1445 2429 nolles

55 2469 144 2500 esse
163 2454 384 2514 deceptor.

15 2516 18 2518 Ὺ
113 2526 274 2568 XXIV.
301 2527 527 2569 JthNus.
557 2543 577 2567 (ι
613 2528 706 2570 Hoc
736 2541 906 2585 semper
934 2525 1016 2570 fuit
1057 2527 1294 2570 maximum
1333 2526 1458 2569 inter-

106 2616 113 2633 ¹
138 2610 217 2642 Vide
233 2609 289 2642 lib.
306 2621 338 2643 vl
357 2614 470 2642 eontra
485 2609 604 2644 Julian.
622 2621 693 2653 cap.
713 2610 767 2651 24.
