1884 3285
409 245 490 282 312
839 256 870 279 s.
911 253 1138 280 AUGUs'rtm
1172 255 1352 281 El’lscol’t

409 319 558 361 videns
575 318 817 361 infidelium
837 318 1159 362 multitudinem
1182 338 1189 363 ε
1212 339 1230 360 (ι
1253 322 1326 362 Vae
1345 318 1421 378 qui
1437 319 1694 363 contradicit
1710 321 1789 364 fic-

412 407 431 430 »
448 389 529 432 tori
545 403 638 443 suo,
656 397 762 432 testa
779 389 834 433 cle
853 389 992 432 samiis
1010 398 1149 433 terrae.
1161 408 1180 430 »
1192 390 1241 433 ld
1254 400 1332 442 est,
1344 405 1408 434 vae
1422 390 1486 434 his
1499 390 1576 449 qui
1594 392 1683 434 Deo
1698 405 1791 449 pro·
1846 398 1849 452 ζ
1872 415 1873 418 =

408 460 610 502 mittente
625 493 636 512 ‚
657 457 809 503 foetam
829 460 921 503 fieri
936 460 1148 518 virginem
1164 475 1252 504 non
1271 461 1461 519 potuisse
1483 461 1757 505 contendunt
1780 480 1788 506 ε
1848 463 1849 466 ’

407 545 597 589 cumque
619 530 698 588 ipsi
720 530 904 574 totidem
932 531 1034 576 licet
1056 530 1110 574 de
1136 532 1372 575 seminibus
1402 547 1425 575 a
1449 533 1536 576 Deo
1557 532 1790 586 institutis,

408 610 555 644 tamen
576 601 893 645 interveniente
917 601 992 644 Dei
1012 602 1226 660 potentia,
1253 604 1297 646 in
1318 602 1555 646 visceribus
1572 602 1794 660 fingantur
1851 626 1876 664 ι

407 672 627 727 maternis,
653 672 824 731 obstipo
840 671 984 716 studio
1002 673 1235 728 affirmant,
1254 673 1496 732 nequivisse
1513 687 1686 716 carnem
1703 673 1795 716 sine
1852 680 1854 698 ³

407 744 644 787 ministerio
675 743 755 786 viri
777 758 827 785 ex
849 758 978 787 carne
1007 743 1180 802 virginis
1207 743 1422 788 fabricari.
1453 743 1555 787 Tale
1579 752 1642 787 est
1663 743 1795 800 igitur

407 813 529 872 quod
543 829 617 857 vos
632 847 642 867 ,
664 829 689 856 o
706 813 948 872 pervicaces
967 849 977 869 ,
1001 829 1090 858 non
1106 815 1267 873 putatis
1286 830 1354 858 me
1369 813 1413 857 id
1430 813 1571 858 facere
1585 813 1792 872 potuisse,

408 900 457 928 ac
480 884 586 927 mihi
603 884 658 927 de
675 884 736 927 rei
752 883 1011 929 difficultate
1027 885 1302 944 praescribitis
1319 920 1330 940 ,
1355 900 1455 929 cum
1473 900 1548 929 vos
1565 884 1680 943 ipsos
1702 899 1795 927 ma-

408 954 538 998 nibus
566 954 670 998 meis
690 963 859 999 constet
880 954 1085 1013 effectos,
1110 955 1265 1016 quale,
1296 955 1330 999 si
1357 954 1502 999 lutum
1529 953 1662 1013 figulo
1691 970 1795 1010 suo,
1856 961 1859 966 '

408 1039 507 1068 cum
531 1025 586 1069 ab
605 1039 656 1068 eo
678 1033 909 1079 tractatur,
937 1025 1122 1079 diceret,
1150 1028 1246 1070 Non
1276 1026 1410 1069 habes
1438 1040 1617 1082 manus,
1638 1025 1798 1084 quibus

409 1107 515 1140 tunc
536 1097 580 1139 in
603 1111 674 1139 vas
697 1095 874 1155 aliquod
894 1094 1177 1140 formabatur.
1207 1099 1270 1140 Ita
1294 1112 1397 1155 ergo
1426 1105 1469 1139 et
1498 1111 1572 1141 vos
1587 1130 1598 1151 ‚
1624 1096 1701 1155 qui
1732 1096 1798 1140 in-

409 1167 579 1227 quiritis
606 1168 701 1225 quis
727 1166 866 1209 filium
891 1167 1045 1225 virgini
1078 1167 1248 1211 dederit
1268 1168 1359 1210 sine
1376 1167 1457 1211 viri
1480 1168 1641 1228 semine
1659 1202 1669 1221 ,
1694 1182 1799 1225 cog--
1860 1192 1884 1217 Ὶι

409 1238 573 1281 noscite
610 1237 811 1280 eumdem
846 1252 936 1281 esse
975 1238 1051 1297 qui
1083 1253 1156 1282 vos
1184 1237 1289 1282 fecit
1312 1254 1361 1282 ex
1388 1240 1564 1282 semine.
1600 1239 1682 1283 Sed
1708 1240 1798 1298 jam
1862 1236 1863 1266 3

411 1308 619 1368 quoniam
645 1308 877 1367 Scripturis
904 1309 1059 1352 sanctis
1088 1310 1298 1369 expositio
1324 1310 1440 1353 varia
1462 1308 1585 1363 licet,
1615 1318 1801 1369 utraque

412 1388 556 1423 tamen
574 1379 644 1437 pia
663 1389 705 1421 et
723 1378 920 1436 religiosa
939 1379 1188 1434 concinuit,
1209 1379 1371 1437 primus
1389 1381 1646 1424 terminetur
1659 1379 1770 1423 liber
1789 1399 1798 1425 ι
1864 1417 1884 1429 ,

410 1466 488 1494 suo
519 1459 666 1493 tamen
694 1450 781 1493 fine
809 1464 1112 1504 commonens,
1143 1460 1193 1495 ut
1222 1450 1368 1509 opifex
1394 1453 1662 1495 nascentium
1690 1455 1801 1496 Deus

410 1519 615 1565 credatur
633 1555 643 1574 ,
665 1519 966 1563 innocentium
986 1531 1125 1575 tutor,
1145 1520 1459 1566 catholicorum
1477 1531 1798 1575 remunerator,

410 1590 845 1650 Manichaeorumque
863 1591 1106 1635 damnator.
1136 1611 1154 1632 »

471 1666 763 1706 Auarmmzs.
792 1664 849 1705 Ut
868 1662 1021 1717 sciant,
1042 1663 1117 1722 qui
1137 1662 1432 1722 intelligenter
1450 1663 1617 1722 legunt,
1643 1678 1799 1723 quem-

414 1733 653 1777 admodum
691 1742 872 1777 conatus
915 1732 1049 1777 fueris
1089 1734 1218 1778 verba
1261 1733 1494 1793 apostolica
1543 1733 1803 1778 obnubilare

411 1802 548 1860 clara,
570 1812 613 1846 et
630 1813 744 1846 recta
761 1811 1007 1861 pervertere
1025 1839 1034 1858 ,
1057 1805 1159 1848 huic
1176 1803 1460 1864 disputationi
1479 1813 1567 1849 tuae
1582 1820 1633 1848 ex
1651 1804 1801 1849 eadem

409 1883 584 1933 oportet
601 1873 797 1932 Apostoli
816 1873 1111 1932 disputatione
1134 1875 1463 1933 respondeam1.
1491 1875 1648 1919 Volens
1670 1875 1804 1933 igitur

411 1945 566 1989 beatus
585 1944 742 1989 Paulus
766 1945 1009 1999 ostendere,
1036 1945 1158 2005 quod
1177 1960 1226 1990 ea
1248 1961 1348 2006 quae
1365 1946 1561 2005 promisit
1581 1949 1708 2001 Deus,
1729 1962 1805 2006 po·

414 2025 506 2059 tens
525 2024 588 2058 est
608 2024 650 2058 et
667 2015 833 2070 facere,
854 2015 929 2058 ubi
947 2016 1131 2059 maxime
1150 2016 1284 2074 gratia
1305 2016 1659 2072 commendatur,
1681 2018 1804 2076 cujus

412 2087 511 2130 estis
542 2086 707 2130 inimici
735 2106 743 2130 ε
770 2102 913 2145 neque
941 2090 1056 2130 enim
1086 2087 1129 2130 in
1154 2096 1366 2146 potestate
1390 2087 1617 2131 hominum
1644 2097 1729 2143 est,
1755 2097 1806 2133 ut

412 2160 527 2201 Deus
545 2156 722 2215 impleat
738 2173 838 2216 quae
856 2157 1078 2216 promisit,
1100 2168 1142 2201 et
1160 2174 1248 2202 non
1271 2158 1314 2200 in
1335 2158 1466 2217 ipsius
1482 2158 1559 2218 qui
1578 2159 1774 2217 promisit
1793 2179 1802 2205 :

412 2227 562 2273 volens
584 2242 685 2285 ergo
707 2228 753 2270 id
776 2227 1004 2272 ostendere
1021 2264 1031 2282 ,
1062 2248 1080 2269 «
1108 2231 1203 2273 Non
1226 2237 1389 2288 potest,
1418 2229 1582 2288 inquit,
1611 2229 1806 2274 excidere

417 2317 437 2340 »
462 2298 645 2342 verbum
679 2298 756 2341 Dei
786 2317 794 2342 :
827 2313 915 2341 non
946 2298 1059 2341 enim
1091 2313 1240 2342 omnes
1271 2299 1346 2358 qui
1375 2314 1424 2342 ex
1451 2298 1576 2342 lsrae'l
1596 2335 1607 2354 ,
1633 2300 1677 2343 hi
1705 2309 1808 2344 sunt

417 2389 436 2411 »
465 2368 618 2426 lsrael,
650 2384 795 2428 neque
822 2369 923 2428 quia
954 2379 1054 2412 sunt
1076 2384 1223 2412 semen
1252 2370 1469 2413 Abraham
1489 2405 1499 2424 ,
1525 2385 1675 2414 omnes
1702 2369 1804 2428 filii,

417 2458 436 2480 »
464 2441 538 2484 sed
560 2440 605 2483 in
631 2442 749 2484 Isaac
771 2441 1001 2484 vocabitur
1021 2440 1101 2484 tibi
1123 2455 1270 2484 semen
1299 2460 1307 2484 :
1334 2441 1417 2485 hoc
1440 2450 1525 2495 est,
1552 2456 1641 2485 non
1660 2442 1705 2485 hi
1730 2442 1806 2501 qui

417 2527 437 2551 »
464 2509 540 2552 filii
562 2511 728 2565 carnis,
750 2510 794 2554 hi
819 2510 893 2554 filii
916 2511 1014 2566 Dei,
1039 2510 1114 2555 sed
1129 2509 1205 2554 filii
1221 2511 1514 2570 promissionis
1538 2512 1805 2570 deputantur

468 2602 473 2615 ¹
500 2594 583 2625 Beda
603 2598 636 2625 et
654 2594 773 2633 Florus,
797 2595 834 2627 ad
855 2598 945 2628 Rom.
965 2606 1006 2628 lx.
