1884 3285
1830 0 1861 285 “AT-m

406 264 489 301 292
830 265 864 295 s.
901 267 1129 296 Auens'rnvl
1165 268 1343 295 nmscom

401 337 529 382 tionis
546 344 634 379 tuae
655 347 857 391 magnam
880 333 1041 378 factam
1058 349 1146 379 esse
1163 333 1426 378 distantiam.
1454 330 1533 375 llle
1555 332 1669 375 enim
1691 331 1791 378 licet

400 406 510 450 duos
533 404 773 449 induxisset
791 413 1004 459 auctores,
1021 412 1168 448 tamen
1183 419 1303 464 spem
1321 402 1470 446 salutis
1486 417 1537 445 ex
1554 416 1604 445 ea
1616 399 1792 461 reliquit

400 485 521 535 parte
538 510 549 529 ‚
575 491 662 535 qua
684 473 791 518 dixit
814 475 982 519 bonum
1006 477 1146 519 Deum
1179 489 1268 519 esse
1292 472 1601 517 alienissimum
1631 471 1686 516 ab
1708 471 1793 515 ini-

396 546 589 606 quitate,
615 554 658 588 et
681 561 704 589 a
725 544 984 590 crudelitate
1021 560 1030 586 t
1064 554 1112 588 tu
1136 560 1238 589 vero
1261 558 1400 588 unum
1431 544 1597 587 bonum
1615 541 1793 601 quidem

398 620 537 661 Deum
559 652 569 672 ,
605 616 679 662 sed
715 616 918 661 eumdem
957 616 1172 661 malorum
1207 615 1479 660 conditorem
1519 613 1794 672 loquens‚ut

398 688 685 733 reverentiam
709 688 974 744 divinitatis,
998 688 1057 733 ita
1080 702 1200 747 spem
1229 686 1378 732 salutis
1415 684 1618 730 funditus
1652 693 1796 729 sustu-

398 758 502 803 listi.
533 777 554 800 »
1878 808 1884 814 ἵ

460 832 751 873 Αιάυετῐῃυε.
786 829 1018 873 Manichaei
1052 829 1227 888 fingunt
1256 832 1396 873 Deum
1419 825 1655 871 crudeliter
1671 825 1791 870 infir·
1840 840 1846 875 4

399 914 547 955 mum,
584 899 661 959 qui
696 908 864 959 partem
908 915 1057 954 suam,
1093 899 1378 944 substantiam
1419 912 1567 952 suam,
1603 895 1799 940 membra
1879 887 1881 900 ⁴

399 980 568 1016 naturae
583 986 672 1015 suae
687 969 939 1016 dilanianda
962 980 1004 1016 et
1026 969 1365 1016 contaminanda
1386 969 1584 1014 hostibus
1600 967 1796 1022 tradidit,

401 1058 425 1086 a
446 1042 606 1101 quibus
641 1042 884 1086 vastitatem
909 1041 991 1085 sibi
1019 1033 1244 1085 imminere
1271 1040 1480 1085 cernebat
1506 1058 1515 1084 ι
1552 1054 1628 1084 vos
1654 1047 1799 1082 autem

400 1113 477 1173 qui
505 1116 646 1157 Deum
671 1112 1143 1172 omnipotentissimum
1167 1127 1255 1156 non
1279 1111 1443 1170 negatis
1459 1145 1470 1165 ‚
1495 1114 1540 1154 in
1556 1109 1672 1168 gravi
1691 1111 1800 1169 jugo
1844 1110 1848 1139 ἱ

399 1182 683 1242 parvulorum
723 1183 841 1227 credi
883 1182 1014 1226 vultis
1059 1183 1270 1242 injustum
1296 1217 1306 1237 ‚
1349 1180 1553 1241 negando
1591 1178 1801 1238 originale

402 1262 651 1311 peccatum.
1845 1239 1848 1247 ’

462 1326 622 1370 CXXI.
658 1326 886 1369 ,IL-mnis.
917 1343 937 1366 «
971 1327 1068 1370 Non
1093 1334 1157 1368 est
1183 1325 1301 1368 enim
1330 1325 1406 1384 qui
1441 1323 1671 1368 subveniat
1689 1322 1798 1376 reis,

403 1395 584 1454 quando
605 1395 697 1453 ipse
719 1395 795 1453 qui
818 1404 882 1438 est
906 1410 1035 1450 unus,
1062 1394 1274 1439 desiderio
1299 1393 1584 1438 creandarum
1605 1391 1802 1436 miseria-

405 1480 504 1509 rum
521 1464 651 1509 etiam
670 1479 742 1508 eos
760 1464 903 1523 punit,
915 1465 960 1508 in
983 1465 1143 1524 quibus
1167 1464 1276 1509 nihil
1293 1464 1412 1508 aliud
1427 1479 1558 1524 quam
1576 1463 1660 1507 hoc
1682 1460 1803 1522 quod

403 1535 493 1594 ipse
512 1534 615 1579 fecit
646 1535 852 1593 agnoscit.
874 1553 894 1576 »

463 1609 755 1651 Aiaci-smnus.
801 1606 1006 1664 Agnoscit
1026 1606 1087 1650 ibi
1111 1606 1241 1650 etiam
1274 1605 1395 1666 quod
1416 1606 1508 1666 ipse
1542 1619 1631 1649 non
1663 1603 1796 1648 fecit:

408 1686 634 1737 peccatum
659 1677 822 1737 quippe
845 1677 936 1736 ipse
952 1692 1041 1721 non
1059 1676 1179 1721 fecit.
1208 1676 1330 1722 Alius
1368 1687 1514 1722 autem
1537 1675 1733 1720 similiter
1754 1683 1805 1719 ut
1858 1728 1859 1732 Ἰ

408 1764 483 1793 vos
519 1764 655 1792 vanus
697 1757 838 1807 posset
870 1747 1015 1793 dicere
1040 1784 1050 1802 ‚
1088 1752 1225 1793 Deum
1262 1748 1475 1792 desiderio
1517 1747 1804 1792 creandarum

407 1819 677 1862 miseriarum
700 1820 830 1863 etiam
860 1834 932 1863 eos
961 1834 1107 1864 creare
1128 1853 1138 1874 ,
1164 1835 1275 1879 quos
1310 1819 1621 1864 damnaturum
1649 1833 1694 1862 se
1715 1831 1805 1861 esse

409 1888 610 1947 ignorare
639 1904 729 1933 non
758 1889 926 1948 potuit,
954 1889 1353 1949 incomparabiliter
1381 1888 1549 1949 plures,
1579 1903 1710 1948 quam
1733 1901 1805 1932 eos

409 1975 520 2019 quos
541 1959 830 2003 liberaturum
853 1975 896 2003 se
921 1975 1009 2004 esse
1030 1960 1258 2019 praescivit.

468 2031 651 2074 CXXII.
689 2032 917 2074 erfflrs.
949 2050 968 2071 «
1000 2033 1227 2089 Perspecta
1245 2031 1379 2089 igitur
1394 2031 1548 2087 abysso
1572 2028 1806 2087 impietatis

410 2108 499 2144 tuae
520 2135 530 2153 ‚
550 2099 652 2144 licet
668 2116 895 2158 nunquam
913 2099 1154 2161 quidquam
1178 2101 1311 2160 possit
1335 2101 1561 2161 profanius
1581 2099 1767 2143 inveniri
1792 2119 1804 2156 3

410 2179 557 2215 tamen
574 2185 706 2229 quam
728 2171 811 2215 hoc
836 2170 944 2214 nihil
968 2171 1129 2215 habeat
1149 2172 1325 2227 virium,
1346 2170 1508 2231 etquid
1530 2170 1585 2215 de
1601 2169 1685 2213 illis
1705 2184 1806 2228 quae
1853 2188 1858 2225 ξ

413 2256 681 2285 annexueras
714 2240 943 2299 colligatur
963 2277 973 2296 ,
1002 2243 1121 2286 brevi
1151 2243 1444 2302 disputatione
1471 2241 1801 2286 monstrabitur.
1852 2256 1859 2311 ³!

411 2314 526 2355 Deus
553 2313 629 2372 qui
659 2312 744 2356 hoc
771 2312 979 2371 appellari
1002 2313 1178 2358 nomine
1215 2312 1378 2367 voluit,
1401 2322 1451 2356 ut
1473 2311 1806 2370 omnipotentis·

411 2382 543 2426 simus
564 2417 574 2437 ‚
601 2382 660 2427 ita
690 2383 818 2426 etiam
847 2384 1107 2442 justissimus
1138 2383 1330 2427 creditur
1356 2404 1367 2441 3
1393 2397 1581 2443 quorum
1603 2383 1636 2426 si
1665 2395 1805 2425 unum

410 2451 615 2508 defuerit,
644 2462 850 2497 neutrum
871 2452 1006 2499 aderit
1030 2474 1040 2510 3
1067 2463 1116 2498 ut
1138 2454 1338 2498 conditor
1366 2449 1701 2512 benignissimus
1724 2453 1806 2496 ho·
1853 2452 1863 2472 “’

409 2524 579 2567 minum
595 2559 605 2579 ,
646 2524 706 2567 ita
744 2525 998 2569 meritorum
1037 2533 1278 2584 expunctor
1317 2524 1589 2584 aequissimus
1627 2543 1635 2568 :
1676 2538 1805 2567 omne

410 2593 529 2653 quod
558 2592 676 2649 facit,
703 2595 868 2639 bonum
886 2594 1012 2640 valde
1034 2605 1110 2640 est.
1140 2599 1201 2641 Ac
1220 2612 1297 2656 per
1318 2597 1402 2641 hoc
1416 2630 1427 2651 ‚
1446 2611 1574 2640 nemo
1596 2593 1804 2640 naturali-

1878 787 1884 794 Α·
1874 716 1882 726 ¹
1875 588 1884 617 *⁴
1883 572 1884 579 ⁴
1873 431 1884 457 ·.u
1873 357 1884 386 ss„
