1884 3285
431 249 514 289 304
873 262 906 285 s.
943 258 1172 287 Accus'rrm
1206 260 1385 287 Eplscom
1844 262 1846 283 ι

428 327 609 369 sitorum
627 339 678 369 ex
701 324 935 369 voluntatis
956 325 1164 384 qualitate
1186 325 1447 378 venientem,
1474 337 1695 383 aucupans
1716 322 1809 369 elo·

427 395 615 439 cutionis
651 394 934 454 ambiguum,
967 394 1065 440 ideo
1098 395 1337 441 necessitati
1383 394 1540 439 divinae
1573 394 1811 439 conahatur
1846 399 1850 439 ἰ

428 466 657 520 ascribere,
694 474 744 510 ut
766 474 970 510 assereret
997 481 1167 511 necesse
1199 481 1287 510 esse
1315 464 1498 509 alterum
1533 464 1588 510 de
1614 464 1809 520 duobus,
1848 487 1850 529 3

427 536 474 579 id
496 545 574 591 est,
600 545 677 580 aut
698 546 846 594 gentes
864 536 918 580 ad
939 537 1231 596 promissionis
1253 553 1341 581 non
1363 537 1509 580 venire
1523 536 1810 591 consortium,
1848 544 1852 590 3

429 616 504 651 aut
524 609 558 651 si
580 608 663 652 hoc
690 607 840 653 liceret
869 611 979 662 Deo,
1009 609 1202 668 extingui
1230 608 1372 653 officia
1391 608 1539 652 liberae
1559 606 1810 652 voluntatis.
1850 606 1851 632 ³

429 680 592 722 Verum
615 678 717 739 quia
739 678 784 723 id
803 694 891 723 non
907 678 1151 723 sufficiebat
1168 679 1343 738 negotio
1361 698 1372 735 3
1397 693 1540 738 neque
1557 679 1672 722 enim
1696 693 1719 721 a
1742 675 1816 721 tali

427 748 658 805 magistro,
691 749 803 793 sicut
829 748 1221 794 commendabatur
1253 749 1485 794 auctoritas
1507 748 1611 803 Dei,
1641 749 1701 792 ita
1725 754 1818 791 erat
1852 764 1855 811 j

428 817 655 862 indefensa
680 818 966 879 relinquenda
985 820 1150 879 justitia
1173 838 1182 865 ε
1210 819 1359 864 subdit
1380 819 1814 878 consequentissime,
1853 837 1857 877 ;Ι

430 902 527 932 vasa
551 905 650 948 quae
680 889 725 932 in
743 889 1007 934 contumelia
1027 899 1071 934 et
1096 905 1195 950 quae
1222 890 1267 934 in
1299 891 1463 935 honore
1496 890 1609 934 fiunt
1627 923 1638 944 ‚
1657 888 1819 933 habere
1854 903 1857 925 1

390 1012 392 1015 ,
430 959 513 1003 hoc
532 959 586 1003 de
604 960 791 1018 propriae
819 961 1035 1019 stipendio
1058 960 1306 1006 voluntatis.
1336 980 1354 1003 «
1383 961 1426 1006 Si
1454 961 1568 1005 enim
1596 963 1711 1005 Deus
1738 973 1819 1004 vo·
1855 960 1857 966 '

433 1047 453 1071 »
480 1029 572 1073 lens
601 1031 828 1075 ostendere
856 1032 960 1075 iram
980 1066 991 1086 ,
1017 1040 1060 1075 et
1087 1041 1235 1076 notam
1265 1032 1407 1076 facere
1436 1031 1675 1090 potentiam
1698 1044 1821 1074 suam
1857 1034 1881 1074 ζἸ

432 1117 453 1142 »
478 1100 523 1144 in
540 1100 678 1145 multa
694 1102 900 1161 patientia
915 1137 926 1156 ‚
952 1103 997 1145 in
1014 1102 1123 1145 vasis
1150 1103 1224 1145 irae
1243 1137 1253 1156 ,
1279 1101 1588 1146 consummatis
1609 1101 1654 1145 in
1671 1100 1820 1161 perdi·
1857 1129 1860 1148 z
1880 1120 1881 1123 ¹

436 1190 453 1212 »
480 1171 659 1215 tionem.
683 1175 739 1215 Et
756 1182 806 1216 ut
828 1181 951 1216 notas
969 1173 1157 1227 faceret,
1179 1173 1346 1232 inquit,
1379 1173 1547 1216 divitias
1565 1172 1713 1231 gloriae
1733 1186 1821 1216 suae
1882 1210 1884 1213 .

433 1258 454 1280 »
480 1242 525 1284 in
541 1241 650 1285 vasis
674 1241 995 1296 misericordiae,
1022 1258 1121 1302 quae
1137 1243 1397 1302 praeparavit
1420 1243 1464 1286 in
1488 1243 1666 1300 gloriam
1681 1277 1692 1298 ,
1713 1257 1822 1302 quos
1859 1238 1863 1271 ἕ

432 1328 454 1352 »
476 1320 519 1355 et
535 1313 707 1357 vocavit
727 1328 822 1366 nos,
847 1329 936 1357 non
959 1312 1099 1358 solum
1119 1328 1171 1357 ex
1193 1313 1378 1368 Judaeis,
1404 1314 1478 1358 sed
1499 1314 1628 1358 etiam
1646 1328 1696 1357 ex
1719 1327 1823 1370 gen·
1860 1316 1861 1371 J
1882 1331 1884 1335 ·

432 1399 453 1422 »
478 1381 636 1426 tibus¹.
669 1401 689 1424 »
716 1384 843 1427 Certe
867 1383 936 1427 hic
966 1383 1177 1439 absolvit,
1214 1383 1334 1444 quod
1361 1385 1556 1443 superior
1591 1383 1822 1428 conflictus
1860 1389 1863 1430 ζ

430 1462 677 1511 operuerat,
689 1469 778 1497 non
792 1452 943 1498 inferri
962 1470 985 1498 a
1003 1456 1093 1498 Deo
1110 1454 1215 1497 iram
1232 1455 1311 1498 nisi
1328 1454 1393 1499 his
1408 1456 1520 1500 vasis
1537 1470 1636 1515 quae
1648 1453 1704 1498 ad
1719 1467 1821 1512 per-
1861 1445 1864 1495 ἶ

432 1521 644 1567 ditionem
658 1532 956 1568 consummata
974 1523 1161 1582 fuerint3
1179 1524 1358 1582 gloriam
1371 1534 1518 1569 autem
1536 1525 1629 1569 dari
1642 1524 1708 1568 his
1724 1538 1824 1583 quae
1863 1570 1865 1581 Ι

433 1594 487 1638 ad
510 1595 593 1639 hoc
618 1594 781 1639 fuerint
811 1603 1066 1654 praeparata,
1095 1598 1131 1638 A
1151 1611 1240 1654 quo
1263 1604 1411 1640 autem
1438 1611 1536 1640 vasa
1561 1595 1690 1654 hujus
1705 1592 1824 1639 modi
1863 1609 1866 1646 3

432 1665 477 1708 in
498 1666 815 1725 susceptionem
840 1666 998 1710 horum
1020 1681 1120 1726 quae
1143 1665 1329 1712 diximus
1351 1674 1668 1726 praeparentur,
1691 1664 1824 1724 ipsius
1864 1670 1867 1725 ξ

432 1736 629 1794 Apostoli
647 1751 788 1780 sermo
802 1736 1021 1794 patefecit.
1049 1755 1066 1777 (ι
1088 1739 1140 1779 In
1155 1751 1308 1795 magna
1324 1772 1334 1791 ‚
1358 1737 1527 1797 inquit,
1554 1736 1709 1790 domo,
1735 1749 1825 1779 non
1865 1746 1868 1790 ξ

436 1822 456 1845 »
477 1815 580 1850 sunt
602 1804 910 1851 tantummodo
938 1821 1038 1850 vasa
1058 1821 1186 1851 aurea
1209 1816 1252 1851 et
1273 1816 1498 1866 argentea,
1523 1805 1599 1851 sed
1618 1815 1662 1850 et
1682 1805 1827 1864 lignea

435 1893 456 1917 »
483 1885 525 1920 et
555 1876 731 1934 fictilia3
762 1876 843 1921 alia
874 1875 1053 1936 quidem
1083 1876 1130 1920 in
1160 1877 1392 1933 honorem,
1426 1876 1508 1922 alia
1529 1877 1575 1920 in
1593 1884 1826 1921 contume-
1867 1900 1870 1938 3

440 1966 457 1987 »
481 1946 599 1991 liam.
627 1948 670 1993 Si
692 1963 795 2007 ergo
817 1948 1093 1992 mundaverit
1122 1949 1218 2007 quis
1245 1949 1524 2007 semetipsum
1545 1948 1600 1992 ab
1630 1947 1721 2002 his,
1746 1945 1828 1990 erit
1868 1965 1870 1994 5

438 2033 459 2057 »
487 2032 558 2060 vas
575 2018 619 2061 in
636 2018 850 2062 honorem
882 2018 1195 2063 sanctificatum
1214 2053 1225 2073 ,
1260 2018 1366 2063 utile
1390 2019 1592 2072 Domino,
1615 2016 1670 2061 ad
1697 2030 1827 2061 omne

439 2103 460 2126 »
486 2101 596 2145 opus
619 2087 784 2132 bonum
809 2090 1051 2147 paratum2.
1076 2106 1095 2129 »

495 2159 788 2202 Auens‘rmcs.
822 2160 938 2216 Ergo
970 2159 1061 2217 ipsa
1081 2173 1182 2202 vasa
1201 2158 1259 2202 ita
1287 2173 1332 2202 se
1349 2166 1618 2218 praeparant,
1642 2165 1692 2202 ut
1713 2155 1827 2200 frus·
1871 2177 1874 2207 3

437 2235 502 2270 tra
531 2227 587 2271 de
614 2231 702 2272 Deo
730 2228 898 2273 dictum
921 2229 975 2272 sit
991 2263 1001 2283 ,
1031 2244 1131 2288 quae
1153 2230 1411 2288 praeparavit
1432 2230 1476 2273 in
1499 2228 1711 2288 gloriam?
1733 2229 1828 2272 Hoc
1870 2221 1873 2242 ²

437 2298 555 2342 enim
576 2299 842 2358 apertissime
862 2299 968 2344 dicis
987 2318 996 2344 :
1016 2314 1098 2344 nec
1115 2299 1319 2358 intelligis
1335 2300 1395 2344 ita
1418 2299 1584 2344 dictum
1607 2314 1714 2353 esse,
1742 2316 1763 2340 «
1785 2297 1828 2342 Si

441 2369 579 2427 »quis
598 2369 875 2414 mundaverit
903 2369 1209 2429 semetipsum,
1241 2379 1289 2413 ut
1321 2369 1622 2414 ostenderetur
1643 2378 1687 2413 et
1719 2382 1828 2427 opus
1872 2367 1875 2409 J

441 2455 462 2478 »
489 2439 676 2484 hominis
697 2455 772 2499 per
794 2440 1090 2485 voluntatem³
1111 2459 1120 2484 ;
1145 2458 1165 2481 »
1191 2440 1282 2494 sed,
1308 2440 1476 2499 ingrate
1495 2441 1643 2496 homo,
1660 2453 1828 2499 praepa-
1872 2434 1875 2466 ’ἶ

489 2545 496 2561 ¹
527 2542 619 2574 Rom.
640 2552 685 2579 ix,
710 2551 750 2575 22
778 2548 809 2575 et
835 2552 925 2585 seqq.
943 2557 980 2565 —·-
1001 2549 1012 2564 2
1042 2551 1061 2574 2
1080 2542 1161 2574 Tim.
1189 2552 1224 2580 ιι,
1245 2550 1286 2575 20
1304 2547 1336 2574 et
1362 2550 1415 2575 21.
1433 2559 1470 2564 —
1488 2540 1502 2565 3
1531 2543 1624 2574 Prov.
1651 2551 1721 2582 vm,
1736 2540 1828 2582 juxta
1875 2563 1877 2586 3

440 2596 538 2629 Lxx.
