1884 3285
443 310 527 349 410
875 317 906 346 s.
945 317 1176 346 Aueus'nm
1209 316 1388 345 nmscom

500 383 700 428 CXLIII.
736 383 762 425 J
766 398 963 426 [tumus.
1002 401 1021 423 «
1047 383 1206 425 Verum
1224 380 1326 441 quia
1342 379 1414 424 hic
1431 379 1496 423 fui
1512 378 1682 438 longior
1695 414 1707 436 ‚
1727 394 1822 440 per-

443 468 592 512 gamus
615 452 669 496 ad
693 451 874 511 reliqua.

501 528 792 568 Ami-suimus.
828 525 891 566 Ita
914 523 997 566 hoc
1014 522 1141 576 dicis,
1167 521 1288 581 quasi
1310 519 1413 563 alibi
1438 519 1610 564 brevior
1629 520 1682 564 sis
1700 520 1826 565 futu-

441 611 534 652 rus3
555 609 656 639 cum
677 593 979 653 loquacissime
1000 593 1217 652 inquiras,
1238 589 1611 651 quemadmodum
1630 591 1827 650 Apostoli

440 663 797 708 manifestissimis
817 663 959 706 verbis
981 662 1161 706 nebulas
1183 663 1349 718 ingeras
1370 659 1587 703 vanitatis.

498 736 691 779 CXLIV.
727 736 953 776 JULIARts.
997 751 1016 773 «
1040 734 1220 776 Omnes¹
1244 740 1390 775 autem
1412 729 1519 774 dixit
1541 728 1596 773 ad
1618 729 1828 774 condem-

438 806 659 848 nationem
682 818 759 861 per
781 801 918 846 Adam
935 835 946 857 ‚
967 810 1008 845 et
1027 817 1175 846 omnes
1193 801 1246 845 ad
1259 800 1614 860 justificationem
1632 800 1734 844 vitae
1753 814 1827 857 per

438 878 462 919 J
467 890 587 918 esum
616 874 837 918 Christum
871 891 880 918 ε
913 889 1012 917 cum
1037 874 1190 932 utique
1222 887 1311 916 non
1343 885 1492 915 omnes
1523 885 1595 914 eos
1627 871 1705 931 qui
1732 884 1829 915 mo-

437 947 611 989 riuntur
631 945 677 987 in
696 943 834 988 Adam
846 977 857 998 ‚
876 944 1106 988 transferat
1123 944 1319 988 Christus
1337 942 1392 985 ad
1408 942 1557 985 vitam.
1578 942 1662 986 Sed
1679 955 1830 986 omnes

438 1016 545 1060 dixit
565 1025 697 1074 atque
720 1029 870 1058 omnes
890 1050 901 1069 ‚
926 1016 1028 1073 quia
1051 1015 1162 1058 sicut
1183 1013 1274 1057 sine
1296 1014 1438 1056 Adam
1465 1011 1613 1055 nullus
1634 1011 1690 1055 ad
1711 1026 1831 1056 mor-

438 1096 526 1131 tem
541 1121 553 1141 ,
589 1087 648 1130 ita
669 1086 763 1130 sine
786 1086 958 1130 Christo
982 1084 1128 1128 nullus
1146 1083 1202 1127 ad
1222 1084 1356 1127 vitam
1369 1085 1400 1125 ².
1430 1082 1552 1126 Sicut
1571 1081 1755 1126 dicimus
1775 1082 1831 1126 de

438 1157 681 1201 litterarum
696 1155 898 1212 magistro
913 1190 923 1209 ,
941 1156 973 1197 si
987 1155 1031 1197 in
1049 1154 1223 1198 civitate
1245 1151 1361 1196 solus
1378 1160 1463 1206 est,
1486 1152 1649 1195 Omnes
1664 1152 1744 1195 iste
1760 1152 1831 1197 hic

438 1227 600 1270 litteras
627 1225 755 1269 docet
784 1243 793 1269 z
829 1240 918 1268 non
941 1224 1043 1284 quia
1074 1238 1224 1267 omnes
1247 1222 1442 1276 discunt,
1469 1222 1543 1265 sed
1575 1221 1679 1280 quia
1701 1236 1832 1267 nemo

436 1297 518 1340 nisi
552 1296 606 1339 ab
636 1296 743 1354 ipso.
781 1297 899 1347 Quos
924 1303 1069 1338 autem
1093 1308 1242 1337 omnes
1269 1292 1466 1345 dixerat,
1494 1291 1655 1336 multos
1684 1301 1832 1350 postea

439 1367 574 1423 dixit3
593 1366 768 1410 eosdem
797 1375 942 1409 tamen
965 1379 1114 1409 omnes
1145 1363 1397 1422 multosque
1422 1362 1681 1421 significans,
1711 1362 1833 1407 Sicut
1875 1355 1878 1367 ’

439 1438 553 1480 enim
577 1452 652 1495 per
678 1437 808 1479 unius
837 1435 1177 1480 inobedientiam
1209 1442 1458 1493 peccatores
1484 1433 1708 1477 constituti
1730 1443 1834 1478 sunt
1874 1445 1877 1449 “

434 1508 588 1562 multi,
625 1509 684 1551 ita
716 1518 760 1550 et
790 1522 867 1566 pei·
894 1507 1023 1550 unius
1052 1506 1350 1550 obedientiam
1376 1505 1483 1564 justi
1511 1505 1832 1548 constituentur

434 1577 578 1621 multi.
612 1577 769 1621 Adhuc
803 1585 970 1636 quaerat
1001 1591 1079 1636 per
1110 1576 1219 1635 quid
1248 1584 1477 1634 peccatum
1510 1574 1758 1618 inveniatur
1785 1574 1832 1617 in

435 1646 621 1707 parvulo
651 1666 659 1691 z
686 1646 951 1705 respondent
973 1647 1011 1690 ei
1032 1646 1203 1705 paginae
1227 1654 1408 1697 sanctae,
1438 1663 1457 1686 «
1485 1647 1565 1688 Per
1585 1658 1725 1688 unum
1750 1644 1831 1688 ho—

437 1737 456 1759 »
483 1718 644 1761 minem
670 1727 899 1776 peccatum
927 1718 973 1760 in
994 1716 1211 1760 mundum
1233 1716 1427 1759 intravit.
1463 1733 1483 1756 »
1527 1717 1703 1759 Sanctas
1734 1716 1828 1774 qui-

430 1789 529 1831 dem
554 1787 747 1846 Apostoli
764 1803 853 1831 esse
877 1788 1053 1846 paginas
1072 1786 1334 1831 confitemur
1351 1821 1361 1840 ‚
1387 1801 1477 1830 non
1499 1785 1557 1829 ob
1578 1785 1695 1829 aliud
1710 1820 1720 1838 ,
1743 1785 1830 1829 nisi

432 1860 535 1917 quia
555 1859 737 1912 rationi,
760 1858 932 1916 pietati,
967 1857 1069 1901 fidei
1099 1865 1410 1914 congruentes,
1446 1853 1655 1899 erudiunt
1683 1870 1761 1899 nos
1783 1864 1828 1899 et

434 1932 571 1972 Deum
602 1928 777 1972 credere
803 1927 1064 1971 inviolabilis
1086 1927 1305 1986 aequitatis
1323 1961 1333 1981 ‚
1361 1935 1404 1969 et
1434 1940 1565 1985 opera
1597 1926 1690 1985 ejus
1714 1926 1827 1969 bona
1873 1957 1876 1988 :

433 1999 702 2058 honestaque
729 1996 985 2052 defendere,
1010 2007 1054 2041 et
1081 1997 1308 2056 praeceptis
1337 1997 1429 2055 ejus
1450 1995 1796 2040 moderationem
1814 2029 1826 2050 ,
1872 1989 1876 2038 ὲ

434 2068 712 2127 prudentiam
729 2103 740 2122 ‚
762 2068 975 2127 justitiam
998 2067 1235 2112 vindicare.
1258 2084 1279 2107 »

493 2142 786 2181 Aucusrmns.
824 2140 920 2196 Ipsa
943 2147 985 2180 te
1002 2136 1222 2180 convincit
1243 2136 1287 2179 in
1305 2132 1496 2194 parvulis
1517 2134 1699 2193 aequitas
1718 2134 1796 2177 Dei
1818 2151 1828 2178 ι
1872 2123 1875 2134 ’

435 2207 641 2267 quoniam
665 2223 820 2266 magna
843 2218 904 2251 est
927 2208 1155 2267 iniquitas,
1179 2208 1212 2251 si
1231 2208 1338 2265 jugo
1362 2205 1480 2263 gravi
1502 2213 1763 2264 premuntur
1780 2213 1825 2249 et
1871 2241 1876 2267 ἒ

435 2278 603 2337 parvuli
625 2278 716 2321 sine
738 2277 830 2322 ullo
849 2279 1003 2322 merito
1019 2277 1281 2337 vinculoque
1306 2277 1487 2336 peccati.

493 2350 664 2392 CXLV.
700 2350 927 2392 JL‘LIANUS.
971 2368 990 2389 «
1009 2351 1071 2392 Ac
1090 2364 1164 2406 per
1179 2349 1280 2402 hoc,
1297 2362 1456 2406 negare
1472 2360 1737 2406 quemquam
1751 2360 1831 2405 pro
1871 2320 1875 2360 Ξ

436 2419 612 2463 alterius
630 2427 808 2477 peccato
826 2434 948 2477 posse
962 2418 1176 2472 damnari,
1198 2432 1355 2475 negare
1376 2416 1517 2461 ullum
1533 2426 1760 2476 peccatum
1774 2417 1829 2461 ad

436 2500 628 2549 posteros
649 2499 817 2534 naturae
831 2490 1082 2534 conditione
1104 2490 1311 2546 transire3
1332 2497 1462 2547 atque
1478 2488 1670 2543 credere,
1692 2497 1825 2548 atque

437 2576 638 2616 asserere‚
658 2561 881 2605 hominem
900 2561 954 2605 de
971 2561 1168 2606 instituta
1182 2577 1205 2605 a
1220 2564 1309 2605 Deo
1322 2559 1611 2604 foecunditate
1629 2559 1826 2618 genitum

489 2654 493 2667 ¹
517 2646 593 2677 Vide
612 2646 668 2676 lib.
692 2658 710 2677 n
730 2647 770 2678 de
788 2647 924 2688 Nuptiis,
949 2658 1021 2688 cap.
1044 2656 1095 2688 27.
1110 2664 1150 2668 —
1168 2654 1177 2668 ²
1200 2649 1287 2678 Rom.
1310 2657 1344 2685 v,
1370 2656 1475 2687 19.-—
1494 2642 1507 2666 3
1527 2644 1606 2677 lbid.
1639 2653 1689 2676 12.
