1884 3285
415 259 499 298 480
852 272 887 297 s.
923 268 1153 298 Areus'rim
1186 271 1367 298 EPISCOPI

412 335 578 394 pudore
606 335 861 379 commoniti
892 336 1058 381 debetis
1091 337 1270 395 gratiam
1300 334 1459 380 referre
1493 337 1742 381 medicanti.
1772 356 1791 379 n
1850 326 1851 331 ¹
1883 366 1884 373 ι

469 410 759 450 ΑυουεΤιΝυε.
801 408 866 450 Tu
887 416 1029 451 vestro
1057 422 1201 461 more,
1227 406 1303 466 qui
1325 406 1379 450 de
1411 416 1552 452 vestro
1574 394 1799 452 descendit

410 491 553 521 errore
573 511 583 530 ‚
609 491 697 520 non
720 477 913 535 agnoscis
945 478 1125 536 gratiam
1148 477 1229 521 nisi
1250 477 1295 520 in
1318 475 1565 522 dimissione
1598 487 1800 537 peccato·
1850 499 1858 506 ι’

411 563 505 591 rum
533 568 543 604 3
568 556 618 591 ut
642 547 732 607 jam
755 547 810 591 de
831 557 986 593 caetero
1005 564 1082 608 per
1100 549 1287 592 liberum
1310 548 1643 607 arbitriumipse
1668 550 1802 593 homo
1852 578 1853 584 =

409 634 452 662 se
466 618 607 677 ipsum
625 618 807 662 fabricet
824 620 1006 678 justum.
1037 619 1121 663 Sed
1143 635 1230 663 non
1250 619 1332 663 hoc
1354 618 1460 663 dicit
1478 618 1686 674 Ecclesia,
1703 635 1803 679 quae

410 688 566 733 clamat
588 698 678 733 tota
700 723 710 743 ‚
740 689 861 750 quod
891 688 1044 733 didicit
1077 704 1100 733 a
1122 689 1329 748 Magistro
1363 689 1482 734 bono
1519 708 1528 734 ε
1570 708 1589 732 «
1629 692 1693 736 Ne
1724 705 1804 734 nos
1858 743 1864 750 Ι,

418 778 439 802 »
465 758 624 804 inferas
646 760 690 803 in
714 760 998 804 tentationem
1033 763 1044 786 ¹
1073 779 1081 804 ε
1117 778 1136 801 ιι
1169 776 1256 805 non
1292 761 1375 804 hoc
1409 760 1515 804 dicit
1538 794 1548 815 ‚
1569 760 1645 820 qui
1668 761 1800 805 dicit:
1851 760 1855 810 ἶ

413 848 433 872 «
455 832 639 874 Oramus
661 839 805 874 autem
830 831 885 874 ad
908 834 1046 875 Deum
1062 865 1073 886 ‚
1096 846 1151 875 ne
1173 830 1282 891 quid
1314 830 1478 875 faciatis
1501 830 1600 875 mali
1631 835 1649 859 ²
1677 850 1686 876 z
1712 847 1805 877 non
1851 830 1856 863 Γ

413 901 495 945 hoc
520 900 623 945 dicit
643 901 718 960 qui
739 901 869 957 dicit,
897 921 917 944 «
955 902 1119 960 Rogavi
1152 918 1231 962 pro
1260 911 1301 946 te
1319 937 1329 956 ‚
1357 905 1482 946 Petre
1503 936 1513 956 ‚
1546 917 1601 946 ne
1632 901 1808 947 deficiat
1853 896 1856 923 ³

414 990 434 1013 »
462 971 568 1016 fides
591 981 665 1016 tua
684 974 715 1015 3.
745 990 765 1013 »
792 976 880 1017 Isto
909 973 1026 1016 enim
1049 972 1181 1018 modo
1208 974 1343 1032 gratia
1372 982 1422 1017 ut
1454 989 1543 1017 non
1577 988 1808 1033 peccemus
1854 966 1858 1020 ¹:

411 1043 543 1097 facit,
579 1058 665 1087 non
706 1059 805 1102 quae
837 1044 1110 1103 peccavimus
1131 1043 1275 1087 diluit.
1304 1046 1501 1102 Utroque
1526 1044 1643 1088 enim
1677 1044 1808 1088 modo
1855 1091 1860 1103 ί

412 1114 588 1173 adjuvat
610 1114 745 1172 gratia
764 1149 774 1168 ‚
800 1123 844 1158 ct
864 1113 1126 1158 dimittendo
1148 1130 1247 1174 quae
1276 1113 1390 1158 male
1413 1113 1596 1159 fecimus
1616 1149 1627 1170 ‚
1646 1125 1689 1160 et
1711 1115 1807 1174 opi-

412 1183 595 1228 tulando
618 1193 668 1228 ut
689 1183 959 1229 declinemus
983 1202 1005 1229 a
1027 1185 1151 1229 malis
1174 1193 1217 1229 et
1240 1186 1354 1230 bona
1374 1184 1599 1230 faciamus.

471 1256 755 1300 CCXXVIII.
791 1258 1018 1301 JULlANUs.
1063 1276 1082 1298 «
1117 1258 1281 1301 Verum
1301 1257 1403 1317 quia
1424 1257 1646 1316 ejusdem,
1676 1270 1809 1316 quam
1857 1274 1862 1299 ῑ

413 1340 543 1384 supra
562 1335 836 1385 exposuerat,
849 1327 1102 1386 quaestionis
1122 1327 1374 1372 incurrebat
1388 1328 1581 1385 occasi03
1600 1335 1649 1370 ut
1669 1341 1810 1387 oppo-
1859 1336 1864 1390 ζ

413 1406 590 1441 neretur
616 1396 817 1442 videlicet
834 1432 844 1452 ‚
871 1398 1075 1443 liberatos
1097 1415 1121 1442 a
1140 1402 1271 1457 Lege,
1298 1414 1398 1459 quae
1420 1398 1667 1443 intentabat
1681 1399 1806 1453 iram,
1858 1400 1860 1402 ’

411 1484 584 1514 securos
621 1484 746 1528 posse
781 1470 864 1513 sub
895 1470 1044 1528 gratiae
1076 1470 1151 1514 Dei
1181 1470 1452 1528 benignitate
1474 1484 1655 1529 peccare
1673 1504 1684 1524 ‚
1707 1469 1812 1513 sub·

414 1539 526 1583 didit
550 1540 745 1598 protinus
772 1558 780 1585 ε
806 1558 825 1581 «
851 1539 967 1592 Quid
997 1555 1100 1599 ergo
1119 1575 1129 1594 ‚
1154 1540 1432 1599 peccabimus
1449 1575 1459 1595 ‚
1486 1539 1694 1600 quoniam
1723 1554 1813 1584 non
1862 1533 1867 1575 ’ἱ

416 1626 437 1651 ι)
463 1624 612 1654 sumus
626 1609 706 1654 sub
723 1612 855 1668 Lege,
873 1609 949 1654 sed
964 1611 1046 1655 sub
1063 1610 1224 1668 gratia?
1241 1610 1386 1655 Absit:
1405 1626 1460 1654 an
1478 1609 1685 1669 ignoratis
1703 1624 1812 1668 quo-
1863 1616 1868 1655 2

420 1700 436 1721 ι)
463 1681 578 1723 niam
597 1681 665 1724 cui
689 1680 902 1724 exhibetis
924 1696 1000 1725 vos
1023 1696 1165 1725 servos
1192 1681 1246 1726 ad
1261 1679 1700 1736 obediendum‚servi
1715 1681 1813 1725 estis
1864 1695 1868 1735 ξ

417 1769 436 1791 ι)
479 1752 571 1810 ejus
593 1751 663 1795 cui
680 1751 886 1796 obedistis
906 1786 916 1806 ‚
949 1752 1036 1796 sive
1068 1752 1259 1810 peccati,
1284 1751 1374 1796 sive
1401 1752 1665 1796 obeditionis
1685 1752 1815 1812 justi·

418 1840 437 1862 n
463 1820 534 1865 tiae
556 1822 569 1846 ⁴
589 1822 642 1863 52»
666 1824 847 1865 Jam-ne
869 1821 908 1866 ei
925 1821 1142 1866 credimus
1159 1857 1169 1876 ‚
1192 1822 1247 1866 de
1263 1823 1388 1881 cujus
1406 1821 1653 1867 disseruerit
1671 1823 1815 1866 hacte-

417 1907 497 1936 nus
509 1891 759 1936 conditione
781 1892 978 1952 peccati?
1004 1911 1022 1935 a
1047 1894 1145 1948 Cui,
1170 1894 1329 1953 inquit,
1349 1893 1559 1938 exhibetis
1577 1909 1652 1938 vos
1669 1908 1816 1939 servos
1866 1886 1869 1890 Α

420 1982 438 2003 n
465 1962 519 2007 ad
541 1962 856 2018 obediendum,
879 1964 968 2023 ejus
983 1964 1094 2008 servi
1116 1964 1231 2019 estis,
1261 1964 1350 2007 sive
1372 1964 1557 2023 peccati,
1585 1964 1674 2009 sive
1693 1964 1817 2024 justi·
1870 1967 1871 1971 ’

420 2052 439 2075 »
466 2034 552 2078 tiae.
588 2053 606 2075 n
643 2034 728 2078 Ubi
758 2034 829 2079 hic
871 2050 972 2093 ergo
1005 2035 1224 2080 indicatur
1256 2035 1311 2079 ab
1341 2035 1552 2094 Apostolo
1588 2045 1816 2095 peccatum
1870 2048 1872 2087 ῑ

416 2103 526 2148 illud
547 2139 557 2159 ‚
594 2105 714 2165 quod
748 2114 849 2149 ante
868 2105 1108 2150 voluntatis
1134 2116 1345 2164 tempora,
1382 2115 1483 2150 ante
1513 2105 1817 2151 obedientium
1870 2159 1873 2175 ⁴

417 2175 627 2230 studium,
645 2186 745 2220 ante
759 2177 950 2220 scientiae
965 2186 1007 2221 et
1020 2177 1299 2222 conscientiae
1312 2186 1505 2232 aetatem,
1522 2178 1623 2236 ipsis
1637 2177 1817 2235 fingitur
1871 2177 1874 2230 ζ

419 2245 714 2304 supervolasse
731 2247 969 2291 seminibus
986 2249 1004 2289 ?
1021 2246 1141 2307 quod
1162 2256 1279 2292 certe
1302 2248 1384 2292 nisi
1405 2247 1452 2291 in
1472 2247 1817 2293 Manichaeorum
1872 2278 1874 2284 r

418 2315 538 2360 libris
557 2315 741 2360 inveniri
758 2331 844 2360 non
864 2325 1021 2375 potest.
1051 2336 1071 2359 »

478 2390 771 2432 Aueuscrmus.
812 2390 909 2432 Non
926 2397 1029 2432 sunt
1043 2388 1388 2433 Manichaeorum
1405 2389 1519 2444 libri,
1542 2389 1618 2432 ubi
1639 2389 1816 2447 legitur:

424 2476 443 2499 «
468 2458 642 2502 Fuimus
659 2458 775 2502 enim
792 2467 834 2502 et
853 2473 930 2502 nos
946 2467 1103 2503 natura
1119 2458 1197 2502 filii
1222 2459 1298 2503 irae
1313 2493 1324 2514 ,
1342 2459 1454 2503 sicut
1473 2468 1516 2503 et
1545 2459 1690 2503 caeteri
1711 2461 1726 2484 ⁵
1750 2477 1759 2503 :
1787 2477 1807 2500 »

471 2567 477 2582 ¹
503 2560 614 2593 Matth.
643 2571 688 2602 v1‚
713 2562 763 2593 13.
780 2578 822 2584 —
838 2568 850 2584 ²
871 2571 890 2595 ‘2
909 2564 983 2595 Cor.
1007 2573 1077 2602 xm,
1097 2573 1128 2605 7.
1146 2579 1188 2586 —
1205 2561 1218 2586 3
1236 2565 1313 2596 Luc.
1345 2573 1422 2602 xxu,
1451 2563 1503 2596 32.
1521 2561 1592 2594 -4
1613 2565 1702 2596 Rom.
1722 2573 1757 2602 v,
1779 2562 1817 2595 15
1874 2550 1877 2603 J

422 2622 453 2649 et
473 2616 525 2651 16.
541 2634 582 2640 —
597 2615 612 2640 ⁵
630 2617 746 2659 Ephes.
770 2628 807 2660 ιι,
828 2618 859 2650 3.
