1884 3285
465 295 544 332 118
898 304 931 332 s.
967 305 1198 337 arcuerim
1230 310 1411 338 zrlscorl

463 377 582 412 ratur
600 376 649 411 ut
671 367 925 412 accedamus
939 404 952 425 ,
971 372 1031 415 sic
1048 381 1254 430 operatur
1270 388 1326 417 ne
1347 373 1632 421 discedamus.
1657 379 1836 437 Propter
1855 419 1858 426 ,

463 437 582 497 quod
609 438 646 481 ei
674 453 749 496 per
779 439 1038 497 Prophetam
1070 440 1234 486 dictum
1264 452 1328 487 est
1355 461 1363 487 :
1394 462 1414 485 «
1445 444 1543 489 Fiat
1575 460 1730 491 manus
1764 457 1858 514 tua·

461 526 480 548 »
511 522 639 564 super
670 507 813 551 virum
845 508 1031 554 dexterae
1070 520 1154 556 tuae
1175 547 1186 567 ‚
1225 522 1268 557 et
1303 528 1432 571 super
1469 513 1607 560 filium
1650 517 1855 565 hominis

463 596 480 617 »
509 591 640 636 quem
664 578 926 621 confirmasti
958 580 1058 634 tibi,
1083 590 1126 624 et
1147 597 1234 625 non
1257 581 1517 627 discedimus
1546 599 1569 628 a
1591 588 1675 629 te1.
1706 604 1725 627 a
1754 590 1854 634 Iste

457 656 572 690 certe
600 663 688 690 non
719 656 781 691 est
805 647 943 691 Adam
969 650 1152 708 primus,
1179 652 1224 695 in
1252 668 1340 711 quo
1371 654 1642 700 discessimus
1665 655 1720 700 ab
1743 671 1794 702 eo
1822 677 1834 704 2

456 716 531 760 sed
548 716 684 760 Adam
706 718 961 762 novissimus
973 754 983 773 ‚
1004 735 1132 778 super
1149 737 1278 780 quem
1302 723 1351 767 fit
1368 738 1522 768 manus
1539 726 1631 784 ejus
1647 755 1659 780 ‚
1682 737 1732 769 ut
1748 742 1854 773 non·

457 785 725 830 discedamus
746 787 801 829 ab
823 802 889 830 eo.
915 788 1110 833 Christus
1130 791 1245 834 enim
1269 801 1384 836 totus
1403 808 1504 836 cum
1526 794 1731 838 memhris
1751 786 1856 842 suis

456 865 546 909 est,
582 864 760 914 propter
781 857 1041 912 Ecclesiam,
1070 875 1169 918 quae
1197 871 1260 905 est
1281 877 1438 921 corpus
1463 865 1577 922 ejus,
1609 863 1858 924 plenitudo

457 927 565 984 ejus.
596 927 705 969 Cum
735 940 835 982 ergo
857 927 904 969 fit
927 942 1055 986 super
1078 943 1178 972 eum
1206 945 1359 975 manus
1385 933 1486 986 Dei,
1512 943 1671 978 utnon
1699 934 1837 979 disce-

457 995 611 1039 damus
628 1010 650 1037 a
670 998 758 1038 Deo
777 1030 788 1052 ,
812 994 866 1039 ad
890 1011 967 1040 nos
988 999 1139 1057 utique
1161 1001 1358 1058 pervenit
1375 1017 1483 1061 opus
1503 1003 1578 1046 Dei
1604 1023 1612 1048 :
1639 1005 1754 1061 (hoc
1776 1014 1838 1051 est
1856 1009 1861 1043 ’τ

458 1066 572 1108 enim
593 1080 746 1108 manus
764 1067 841 1108 Dei
865 1069 905 1123 z)
929 1083 1017 1125 quo
1040 1083 1169 1126 opere
1193 1071 1268 1113 Dei
1295 1071 1344 1115 fit
1366 1081 1415 1115 ut
1437 1073 1567 1116 simus
1596 1073 1641 1116 in
1663 1074 1836 1132 Christo
1857 1077 1859 1084 ¹

456 1144 757 1193 permanentes
784 1150 883 1178 cum
912 1138 1024 1194 Deo,
1049 1153 1137 1181 non
1168 1139 1279 1183 sicut
1306 1141 1350 1183 in
1377 1140 1541 1196 Adam,
1567 1141 1836 1190 discedentes

454 1219 478 1248 a
496 1207 598 1248 Deo.
622 1207 671 1246 In
688 1205 860 1248 Christo
882 1207 997 1248 enim
1017 1217 1176 1250 sortem
1194 1210 1416 1253 consecuti
1433 1225 1597 1266 sumu8,
1612 1212 1835 1271 praedesti-

455 1274 545 1317 nati
580 1274 819 1316 secundum
854 1276 1121 1333 propositum
1157 1278 1247 1335 ejus
1275 1279 1352 1338 qui
1382 1280 1579 1324 universa
1612 1293 1831 1340 operatur.
1858 1293 1863 1332 ξ

453 1345 608 1387 Manus
631 1343 760 1399 igitur
779 1343 854 1386 Dei
876 1353 938 1387 est
956 1345 1056 1400 ista,
1082 1361 1170 1390 non
1194 1357 1359 1403 nostra,
1382 1358 1430 1393 ut
1447 1365 1536 1394 non
1563 1350 1835 1398 discedamus
1859 1362 1863 1413 ζ

452 1429 475 1456 a
511 1416 613 1457 Deo.
640 1415 817 1467 Manus,
842 1413 1044 1473 inquam,
1082 1417 1173 1475 ejus
1201 1427 1265 1461 est
1286 1419 1390 1474 ista,
1421 1421 1497 1478 qui
1531 1420 1637 1465 dixit
1670 1441 1679 1466 ε
1715 1441 1735 1464 α
1762 1423 1834 1467 Ti·
1859 1432 1865 1471 ἶ

455 1501 473 1523 »
499 1496 664 1539 morem
696 1497 842 1526 meum
875 1482 991 1528 dabo
1016 1486 1060 1528 in
1083 1501 1156 1530 cor
1179 1501 1330 1531 eorum
1347 1523 1358 1544 ,
1385 1498 1433 1532 ut
1455 1505 1479 1533 a
1507 1504 1576 1534 me
1596 1506 1687 1536 non
1715 1507 1833 1538 rece-

452 1568 473 1592 »
498 1550 647 1595 dant2.
671 1569 691 1592 »
1208 1555 1216 1563 ⁰

508 1622 604 1664 XV.
641 1624 822 1680 Propter
843 1622 963 1681 quod
984 1633 1027 1667 et
1055 1627 1171 1683 posci
1193 1642 1216 1670 a
1246 1641 1289 1670 se
1316 1627 1481 1683 voluit,
1513 1644 1569 1672 ne
1592 1628 1832 1676 inferamur
1861 1676 1864 1682 ,

448 1692 493 1734 in
527 1692 807 1735 tentationem
837 1712 846 1736 :
878 1694 978 1751 quia
1002 1703 1045 1737 et
1077 1695 1110 1738 si
1135 1711 1224 1740 non
1248 1695 1500 1753 inferimur,
1538 1698 1659 1743 nulla
1692 1701 1747 1744 ab
1779 1715 1831 1747 eo

447 1761 612 1804 ratione
631 1760 905 1805 discedimus.
928 1763 1054 1815 Quod
1079 1774 1247 1823 poterat
1271 1767 1394 1811 nobis
1416 1777 1459 1811 et
1482 1784 1571 1813 non
1600 1771 1826 1816 orantibus
1864 1779 1866 1784 ’

446 1829 539 1873 dari
560 1849 568 1874 z
590 1831 664 1874 sed
683 1832 875 1875 oratione
893 1842 1039 1877 nostra
1055 1849 1132 1878 nos
1148 1835 1285 1880 voluit
1302 1836 1548 1893 admoneri,
1568 1855 1593 1883 a
1609 1855 1699 1899 quo
1716 1841 1826 1886 acci·
1864 1850 1867 1854 ’

444 1900 613 1959 piamus
627 1902 722 1945 haee
739 1903 963 1947 beneficia.
991 1907 1026 1947 A
1045 1921 1133 1964 quo
1146 1907 1262 1950 'enim
1276 1942 1287 1961 ,
1305 1908 1387 1952 nisi
1405 1910 1459 1953 ab
1476 1909 1550 1954 illo
1571 1911 1821 1970 accipimus,
1863 1910 1866 1951 J

441 1985 463 2013 a
484 1986 571 2029 quo
584 1972 750 2029 jussum
776 1981 838 2015 est
857 1982 906 2016 ut.
926 1977 1150 2032 petamus?
1174 1979 1350 2020 Prorsus
1367 1978 1412 2022 in
1438 1979 1516 2023 hac
1537 1995 1583 2023 re
1602 1996 1688 2024 non
1711 1997 1820 2041 ope·
1863 2019 1867 2043 7

440 2055 555 2084 rosas
577 2041 889 2098 disputationes
911 2054 1107 2102 expectet
1134 2045 1323 2090 Ecclesia
1355 2067 1364 2092 ;
1391 2050 1466 2093 sed
1489 2051 1686 2095 attendat
1711 2068 1824 2113 quo·
1864 2070 1868 2077 ·

438 2108 619 2152 tidianas
640 2111 853 2154 orationes
876 2128 984 2156 suas.
1006 2114 1138 2168 Orat,
1166 2125 1213 2160 ut
1230 2116 1446 2162 increduli
1463 2119 1644 2164 credant
1668 2139 1678 2165 2
1710 2125 1824 2168 Deus
1866 2120 1867 2171 J

437 2193 539 2237 ergo
563 2181 778 2224 convertit
802 2181 856 2224 ad
872 2182 1018 2226 fidem.
1039 2185 1144 2228 Orat
1158 2220 1168 2239 ,
1194 2196 1243 2230 ut
1264 2190 1489 2234 credentes
1510 2202 1786 2249 perseverent
1806 2208 1816 2238 ε
1864 2203 1870 2212 ·’

438 2251 551 2292 Deus
581 2264 681 2306 ergo
715 2249 846 2295 donat
881 2256 1243 2310 perseverantiam
1281 2273 1416 2318 usque
1452 2260 1497 2303 in
1529 2261 1676 2307 finem.
1713 2266 1816 2309 Hoec

439 2321 552 2362 Deus
574 2319 792 2364 facturum
815 2337 858 2364 se
880 2337 967 2365 esse
986 2325 1196 2381 praescivit
1217 2346 1225 2370 :
1254 2347 1272 2369 «
1299 2331 1394 2387 Ipsa
1417 2339 1481 2373 est
1498 2331 1823 2389 praedestinatio
1865 2332 1869 2353 ³

444 2405 465 2429 »
485 2398 733 2433 sanctorum
749 2425 760 2444 ,
789 2407 898 2449 qu-os
921 2392 1050 2451 elegit
1077 2397 1122 2437 in
1147 2396 1319 2442 Christo
1348 2408 1448 2442 ante
1471 2403 1822 2448 constitutionem
1867 2458 1869 2461 .

439 2476 458 2499 »
480 2459 654 2513 mundi,
680 2469 726 2503 ut
741 2471 881 2505 essent
895 2463 1030 2507 sancti
1048 2473 1090 2508 ct
1108 2466 1375 2512 immaculati
1398 2469 1443 2512 in
1467 2483 1705 2531 conspectu
1725 2476 1819 2534 ejus
1868 2514 1869 2518 ,

439 2545 458 2569 n
479 2528 525 2571 in
535 2529 760 2585 charitate,
779 2532 1090 2589 praedestinans
1104 2550 1176 2580 eos
1190 2537 1235 2581 in
1248 2538 1529 2598 adoptionem
1540 2541 1728 2589 filiorum
1743 2560 1822 2604 per
1865 2568 1867 2571 v

490 2618 495 2632 ¹
521 2611 597 2642 Psal.
616 2622 723 2651 mxxix,
746 2613 849 2645 1S.-
863 2622 873 2638 ²
892 2618 1009 2648 Jerem.
1030 2617 1211 2660 xxxu‚{.io.
