1821 3264
246 219 389 246 OPERIS
422 218 598 245 IMPERF.
634 216 798 244 CONTRA
830 215 1001 247 JULIAN.
1039 219 1120 245 LIB-
1158 220 1188 244 l.
1333 207 1415 245 179

26 291 124 341 :acta
149 284 403 337 constabat,
433 280 772 326 emendarentur
797 283 942 341 potius
959 318 969 338 ,
1001 297 1133 343 quam
1154 282 1417 341 punirentur

24 354 223 401 >examine
242 388 253 409 ,
288 353 416 399 molae
445 368 534 398 suae
565 352 786 411 dignitatis
815 353 1061 411 obstiterit,
1091 369 1171 399 nec
1200 354 1419 413 discepta-

29 425 140 476 ¹aioni
158 434 332 484 tempus
346 433 422 469 aut
440 423 585 469 locum
599 424 843 483 permiserit
855 425 1102 483 impetrare.
1123 425 1254 478 Quod
1269 434 1420 470 utrum

26 493 103 558 ,ille
119 493 175 539 ad
189 509 320 554 quem
338 495 558 549 scribitur,
578 502 667 538 tam
688 495 892 553 nequiter
907 492 1075 549 fecerit,
1093 511 1226 554 quam
1239 504 1421 540 testatur

27 567 109 614 'ista
129 565 326 611 laudatio
345 601 358 621 ‚
383 566 474 624 ipse
493 564 664 610 viderit.
690 567 777 610 Nos
802 574 949 610 tamen
976 566 1022 610 in
1046 575 1261 626 quantum
1288 566 1343 610 de
1371 581 1423 610 eo

28 636 184 685 melius
232 636 587 681 aestimaverimus
611 670 622 690 ‚
672 635 860 680 nominis
908 636 1024 680 illius
1064 636 1422 681 commemoratio

31 706 243 767 opusculo
282 723 377 751 meo
407 706 644 752 honorifice
677 706 837 751 inserta
871 705 1089 766 patefecit.
1121 709 1283 751 Verum
1311 706 1423 750 liber

27 774 103 833 'ille
122 776 178 822 de
199 786 384 837 patrono
401 793 479 822 suo
496 775 603 822 falsa
619 775 799 821 fortasse
815 777 1052 822 contineat.
1080 780 1216 822 Porro
1236 775 1425 821 fideliter

30 849 137 908 quid
160 849 344 908 scriptor
370 849 462 908 ejus
490 847 642 907 ‘cupiat
672 846 865 892 ostendit
901 866 909 892 :
941 847 1170 902 videlicet,
1201 857 1250 891 ut
1273 856 1425 892 contra

0 967 2 970 ,
30 917 268 977 rationem,
303 928 454 964 contra
476 919 608 962 fidem
627 953 638 972 ‚
671 927 823 962 contra
843 932 1020 962 omnem
1043 926 1281 961 morumet
1312 918 1424 976 dog-

29 997 198 1037 matum
225 989 498 1035 sanctitatem
520 1022 531 1043 ‚
572 989 614 1033 vi
645 987 736 1033 fera
767 997 811 1032 et
845 1003 959 1033 caeca
997 987 1256 1046 impotentia
1291 987 1426 1032 dimi-

32 1069 156 1108 cetur
177 1076 216 1104 .»

28 1159 35 1164 -
91 1133 383 1175 Auen-strutus.
426 1130 553 1174 Absit
584 1145 608 1173 a
634 1129 876 1174 christianis
914 1127 1204 1188 potestatibus
1240 1136 1425 1173 terrenae

32 1201 321 1260 Reipublicae,
342 1210 391 1245 ut
412 1200 468 1245 de
490 1201 670 1260 antiqua
700 1199 914 1245 catholica
944 1200 1032 1244 fide
1049 1200 1282 1254 dubitent,
1301 1208 1345 1244 et
1367 1200 1425 1243 ob

31 1271 116 1317 hoc
133 1272 509 1331 oppugnatoribus
538 1273 631 1331 ejus
652 1270 800 1315 locum
827 1281 869 1316 et
889 1279 1056 1329 tempus
1085 1270 1289 1314 examinis
1312 1285 1426 1328 prce·-

30 1343 160 1387 beant
186 1364 197 1401 3
222 1359 271 1388 ac
293 1359 382 1387 non
403 1344 545 1401 potius
576 1344 621 1385 in
654 1358 702 1386 ea
728 1344 834 1386 certi
856 1351 987 1402 atquc
1013 1340 1206 1396 fundati,
1238 1341 1422 1395 talibus,

13 1413 178 1473 ‘quales
216 1429 293 1459 vos
327 1413 455 1467 estis,
494 1412 676 1456 inimicis
721 1414 810 1471 ejus
845 1411 1117 1469 disciplinam
1151 1412 1424 1456 coercitionis

28 1483 272 1543 imponant.
312 1484 442 1537 Quod
480 1482 597 1526 enim
636 1491 811 1540 propter
849 1482 1093 1525 Donatistas
1131 1480 1298 1525 factum
1333 1490 1423 1535 est,

31 1570 181 1600 eorum
214 1555 539 1602 violentissimae
581 1554 720 1599 turbae
753 1554 844 1597 ficri
884 1556 1150 1612 coegerunt,
1177 1553 1427 1611 ignorantes

31 1626 138 1686 quid
165 1636 265 1670 ante
301 1627 355 1671 sit
390 1635 560 1684 gestum
581 1660 591 1679 ‚
625 1623 746 1684 quod
787 1625 846 1668 eis
885 1624 1033 1668 fuerat
1069 1623 1423 1668 ostendendum:

11 1696 180 1757 'quales
197 1712 273 1742 vos
306 1696 452 1741 turbas
482 1699 596 1740 Deus
626 1703 793 1739 avertat
827 1703 876 1739 ut
906 1694 1101 1739 habeatis
1126 1715 1138 1752 3
1165 1698 1252 1740 Deo
1277 1703 1424 1739 tamen

27 1769 219 1828 propitio
236 1783 327 1813 non
346 1766 532 1812 habetis.

88 1842 169 1884 XI.
203 1843 432 1885 Junmus.
467 1857 486 1880 «
521 1838 689 1891 Quibus
715 1838 844 1896 gestis
874 1836 989 1880 inter
1013 1836 1244 1881 voluminis
1265 1837 1426 1895 primas

19 1902 203 1971 partes,
243 1925 498 1970 progressus
533 1918 596 1953 est
635 1908 691 1953 ad
728 1907 1052 1952 distinctionem
1089 1908 1342 1967 nuptiarum
1384 1915 1428 1950 et

32 1982 402 2042 concupiscentiae
418 2015 428 2035 ‚
450 1980 561 2024 sicut
578 1978 722 2023 fuerat
739 1978 856 2022 tituli
875 1978 1155 2037 inscriptione
1173 1977 1390 2036 pollicitus
1414 1995 1422 2020 :

32 2052 242 2113 deditque
257 2061 351 2097 toto
365 2052 570 2110 deinceps
588 2065 718 2109 opere
735 2049 1053 2094 documentum
1075 2049 1175 2093 artis
1193 2058 1237 2093 et
1257 2048 1428 2092 virtutis

33 2138 139 2168 suae.
174 2125 293 2168 Inter
324 2122 601 2179 negationem
623 2121 741 2164 enim
770 2120 1068 2164 confessorum
1098 2128 1142 2163 et
1169 2127 1429 2177 negatorum

35 2194 350 2240 contessionem
362 2192 516 2236 ultima
531 2191 782 2236 necessitate
796 2200 994 2247 vexatus,
1010 2191 1119 2251 quid
1133 2205 1428 2235 aerumnarum

35 2273 257 2324 pateretur
279 2263 400 2308 foeda
423 2263 684 2308 conscientia
707 2262 961 2321 publicavit.
995 2280 1015 2303 »

95 2339 387 2382 Auamma-us.
428 2334 683 2381 Conviciare
715 2342 932 2394 quantum
970 2341 1093 2392 potes
1129 2351 1138 2377 ε
1179 2332 1278 2392 quis
1314 2331 1431 2376 enim

38 2409 307 2459 conviciosus
328 2408 412 2452 hoc
433 2422 524 2452 non
542 2414 686 2466 potest
706 2408 725 2450 Ρ

95 2482 197 2526 XII.
233 2482 461 2525 Jumnus.
487 2497 508 2520 «
533 2477 674 2523 Priori
691 2491 793 2535 ergo
817 2478 940 2535 operi
961 2484 1150 2534 quatuor
1175 2472 1334 2518 libellis
1351 2488 1400 2516 ea
1419 2506 1429 2526 ‚

39 2564 169 2610 quam
194 2548 488 2610 suppeditavit
510 2549 668 2594 veritas
684 2582 696 2603 ,
723 2545 936 2593 facultate
962 2544 1165 2605 respondi
1194 2563 1201 2589 :
1228 2542 1435 2603 praetatus
1467 2557 1476 2565 ·

1177 2617 1237 2654 12.
