1884 3285
454 267 536 306 400
894 281 926 305 s.
964 276 1194 305 Attonsnm
1226 276 1405 304 amseom

448 343 638 403 parvulis
667 343 787 388 aliud
817 343 1015 399 brevius,
1054 344 1225 400 exilius,
1264 344 1489 403 egentius,
1515 342 1760 403 quodlicet
1787 352 1835 388 tu

448 415 687 474 excogites,
721 424 867 460 tamen
904 431 1181 476 nequaquam
1210 415 1364 460 dixisse
1401 414 1659 474 Apostolum
1695 415 1833 459 confi-

449 486 564 530 teris.
590 504 610 527 »

506 560 799 603 Arors'rmis.
825 558 1062 617 Relegatur
1094 558 1213 618 quod
1248 557 1327 602 tibi
1365 572 1620 616 responsum
1661 565 1748 611 est,
1787 565 1835 601 ut

445 627 717 687 intelligatur
749 638 792 673 te
822 628 931 672 nihil
961 628 1129 683 dicere,
1155 638 1198 672 et
1226 638 1370 672 tamen
1397 638 1537 672 tacere
1574 643 1661 672 non
1683 642 1831 686 posse,
1876 658 1879 681 3

445 698 578 744 homo
592 699 805 758 linguose.
833 701 978 744 Gratia
1002 715 1052 743 ex
1076 700 1223 744 multis
1252 699 1419 744 delictis
1451 699 1583 743 mittit
1605 699 1651 742 in
1677 698 1836 758 justiti·
1876 720 1880 750 ι

444 770 810 819 cationem1‚cum
833 769 998 814 salvum
1018 769 1123 814 facit
1144 773 1266 814 Jesus
1276 769 1490 829 populum
1503 784 1630 813 suum
1644 785 1665 812 a
1684 783 1835 827 pecca—

443 841 497 884 tis
519 856 685 885 eorum.
708 844 759 885 In
776 841 937 886 eisdem
956 842 1103 886 multis
1120 842 1286 886 invenit
1301 842 1429 885 etiam
1451 840 1618 898 singula
1641 838 1835 898 parvulo-

444 926 541 955 rum
574 930 583 956 ε
625 912 999 971 quemadmodum
1043 913 1209 957 etiamsi
1245 922 1419 972 peccata
1456 910 1678 969 originalia
1717 909 1836 954 nulla

443 991 608 1037 essent,
637 982 682 1025 in
702 982 863 1026 eisdem
894 982 1041 1026 multis
1076 983 1289 1027 inveniret
1321 997 1500 1042 peccare
1534 980 1834 1040 incipientium

442 1054 572 1097 etiam
606 1054 776 1112 singula
810 1053 1114 1112 grandiorum,
1146 1054 1307 1114 quibus
1340 1054 1394 1097 ad
1429 1053 1589 1098 Christi
1624 1052 1835 1111 baptisma

440 1124 717 1168 venientibus
752 1123 876 1167 nullo
919 1125 1049 1167 modo
1085 1124 1330 1178 diceretur,
1368 1126 1464 1168 Non
1499 1122 1676 1182 potestis
1705 1121 1837 1166 modo

441 1194 674 1253 baptizari,
711 1195 812 1253 quia
848 1194 1047 1238 nondum
1089 1195 1258 1238 habetis
1289 1193 1428 1238 multa
1467 1193 1652 1250 delicta,
1692 1194 1837 1237 Gratia

441 1264 558 1307 enim
593 1280 643 1308 ex
678 1264 827 1308 multis
861 1263 1029 1308 delictis
1063 1265 1195 1308 mittit
1232 1265 1277 1307 in
1295 1264 1662 1325 justificationem.
1689 1263 1836 1307 Veris-

440 1335 547 1378 sime
575 1335 740 1396 quippe
776 1335 1117 1394 responderent,
1145 1339 1195 1379 In
1231 1335 1513 1380 multitudine
1551 1334 1833 1388 dilectorum,

440 1421 490 1449 ex
515 1407 674 1466 quibus
697 1407 907 1467 justificat
935 1407 1092 1466 gratia,
1119 1407 1248 1450 etiam
1272 1416 1419 1452 nostra
1442 1406 1600 1451 delicta
1622 1415 1724 1450 sunt
1744 1407 1834 1449 sin-

439 1476 560 1534 gula,
586 1478 663 1521 ubi
686 1478 850 1522 habent
868 1478 1002 1537 aliqui
1022 1477 1163 1536 plura,
1189 1478 1323 1538 aliqui
1346 1479 1565 1538 pauciora,
1587 1493 1685 1537 quae
1706 1476 1836 1521 simul

439 1562 539 1591 cum
563 1548 745 1607 singulis
769 1549 924 1593 nostris
943 1547 1080 1592 multa
1103 1558 1203 1592 sunt
1226 1550 1385 1593 omnia.

498 1620 724 1664 CXXVII.
752 1623 980 1664 Jt'LlANKS.
1012 1638 1027 1657 «
1054 1620 1192 1678 Igitur
1214 1629 1257 1664 et
1279 1620 1519 1665 secundum
1544 1629 1602 1673 te,
1630 1620 1676 1663 in
1694 1617 1832 1677 adop-

439 1689 557 1733 tione
573 1689 752 1749 quidem
773 1705 850 1749 per
867 1704 1016 1734 omnes
1034 1699 1181 1736 aetates
1195 1692 1343 1749 gratiae
1357 1700 1420 1734 est
1434 1689 1611 1751 aequalis
1624 1690 1806 1734 effectus
1824 1708 1832 1733 ε

437 1759 484 1803 in
519 1761 772 1805 remissione
797 1777 900 1805 vero
929 1770 1208 1821 peccatorum
1236 1777 1324 1806 non
1348 1762 1393 1806 in
1428 1761 1630 1806 omnibus
1659 1770 1722 1805 est
1749 1776 1835 1805 una

439 1831 615 1876 taxatio.
646 1832 731 1876 Sed
752 1832 821 1891 egi
846 1832 1053 1876 hactenus
1078 1847 1205 1891 parcc
1228 1832 1354 1876 nimis
1377 1842 1508 1892 atque
1531 1833 1744 1891 patienter
1764 1851 1773 1878 ;

497 1904 797 1948 Amvsmns.
839 1904 880 1947 Si
905 1912 989 1947 tam
1016 1903 1153 1947 multa
1186 1904 1375 1963 loqueris
1399 1919 1527 1963 parce
1546 1903 1751 1964 loquens,
1787 1913 1836 1948 ut
1881 1918 1884 1944 ;

436 1987 576 2017 unum
601 1989 749 2019 meum
772 1973 937 2017 librum
951 1977 983 2028 2,
1007 1989 1087 2018 nec
1117 1974 1257 2033 ipsum
1291 1983 1455 2029 totum,
1482 1975 1565 2019 tuis
1587 1984 1685 2019 octo
1714 1975 1834 2018 libris

435 2043 683 2104 insecteris3
716 2044 900 2089 nimium
938 2044 1115 2103 profusa
1145 2054 1188 2089 et
1221 2044 1443 2089 luxuriosa
1478 2055 1541 2090 est
1568 2046 1833 2105 parcimonia
1881 2031 1884 2074 <⁵

436 2124 526 2160 tua.
566 2116 650 2162 Sed
673 2117 709 2161 si
745 2117 957 2160 hactenus
995 2131 1123 2176 parce
1157 2116 1301 2174 egisti3
1326 2132 1460 2177 quare
1486 2118 1530 2161 in
1563 2127 1652 2162 tam
1686 2118 1835 2162 multis
1881 2120 1884 2167 Ῐ

431 2197 583 2231 contra
604 2189 838 2232 veritatem
856 2188 1045 2233 calmans
1056 2224 1069 2243 ,
1095 2188 1251 2232 animae
1275 2198 1361 2233 tuae
1379 2205 1465 2234 non
1489 2191 1745 2250 pepercisti?

491 2260 739 2303 CXXVIIIe
765 2261 995 2304 hminis.
1026 2278 1045 2301 «
1081 2260 1300 2304 Praemissa
1340 2260 1502 2304 scilicet
1539 2261 1833 2321 disputatione

430 2329 617 2388 probare
639 2338 903 2385 contentus,
937 2339 978 2373 te
1003 2345 1180 2389 quoque
1211 2331 1287 2389 qui
1318 2331 1443 2375 nobis
1475 2330 1731 2376 seditionem
1755 2348 1832 2392 per

429 2400 513 2444 hoc
535 2401 772 2445 maximam
797 2400 1070 2455 concitabas,
1097 2399 1239 2444 dicere
1264 2402 1523 2446 remissionis
1551 2413 1829 2461 peccatorum

429 2486 518 2515 non
542 2473 586 2517 in
611 2474 783 2519 cunctis
804 2489 937 2517 unam
961 2481 1159 2517 constare
1172 2473 1409 2530 rationem,
1437 2482 1486 2516 ut
1503 2475 1670 2519 etiamsi
1694 2491 1829 2519 unum

428 2541 512 2586 hoc
532 2544 730 2590 naturale
753 2554 987 2603 peccatum
1015 2543 1274 2602 persuadere
1292 2558 1452 2602 posseS,
1478 2553 1622 2588 tamen
1645 2545 1831 2605 liqueret

477 2622 486 2637 ¹
514 2616 628 2649 matth.
651 2630 675 2660 1,
702 2626 754 2649 12.
774 2633 817 2639 —
835 2623 846 2639 ²
867 2618 943 2650 Vide
967 2617 1024 2650 lib.
1044 2628 1065 2648 n
1086 2616 1126 2648 de
1151 2616 1276 2658 Nuptiis
1294 2620 1326 2648 et
1348 2617 1537 2658 Concupisc.
