1821 3264
553 275 886 304 AnnorArioNEs.
1325 269 1408 310 493

90 340 244 384 Isthaec
267 348 413 384 autem
434 340 581 385 civitas
607 340 828 400 quondam
854 340 967 386 clara
987 375 998 396 ,
1023 357 1140 388 nunc
1162 344 1296 389 ruinis
1324 346 1410 390 suis

30 410 197 471 sepulta
215 445 226 466 ,
251 411 440 471 antiquis
462 412 708 456 Eculanum
739 412 826 456 sive
848 412 1060 458 Eclanum
1087 414 1202 460 dicta
1224 425 1300 460 est.
1328 420 1410 461 Po-

30 483 109 528 sita
127 490 218 527 erat
246 482 291 527 in
309 483 498 542 Hirpinis
528 484 574 527 in
607 482 799 528 ulteriori
833 484 1093 544 principatU‚
1119 502 1142 531 a
1164 489 1411 533 Benevento

31 553 281 614 quindecim
303 554 494 598 millibus
509 553 686 608 distans,
711 570 856 599 versus
872 558 1184 602 Euro-notum.
1206 560 1316 604 Sunt
1336 560 1411 618 qui

28 634 185 686 putent
206 624 405 670 eamdem
427 635 574 685 postea
596 625 980 679 Quintodecimum
1007 629 1268 688 appellatam
1284 665 1295 686 ‚
1331 645 1412 675 nec

31 712 121 742 non
143 706 287 742 nostra
306 697 386 741 hac
409 696 615 741 memoria
637 697 726 756 ejus
758 698 925 742 rudaera
945 699 1144 758 quaedam
1170 715 1218 744 ac
1241 701 1415 759 parieti-

31 783 107 813 nas
128 783 263 828 prope
284 767 556 813 Mirabellam
588 768 792 827 conspici.
814 769 1080 828 Episcopalis
1109 771 1230 814 sedes
1252 770 1416 815 Eclano

31 842 349 900 Frequentum‚
376 838 524 884 Italice
544 839 751 897 Frigento
765 855 839 884 seu
853 841 1071 897 Fricento,
1098 841 1299 885 translata
1315 841 1413 886 fuit.

31 914 330 970 Frequentum
366 925 468 954 vero
501 910 634 956 Nonis
678 910 799 954 Maiis
843 911 944 954 anni
982 927 1109 970 supra
1143 912 1415 956 millesimum

32 978 427 1038 quadragentesimi
450 980 699 1038 sexagesimi
732 979 875 1039 quinti
903 989 978 1024 aut
1003 982 1111 1025 sexti
1143 981 1420 1026 Abellancnsi

33 1049 300 1108 episcopatui
352 1050 635 1109 conjunctum
680 1059 756 1093 est.
806 1050 1044 1109 Regionem
1090 1051 1201 1095 hanc
1245 1052 1422 1095 tradunt

34 1118 256 1179 quondam
281 1119 449 1179 Apuliae
471 1120 682 1166 limitibus
705 1122 1058 1180 comprehensam
1083 1120 1213 1166 fuisse
1233 1157 1243 1176 ‚
1262 1131 1423 1167 atvero

35 1191 286 1250 Campaniae
306 1192 531 1236 accessisse
545 1193 634 1251 jam
661 1190 763 1235 inde
787 1191 841 1235 ab
865 1190 1043 1236 Adriani
1066 1192 1345 1251 temporibus.

96 1262 353 1307 Parentibus
369 1263 607 1307 demortuis
623 1298 633 1317 ‚
654 1262 804 1322 (quod
823 1278 1013 1322 quonam
1035 1278 1149 1307 anno
1172 1264 1422 1322 contigerit,

38 1333 231 1381 invenire
254 1334 451 1393 nuspiam
470 1333 570 1385 fuit,
597 1331 828 1391 >Julianus
856 1333 1043 1377 duarum
1065 1349 1259 1378 sororum
1277 1349 1426 1378 curam

37 1419 139 1448 cum
167 1404 447 1462 suscepisset,
473 1418 524 1447 eo
557 1418 737 1447 munere
769 1419 849 1448 nec
878 1403 959 1447 sibi
986 1418 1065 1447 nec
1085 1403 1168 1448 illis
1190 1404 1427 1449 honorifice

40 1473 293 1533 perfunctus
315 1483 393 1518 est.
428 1472 665 1519 Novimus
682 1509 696 1528 ,
721 1474 951 1530 novimus,
974 1473 1033 1518 ait
1049 1477 1288 1529 Mercator,
1315 1472 1434 1532 quid

41 1543 128 1589 tibi
148 1561 246 1589 ιιηίι
268 1559 452 1599 earum,
470 1558 578 1588 cum
597 1553 645 1587 m
667 1545 806 1587 nimis
833 1560 1022 1588 severus
1045 1544 1092 1588 in
1114 1545 1215 1607 ejus
1238 1545 1429 1588 ruinam

36 1614 235 1675 pudoris
249 1617 535 1676 insurgereS,
547 1614 792 1677 objecerit,
807 1613 886 1659 vel
893 1613 1432 1673 erprobrcwem't;atque

42 1696 89 1730 tu
122 1696 277 1731 mutas
305 1684 432 1729 illico
470 1700 566 1729 non
603 1701 749 1728 ausus
788 1700 837 1728 es
874 1684 1068 1728 ulterius
1095 1701 1308 1729 censurae
1342 1694 1432 1728 tua!

6 1802 20 1808 ,
43 1757 168 1802 ullas
197 1755 354 1802 dolon·
387 1755 488 1817 ejus
522 1757 702 1816 inferre
721 1754 979 1800 molestias.
1000 1758 1166 1814 Nempe
1201 1755 1303 1799 fidei
1333 1771 1427 1799 cor-

44 1829 292 1888 ruptionem
327 1827 536 1872 continuo
561 1842 732 1870 morum
750 1861 760 1881 ‚
789 1835 836 1870 ut
863 1825 971 1878 solet
992 1861 1002 1880 ,
1028 1826 1071 1869 in
1091 1825 1265 1869 Juliano
1288 1835 1432 1869 secuta

45 1900 269 1959 corruptio
286 1907 364 1942 est.

104 1973 202 2023 Quo
241 1969 314 2012 ille
348 1978 543 2027 tempore
575 1968 693 2011 virus
727 1965 968 2024 Pelagianae
1010 1965 1222 2009 haereseos
1255 1980 1431 2024 surgere

49 2041 248 2100 coeperit,
266 2039 443 2083 minime
460 2045 748 2096 compertum.
770 2036 887 2079 Beda
909 2035 1088 2080 doctum
1106 2051 1206 2079 eum
1222 2051 1245 2079 a
1264 2035 1436 2093 Pelagio

45 2109 300 2170 puerulum
318 2109 461 2154 adhuc
477 2143 487 2163 ,
511 2118 554 2152 et
584 2108 639 2151 ab
670 2108 762 2166 ipso
796 2106 939 2164 quasi
959 2106 1007 2149 in
1024 2121 1234 2150 caverna
1255 2103 1442 2149 colubri

51 2180 290 2243 regulam,
314 2195 415 2224 cum
438 2194 552 2223 anno
580 2177 740 2223 Christi
769 2181 869 2220 415.
897 2175 1091 2235 dialogos
1108 2191 1207 2220 suos
1235 2174 1440 2220 adversus

53 2253 304 2311 Pelagianos
318 2251 610 2307 Hieronymus
628 2249 801 2302 edebat,
827 2247 1041 2291 nutritum
1062 2262 1151 2290 esse
1174 2246 1336 2290 scribit.
1357 2243 1440 2289 Sed

52 2324 146 2368 haec
184 2322 313 2367 Bedae
347 2323 481 2366 verba
516 2321 549 2364 si
582 2334 724 2378 presse
753 2327 884 2377 atque
917 2318 971 2361 ad
1002 2317 1140 2376 apices
1174 2316 1437 2375 exposueris,

52 2395 180 2452 plane
204 2392 310 2437 falsa
333 2392 544 2451 reperies:
572 2388 787 2449 siquidem
815 2387 955 2432 multo
973 2397 1073 2431 ante
1098 2401 1260 2430 annum
1282 2384 1442 2430 Christi

57 2469 156 2508 415.
171 2464 370 2507 Julianus
387 2461 583 2521 pueritiae
602 2474 738 2504 annos
758 2468 1016 2513 excesserat3
1042 2472 1184 2515 neque
1201 2456 1287 2500 veri
1306 2454 1442 2499 simile

57 2543 121 2578 est
142 2533 349 2587 eum,nisi
366 2531 476 2576 forte
498 2532 613 2574 idem
632 2530 722 2588 ipse
741 2529 793 2572 sit
822 2527 897 2586 qui
919 2527 1110 2570 Anianus
1134 2524 1442 2584 pseudodiaco-
1462 2559 1469 2566 .

60 2620 141 2649 nus
162 2603 409 2649 Celedensis
428 2602 481 2645 ab
507 2601 773 2656 Hieronymo
805 2606 983 2642 vocatur
1001 2630 1011 2650 ‚
1038 2605 1142 2640 tunc
1171 2594 1375 2654 temporis
1400 2595 1443 2637 in
