<?xml version="1.0" encoding="UTF-8"?>
<!DOCTYPE html PUBLIC "-//W3C//DTD XHTML 1.0 Transitional//EN"
    "http://www.w3.org/TR/xhtml1/DTD/xhtml1-transitional.dtd">
<html xmlns="http://www.w3.org/1999/xhtml" xml:lang="en" lang="en">
 <head>
  <title>
</title>
<meta http-equiv="Content-Type" content="text/html;charset=utf-8" />
  <meta name='ocr-system' content='tesseract 3.04.00' />
  <meta name='ocr-capabilities' content='ocr_page ocr_carea ocr_par ocr_line ocrx_word'/>
</head>
<body>
  <div class='ocr_page' id='page_1' title='image "./operaomniaaccura36auguuoft/operaomniaaccura36auguuoft_0607.png"; bbox 0 0 1821 3264; ppageno 0'>
   <div class='ocr_carea' id='block_1_1' title="bbox 54 334 1432 358">
    <p class='ocr_par' dir='ltr' id='par_1_1' title="bbox 54 334 1432 358">
     <span class='ocr_line' id='line_1_1' title="bbox 54 334 1432 358; baseline 0.003 -4"><span class='ocrx_word' id='word_1_1' title='bbox 54 337 121 354; x_wconf 67' lang='lat' dir='ltr'><strong>MM</strong></span> <span class='ocrx_word' id='word_1_2' title='bbox 125 334 335 353; x_wconf 63' lang='lat' dir='ltr'><strong>mmm</strong></span> <span class='ocrx_word' id='word_1_3' title='bbox 339 334 691 352; x_wconf 63' lang='lat' dir='ltr'><strong>mmmmm</strong></span> <span class='ocrx_word' id='word_1_4' title='bbox 695 335 1432 358; x_wconf 61' lang='lat' dir='ltr'><strong>mmmmmwummmmmwmwuw</strong></span> 
     </span>
    </p>
   </div>
   <div class='ocr_carea' id='block_1_2' title="bbox 568 506 934 593">
    <p class='ocr_par' dir='ltr' id='par_1_2' title="bbox 568 506 934 593">
     <span class='ocr_line' id='line_1_2' title="bbox 568 506 934 593; baseline 0.008 -3"><span class='ocrx_word' id='word_1_5' title='bbox 568 506 934 593; x_wconf 86' lang='lat' dir='ltr'>INDEX</span> 
     </span>
    </p>
   </div>
   <div class='ocr_carea' id='block_1_3' title="bbox 61 728 1436 789">
    <p class='ocr_par' dir='ltr' id='par_1_3' title="bbox 61 728 1436 789">
     <span class='ocr_line' id='line_1_3' title="bbox 61 728 1436 789; baseline 0.001 -13"><span class='ocrx_word' id='word_1_6' title='bbox 61 730 229 776; x_wconf 79' lang='lat' dir='ltr'>TOMI</span> <span class='ocrx_word' id='word_1_7' title='bbox 262 729 621 775; x_wconf 83' lang='lat' dir='ltr'><strong>CENTESIMI</strong></span> <span class='ocrx_word' id='word_1_8' title='bbox 657 728 1436 789; x_wconf 75' lang='lat' dir='ltr'><strong>QUADRAGESIMI-TERTH.</strong></span> 
     </span>
    </p>
   </div>
   <div class='ocr_carea' id='block_1_4' title="bbox 48 1079 1320 2574">
    <p class='ocr_par' dir='ltr' id='par_1_4' title="bbox 48 1079 1320 2574">
     <span class='ocr_line' id='line_1_4' title="bbox 48 1079 1314 1125; baseline -0.003 -6"><span class='ocrx_word' id='word_1_9' title='bbox 48 1086 99 1119; x_wconf 88' lang='lat' dir='ltr'><strong>DE</strong></span> <span class='ocrx_word' id='word_1_10' title='bbox 123 1082 407 1117; x_wconf 84' lang='lat' dir='ltr'><strong>CORREPTIONE</strong></span> <span class='ocrx_word' id='word_1_11' title='bbox 425 1083 474 1115; x_wconf 85' lang='lat' dir='ltr'><strong>ET</strong></span> <span class='ocrx_word' id='word_1_12' title='bbox 492 1082 661 1122; x_wconf 76' lang='lat' dir='ltr'>GRATIA,</span> <span class='ocrx_word' id='word_1_13' title='bbox 683 1090 773 1115; x_wconf 67' lang='lat' dir='ltr'><strong>mmm</strong></span> <span class='ocrx_word' id='word_1_14' title='bbox 789 1081 815 1113; x_wconf 83' lang='grc' dir='ltr'><strong>Ι.</strong></span> <span class='ocrx_word' id='word_1_15' title='bbox 837 1097 878 1104; x_wconf 89' lang='grc'>-</span> <span class='ocrx_word' id='word_1_16' title='bbox 899 1079 1062 1124; x_wconf 82' lang='lat' dir='ltr'><strong>Principio</strong></span> <span class='ocrx_word' id='word_1_17' title='bbox 1077 1080 1157 1114; x_wconf 89' lang='lat' dir='ltr'><strong>dicit</strong></span> <span class='ocrx_word' id='word_1_18' title='bbox 1172 1091 1314 1125; x_wconf 82' lang='lat' dir='ltr'><strong>quaenam</strong></span> 
     </span>
     <span class='ocr_line' id='line_1_5' title="bbox 98 1135 1313 1179; baseline -0.002 -7"><span class='ocrx_word' id='word_1_19' title='bbox 98 1139 138 1172; x_wconf 87' lang='lat' dir='ltr'><strong>sit</strong></span> <span class='ocrx_word' id='word_1_20' title='bbox 156 1137 316 1172; x_wconf 87' lang='lat' dir='ltr'><strong>catholica</strong></span> <span class='ocrx_word' id='word_1_21' title='bbox 333 1136 411 1170; x_wconf 85' lang='lat' dir='ltr'><strong>fides</strong></span> <span class='ocrx_word' id='word_1_22' title='bbox 435 1137 478 1170; x_wconf 89' lang='lat' dir='ltr'><strong>de</strong></span> <span class='ocrx_word' id='word_1_23' title='bbox 496 1137 565 1179; x_wconf 86' lang='lat' dir='ltr'><strong>lege</strong></span> <span class='ocrx_word' id='word_1_24' title='bbox 579 1162 589 1179; x_wconf 90' lang='lat'>‚</span> <span class='ocrx_word' id='word_1_25' title='bbox 607 1137 648 1170; x_wconf 87' lang='lat' dir='ltr'><strong>de</strong></span> <span class='ocrx_word' id='word_1_26' title='bbox 664 1136 765 1169; x_wconf 86' lang='lat' dir='ltr'><strong>libero</strong></span> <span class='ocrx_word' id='word_1_27' title='bbox 784 1135 916 1169; x_wconf 83' lang='lat' dir='ltr'><strong>arbitrio</strong></span> <span class='ocrx_word' id='word_1_28' title='bbox 934 1141 967 1168; x_wconf 90' lang='lat' dir='ltr'><strong>et</strong></span> <span class='ocrx_word' id='word_1_29' title='bbox 982 1136 1023 1168; x_wconf 90' lang='lat' dir='ltr'><strong>de</strong></span> <span class='ocrx_word' id='word_1_30' title='bbox 1043 1135 1155 1178; x_wconf 82' lang='lat' dir='ltr'><strong>gratia.</strong></span> <span class='ocrx_word' id='word_1_31' title='bbox 1175 1137 1313 1170; x_wconf 86' lang='lat' dir='ltr'><strong>Gratiam</strong></span> 
     </span>
     <span class='ocr_line' id='line_1_6' title="bbox 92 1190 1314 1236; baseline -0.002 -9"><span class='ocrx_word' id='word_1_32' title='bbox 92 1195 154 1228; x_wconf 90' lang='lat' dir='ltr'><strong>Dei</strong></span> <span class='ocrx_word' id='word_1_33' title='bbox 171 1204 230 1236; x_wconf 86' lang='lat' dir='ltr'><strong>per</strong></span> <span class='ocrx_word' id='word_1_34' title='bbox 251 1195 267 1226; x_wconf 88' lang='lat' dir='ltr'>J</span> <span class='ocrx_word' id='word_1_35' title='bbox 271 1203 360 1226; x_wconf 90' lang='lat' dir='ltr'><strong>esum</strong></span> <span class='ocrx_word' id='word_1_36' title='bbox 374 1192 535 1226; x_wconf 85' lang='lat' dir='ltr'><strong>Christum</strong></span> <span class='ocrx_word' id='word_1_37' title='bbox 560 1203 629 1225; x_wconf 87' lang='lat' dir='ltr'><strong>eam</strong></span> <span class='ocrx_word' id='word_1_38' title='bbox 644 1203 713 1226; x_wconf 85' lang='lat' dir='ltr'><strong>esse</strong></span> <span class='ocrx_word' id='word_1_39' title='bbox 727 1193 837 1233; x_wconf 92' lang='lat' dir='ltr'><strong>docet,</strong></span> <span class='ocrx_word' id='word_1_40' title='bbox 855 1201 916 1235; x_wconf 86' lang='lat' dir='ltr'><strong>qua</strong></span> <span class='ocrx_word' id='word_1_41' title='bbox 932 1191 999 1224; x_wconf 84' lang='lat' dir='ltr'><strong>sola</strong></span> <span class='ocrx_word' id='word_1_42' title='bbox 1015 1191 1160 1224; x_wconf 89' lang='lat' dir='ltr'><strong>homines</strong></span> <span class='ocrx_word' id='word_1_43' title='bbox 1173 1190 1314 1224; x_wconf 85' lang='lat' dir='ltr'><strong>liberan-</strong></span> 
     </span>
     <span class='ocr_line' id='line_1_7' title="bbox 97 1247 1315 1292; baseline -0.002 -8"><span class='ocrx_word' id='word_1_44' title='bbox 97 1256 150 1284; x_wconf 88' lang='lat' dir='ltr'><strong>tur</strong></span> <span class='ocrx_word' id='word_1_45' title='bbox 171 1262 190 1284; x_wconf 84' lang='lat' dir='ltr'><strong>a</strong></span> <span class='ocrx_word' id='word_1_46' title='bbox 208 1249 308 1291; x_wconf 87' lang='lat' dir='ltr'><strong>malo,</strong></span> <span class='ocrx_word' id='word_1_47' title='bbox 328 1254 362 1282; x_wconf 85' lang='lat' dir='ltr'><strong>et</strong></span> <span class='ocrx_word' id='word_1_48' title='bbox 381 1249 448 1282; x_wconf 85' lang='lat' dir='ltr'><strong>sine</strong></span> <span class='ocrx_word' id='word_1_49' title='bbox 470 1259 532 1292; x_wconf 86' lang='lat' dir='ltr'><strong>qua</strong></span> <span class='ocrx_word' id='word_1_50' title='bbox 558 1248 675 1281; x_wconf 89' lang='lat' dir='ltr'><strong>nullum</strong></span> <span class='ocrx_word' id='word_1_51' title='bbox 697 1258 824 1291; x_wconf 87' lang='lat' dir='ltr'><strong>prorsus</strong></span> <span class='ocrx_word' id='word_1_52' title='bbox 846 1247 969 1280; x_wconf 87' lang='lat' dir='ltr'><strong>faciunt</strong></span> <span class='ocrx_word' id='word_1_53' title='bbox 984 1247 1117 1290; x_wconf 86' lang='lat' dir='ltr'><strong>bonum,</strong></span> <span class='ocrx_word' id='word_1_54' title='bbox 1134 1258 1199 1280; x_wconf 89' lang='lat' dir='ltr'><strong>non</strong></span> <span class='ocrx_word' id='word_1_55' title='bbox 1215 1247 1315 1281; x_wconf 86' lang='lat' dir='ltr'><strong>solum</strong></span> 
     </span>
     <span class='ocr_line' id='line_1_8' title="bbox 98 1303 1316 1348; baseline -0.003 -8"><span class='ocrx_word' id='word_1_56' title='bbox 98 1309 296 1340; x_wconf 81' lang='lat' dir='ltr'><strong>monstrante</strong></span> <span class='ocrx_word' id='word_1_57' title='bbox 313 1305 382 1348; x_wconf 83' lang='lat' dir='ltr'><strong>ipsa</strong></span> <span class='ocrx_word' id='word_1_58' title='bbox 403 1304 479 1348; x_wconf 88' lang='lat' dir='ltr'><strong>quid</strong></span> <span class='ocrx_word' id='word_1_59' title='bbox 494 1304 679 1337; x_wconf 84' lang='lat' dir='ltr'><strong>faciendum</strong></span> <span class='ocrx_word' id='word_1_60' title='bbox 699 1303 752 1342; x_wconf 88' lang='lat' dir='ltr'><strong>sit,</strong></span> <span class='ocrx_word' id='word_1_61' title='bbox 770 1303 825 1337; x_wconf 85' lang='lat' dir='ltr'><strong>sed</strong></span> <span class='ocrx_word' id='word_1_62' title='bbox 843 1303 941 1336; x_wconf 83' lang='lat' dir='ltr'><strong>etiam</strong></span> <span class='ocrx_word' id='word_1_63' title='bbox 957 1306 1130 1346; x_wconf 71' lang='lat' dir='ltr'><strong>praestante</strong></span> <span class='ocrx_word' id='word_1_64' title='bbox 1146 1303 1214 1345; x_wconf 85' lang='lat' dir='ltr'><strong>ipsa</strong></span> <span class='ocrx_word' id='word_1_65' title='bbox 1231 1308 1267 1336; x_wconf 90' lang='lat' dir='ltr'><strong>ut</strong></span> <span class='ocrx_word' id='word_1_66' title='bbox 1283 1303 1316 1336; x_wconf 93' lang='lat' dir='ltr'><strong>id</strong></span> 
     </span>
     <span class='ocr_line' id='line_1_9' title="bbox 95 1357 1315 1401; baseline -0.005 -6"><span class='ocrx_word' id='word_1_67' title='bbox 95 1372 169 1395; x_wconf 87' lang='lat' dir='ltr'><strong>cum</strong></span> <span class='ocrx_word' id='word_1_68' title='bbox 187 1360 363 1394; x_wconf 83' lang='lat' dir='ltr'><strong>dilectione</strong></span> <span class='ocrx_word' id='word_1_69' title='bbox 380 1360 517 1400; x_wconf 87' lang='lat' dir='ltr'><strong>faciant,</strong></span> <span class='ocrx_word' id='word_1_70' title='bbox 534 1370 607 1393; x_wconf 88' lang='lat' dir='ltr'><strong>cum</strong></span> <span class='ocrx_word' id='word_1_71' title='bbox 625 1359 662 1391; x_wconf 87' lang='lat' dir='ltr'><strong>iis</strong></span> <span class='ocrx_word' id='word_1_72' title='bbox 679 1362 762 1391; x_wconf 89' lang='lat' dir='ltr'><strong>Deus</strong></span> <span class='ocrx_word' id='word_1_73' title='bbox 779 1358 1018 1401; x_wconf 83' lang='lat' dir='ltr'><strong>inspirationem</strong></span> <span class='ocrx_word' id='word_1_74' title='bbox 1036 1357 1127 1390; x_wconf 86' lang='lat' dir='ltr'><strong>bonae</strong></span> <span class='ocrx_word' id='word_1_75' title='bbox 1143 1357 1315 1391; x_wconf 86' lang='lat' dir='ltr'><strong>voluntatis</strong></span> 
     </span>
     <span class='ocr_line' id='line_1_10' title="bbox 95 1413 1318 1460; baseline -0.002 -10"><span class='ocrx_word' id='word_1_76' title='bbox 95 1421 194 1460; x_wconf 88' lang='lat' dir='ltr'><strong>atque</strong></span> <span class='ocrx_word' id='word_1_77' title='bbox 209 1417 316 1460; x_wconf 87' lang='lat' dir='ltr'><strong>operis</strong></span> <span class='ocrx_word' id='word_1_78' title='bbox 332 1415 500 1458; x_wconf 76' lang='lat' dir='ltr'><strong>largiatur.</strong></span> <span class='ocrx_word' id='word_1_79' title='bbox 526 1416 773 1459; x_wconf 87' lang='lat' dir='ltr'><strong>Correptionem</strong></span> <span class='ocrx_word' id='word_1_80' title='bbox 793 1416 956 1448; x_wconf 87' lang='lat' dir='ltr'><strong>hominum</strong></span> <span class='ocrx_word' id='word_1_81' title='bbox 977 1413 1146 1456; x_wconf 79' lang='lat' dir='ltr'><strong>malorum,</strong></span> <span class='ocrx_word' id='word_1_82' title='bbox 1164 1414 1219 1457; x_wconf 91' lang='lat' dir='ltr'><strong>qui</strong></span> <span class='ocrx_word' id='word_1_83' title='bbox 1233 1414 1318 1448; x_wconf 90' lang='lat' dir='ltr'><strong>hane</strong></span> 
     </span>
     <span class='ocr_line' id='line_1_11' title="bbox 98 1470 1320 1516; baseline -0.002 -10"><span class='ocrx_word' id='word_1_84' title='bbox 98 1473 234 1516; x_wconf 74' lang='lat' dir='ltr'><strong>gratiam</strong></span> <span class='ocrx_word' id='word_1_85' title='bbox 251 1483 316 1505; x_wconf 90' lang='lat' dir='ltr'><strong>non</strong></span> <span class='ocrx_word' id='word_1_86' title='bbox 331 1477 545 1515; x_wconf 85' lang='lat' dir='ltr'><strong>acceperunt,</strong></span> <span class='ocrx_word' id='word_1_87' title='bbox 559 1482 622 1505; x_wconf 91' lang='lat' dir='ltr'><strong>nec</strong></span> <span class='ocrx_word' id='word_1_88' title='bbox 639 1472 793 1513; x_wconf 83' lang='lat' dir='ltr'><strong>injustam</strong></span> <span class='ocrx_word' id='word_1_89' title='bbox 808 1481 892 1514; x_wconf 90' lang='lat' dir='ltr'><strong>esse,</strong></span> <span class='ocrx_word' id='word_1_90' title='bbox 904 1481 978 1504; x_wconf 88' lang='lat' dir='ltr'><strong>cum</strong></span> <span class='ocrx_word' id='word_1_91' title='bbox 995 1480 1050 1503; x_wconf 90' lang='lat' dir='ltr'><strong>sua</strong></span> <span class='ocrx_word' id='word_1_92' title='bbox 1065 1470 1232 1504; x_wconf 85' lang='lat' dir='ltr'><strong>voluntate</strong></span> <span class='ocrx_word' id='word_1_93' title='bbox 1245 1470 1320 1503; x_wconf 88' lang='lat' dir='ltr'><strong>mali</strong></span> 
     </span>
     <span class='ocr_line' id='line_1_12' title="bbox 92 1525 1319 1570; baseline -0.003 -8"><span class='ocrx_word' id='word_1_94' title='bbox 92 1530 155 1562; x_wconf 81' lang='lat' dir='ltr'><strong>sint</strong></span> <span class='ocrx_word' id='word_1_95' title='bbox 173 1539 185 1569; x_wconf 82' lang='lat'>3</span> <span class='ocrx_word' id='word_1_96' title='bbox 203 1539 265 1561; x_wconf 88' lang='lat' dir='ltr'><strong>nec</strong></span> <span class='ocrx_word' id='word_1_97' title='bbox 286 1528 445 1570; x_wconf 85' lang='lat' dir='ltr'><strong>inutilem,</strong></span> <span class='ocrx_word' id='word_1_98' title='bbox 462 1528 598 1561; x_wconf 71' lang='lat' dir='ltr'><strong>tametsi</strong></span> <span class='ocrx_word' id='word_1_99' title='bbox 612 1527 779 1560; x_wconf 78' lang='lat' dir='ltr'><strong>fatendum</strong></span> <span class='ocrx_word' id='word_1_100' title='bbox 798 1531 848 1560; x_wconf 91' lang='lat' dir='ltr'><strong>est</strong></span> <span class='ocrx_word' id='word_1_101' title='bbox 866 1526 990 1559; x_wconf 88' lang='lat' dir='ltr'><strong>nonnisi</strong></span> <span class='ocrx_word' id='word_1_102' title='bbox 1004 1536 1063 1569; x_wconf 87' lang='lat' dir='ltr'><strong>per</strong></span> <span class='ocrx_word' id='word_1_103' title='bbox 1082 1528 1182 1559; x_wconf 88' lang='lat' dir='ltr'><strong>Deum</strong></span> <span class='ocrx_word' id='word_1_104' title='bbox 1198 1525 1319 1558; x_wconf 85' lang='lat' dir='ltr'><strong>fierint</strong></span> 
     </span>
     <span class='ocr_line' id='line_1_13' title="bbox 99 1581 1317 1627; baseline -0.002 -11"><span class='ocrx_word' id='word_1_105' title='bbox 99 1584 212 1627; x_wconf 84' lang='lat' dir='ltr'><strong>prosit.</strong></span> <span class='ocrx_word' id='word_1_106' title='bbox 242 1583 525 1616; x_wconf 78' lang='lat' dir='ltr'><strong>Perseverantiam</strong></span> <span class='ocrx_word' id='word_1_107' title='bbox 546 1583 578 1614; x_wconf 92' lang='lat' dir='ltr'><strong>in</strong></span> <span class='ocrx_word' id='word_1_108' title='bbox 604 1582 691 1614; x_wconf 90' lang='lat' dir='ltr'><strong>bono</strong></span> <span class='ocrx_word' id='word_1_109' title='bbox 709 1592 858 1624; x_wconf 83' lang='lat' dir='ltr'><strong>magnum</strong></span> <span class='ocrx_word' id='word_1_110' title='bbox 874 1592 988 1614; x_wconf 84' lang='lat' dir='ltr'><strong>revera</strong></span> <span class='ocrx_word' id='word_1_111' title='bbox 1018 1591 1087 1614; x_wconf 87' lang='lat' dir='ltr'><strong>esse</strong></span> <span class='ocrx_word' id='word_1_112' title='bbox 1104 1581 1163 1613; x_wconf 91' lang='lat' dir='ltr'><strong>Dei</strong></span> <span class='ocrx_word' id='word_1_113' title='bbox 1184 1591 1317 1613; x_wconf 84' lang='lat' dir='ltr'><strong>munus:</strong></span> 
     </span>
     <span class='ocr_line' id='line_1_14' title="bbox 97 1636 1317 1680; baseline -0.002 -10"><span class='ocrx_word' id='word_1_114' title='bbox 97 1649 159 1673; x_wconf 89' lang='lat' dir='ltr'><strong>nec</strong></span> <span class='ocrx_word' id='word_1_115' title='bbox 177 1643 288 1672; x_wconf 86' lang='lat' dir='ltr'><strong>tamen</strong></span> <span class='ocrx_word' id='word_1_116' title='bbox 303 1638 376 1672; x_wconf 89' lang='lat' dir='ltr'><strong>ideo</strong></span> <span class='ocrx_word' id='word_1_117' title='bbox 391 1638 460 1679; x_wconf 83' lang='lat' dir='ltr'><strong>ejus</strong></span> <span class='ocrx_word' id='word_1_118' title='bbox 474 1637 528 1680; x_wconf 86' lang='lat' dir='ltr'><strong>qui</strong></span> <span class='ocrx_word' id='word_1_119' title='bbox 549 1648 613 1669; x_wconf 89' lang='lat' dir='ltr'><strong>non</strong></span> <span class='ocrx_word' id='word_1_120' title='bbox 628 1636 904 1679; x_wconf 82' lang='lat' dir='ltr'><strong>perseveraverit,</strong></span> <span class='ocrx_word' id='word_1_121' title='bbox 922 1636 1143 1679; x_wconf 83' lang='lat' dir='ltr'><strong>negligendam</strong></span> <span class='ocrx_word' id='word_1_122' title='bbox 1159 1646 1229 1669; x_wconf 90' lang='lat' dir='ltr'><strong>esse</strong></span> <span class='ocrx_word' id='word_1_123' title='bbox 1244 1647 1317 1669; x_wconf 84' lang='lat' dir='ltr'><strong>cor·</strong></span> 
     </span>
     <span class='ocr_line' id='line_1_15' title="bbox 104 1691 1320 1737; baseline -0.003 -10"><span class='ocrx_word' id='word_1_124' title='bbox 104 1694 287 1737; x_wconf 87' lang='lat' dir='ltr'><strong>reptionem</strong></span> <span class='ocrx_word' id='word_1_125' title='bbox 303 1706 311 1724; x_wconf 91' lang='lat'>:</span> <span class='ocrx_word' id='word_1_126' title='bbox 333 1698 367 1725; x_wconf 85' lang='lat' dir='ltr'><strong>et</strong></span> <span class='ocrx_word' id='word_1_127' title='bbox 390 1693 445 1735; x_wconf 88' lang='lat' dir='ltr'><strong>qui</strong></span> <span class='ocrx_word' id='word_1_128' title='bbox 468 1703 533 1725; x_wconf 93' lang='lat' dir='ltr'><strong>non</strong></span> <span class='ocrx_word' id='word_1_129' title='bbox 549 1697 687 1735; x_wconf 86' lang='lat' dir='ltr'><strong>accepto</strong></span> <span class='ocrx_word' id='word_1_130' title='bbox 710 1691 772 1723; x_wconf 87' lang='lat' dir='ltr'><strong>hoc</strong></span> <span class='ocrx_word' id='word_1_131' title='bbox 788 1692 871 1724; x_wconf 91' lang='lat' dir='ltr'><strong>dono</strong></span> <span class='ocrx_word' id='word_1_132' title='bbox 888 1691 988 1724; x_wconf 83' lang='lat' dir='ltr'><strong>fuerit</strong></span> <span class='ocrx_word' id='word_1_133' title='bbox 1005 1702 1061 1723; x_wconf 87' lang='lat' dir='ltr'><strong>sua</strong></span> <span class='ocrx_word' id='word_1_134' title='bbox 1077 1694 1246 1724; x_wconf 83' lang='lat' dir='ltr'><strong>voluntate</strong></span> <span class='ocrx_word' id='word_1_135' title='bbox 1261 1701 1320 1724; x_wconf 91' lang='lat' dir='ltr'><strong>re-</strong></span> 
     </span>
     <span class='ocr_line' id='line_1_16' title="bbox 104 1746 1319 1794; baseline -0.005 -11"><span class='ocrx_word' id='word_1_136' title='bbox 104 1752 212 1794; x_wconf 83' lang='lat' dir='ltr'><strong>lapsus</strong></span> <span class='ocrx_word' id='word_1_137' title='bbox 229 1750 262 1783; x_wconf 88' lang='lat' dir='ltr'><strong>in</strong></span> <span class='ocrx_word' id='word_1_138' title='bbox 279 1752 468 1793; x_wconf 76' lang='lat' dir='ltr'><strong>peccatum,</strong></span> <span class='ocrx_word' id='word_1_139' title='bbox 488 1758 560 1781; x_wconf 88' lang='lat' dir='ltr'><strong>eum</strong></span> <span class='ocrx_word' id='word_1_140' title='bbox 575 1759 638 1780; x_wconf 89' lang='lat' dir='ltr'><strong>non</strong></span> <span class='ocrx_word' id='word_1_141' title='bbox 656 1747 860 1790; x_wconf 84' lang='lat' dir='ltr'><strong>correptione</strong></span> <span class='ocrx_word' id='word_1_142' title='bbox 886 1752 1030 1787; x_wconf 88' lang='lat' dir='ltr'><strong>tantum,</strong></span> <span class='ocrx_word' id='word_1_143' title='bbox 1048 1748 1104 1778; x_wconf 85' lang='lat' dir='ltr'><strong>sed</strong></span> <span class='ocrx_word' id='word_1_144' title='bbox 1121 1747 1147 1777; x_wconf 86' lang='lat' dir='ltr'><strong>si</strong></span> <span class='ocrx_word' id='word_1_145' title='bbox 1163 1755 1263 1788; x_wconf 86' lang='lat' dir='ltr'><strong>usque</strong></span> <span class='ocrx_word' id='word_1_146' title='bbox 1279 1746 1319 1778; x_wconf 90' lang='lat' dir='ltr'><strong>ad</strong></span> 
     </span>
     <span class='ocr_line' id='line_1_17' title="bbox 103 1800 1316 1847; baseline -0.006 -7"><span class='ocrx_word' id='word_1_147' title='bbox 103 1811 242 1841; x_wconf 89' lang='lat' dir='ltr'><strong>mortem</strong></span> <span class='ocrx_word' id='word_1_148' title='bbox 253 1806 286 1838; x_wconf 90' lang='lat' dir='ltr'><strong>in</strong></span> <span class='ocrx_word' id='word_1_149' title='bbox 297 1804 381 1838; x_wconf 85' lang='lat' dir='ltr'><strong>malo</strong></span> <span class='ocrx_word' id='word_1_150' title='bbox 392 1803 620 1847; x_wconf 79' lang='lat' dir='ltr'><strong>permanserit,</strong></span> <span class='ocrx_word' id='word_1_151' title='bbox 634 1803 731 1836; x_wconf 86' lang='lat' dir='ltr'><strong>etiam</strong></span> <span class='ocrx_word' id='word_1_152' title='bbox 746 1806 866 1835; x_wconf 86' lang='lat' dir='ltr'><strong>aeterna</strong></span> <span class='ocrx_word' id='word_1_153' title='bbox 876 1800 1082 1833; x_wconf 83' lang='lat' dir='ltr'><strong>damnatione</strong></span> <span class='ocrx_word' id='word_1_154' title='bbox 1094 1800 1223 1843; x_wconf 86' lang='lat' dir='ltr'><strong>dignum</strong></span> <span class='ocrx_word' id='word_1_155' title='bbox 1237 1811 1316 1833; x_wconf 87' lang='lat' dir='ltr'><strong>esse.</strong></span> 
     </span>
     <span class='ocr_line' id='line_1_18' title="bbox 97 1854 1318 1902; baseline -0.006 -7"><span class='ocrx_word' id='word_1_156' title='bbox 97 1865 160 1896; x_wconf 86' lang='lat' dir='ltr'><strong>Cur</strong></span> <span class='ocrx_word' id='word_1_157' title='bbox 177 1862 242 1895; x_wconf 86' lang='lat' dir='ltr'><strong>hoc</strong></span> <span class='ocrx_word' id='word_1_158' title='bbox 257 1861 379 1894; x_wconf 87' lang='lat' dir='ltr'><strong>donum</strong></span> <span class='ocrx_word' id='word_1_159' title='bbox 396 1859 450 1891; x_wconf 92' lang='lat' dir='ltr'><strong>ille</strong></span> <span class='ocrx_word' id='word_1_160' title='bbox 468 1859 620 1902; x_wconf 82' lang='lat' dir='ltr'><strong>accipiat,</strong></span> <span class='ocrx_word' id='word_1_161' title='bbox 634 1857 686 1890; x_wconf 88' lang='lat' dir='ltr'><strong>ille</strong></span> <span class='ocrx_word' id='word_1_162' title='bbox 706 1867 770 1889; x_wconf 91' lang='lat' dir='ltr'><strong>non</strong></span> <span class='ocrx_word' id='word_1_163' title='bbox 785 1855 935 1900; x_wconf 79' lang='lat' dir='ltr'><strong>accipiat,</strong></span> <span class='ocrx_word' id='word_1_164' title='bbox 956 1866 1024 1889; x_wconf 86' lang='lat' dir='ltr'><strong>esse</strong></span> <span class='ocrx_word' id='word_1_165' title='bbox 1039 1854 1258 1889; x_wconf 85' lang='lat' dir='ltr'><strong>inscrutabile.</strong></span> <span class='ocrx_word' id='word_1_166' title='bbox 1274 1858 1318 1888; x_wconf 91' lang='lat' dir='ltr'><strong>Ex</strong></span> 
     </span>
     <span class='ocr_line' id='line_1_19' title="bbox 92 1913 1318 1964; baseline -0.007 -12"><span class='ocrx_word' id='word_1_167' title='bbox 92 1916 330 1964; x_wconf 76' lang='lat' dir='ltr'><strong>praedestinatis</strong></span> <span class='ocrx_word' id='word_1_168' title='bbox 342 1915 462 1949; x_wconf 85' lang='lat' dir='ltr'><strong>nullum</strong></span> <span class='ocrx_word' id='word_1_169' title='bbox 475 1915 582 1959; x_wconf 89' lang='lat' dir='ltr'><strong>perire</strong></span> <span class='ocrx_word' id='word_1_170' title='bbox 595 1925 706 1958; x_wconf 84' lang='lat' dir='ltr'><strong>posse:</strong></span> <span class='ocrx_word' id='word_1_171' title='bbox 721 1923 759 1947; x_wconf 87' lang='lat' dir='ltr'><strong>ac</strong></span> <span class='ocrx_word' id='word_1_172' title='bbox 774 1913 908 1946; x_wconf 88' lang='lat' dir='ltr'><strong>subinde</strong></span> <span class='ocrx_word' id='word_1_173' title='bbox 919 1914 1209 1955; x_wconf 83' lang='lat' dir='ltr'><strong>perseverantiam,</strong></span> <span class='ocrx_word' id='word_1_174' title='bbox 1221 1921 1318 1955; x_wconf 89' lang='lat' dir='ltr'><strong>quam</strong></span> 
     </span>
     <span class='ocr_line' id='line_1_20' title="bbox 93 1966 1313 2015; baseline -0.007 -8"><span class='ocrx_word' id='word_1_175' title='bbox 93 1984 159 2008; x_wconf 87' lang='lat' dir='ltr'><strong>non</strong></span> <span class='ocrx_word' id='word_1_176' title='bbox 174 1982 286 2007; x_wconf 90' lang='lat' dir='ltr'><strong>omnes</strong></span> <span class='ocrx_word' id='word_1_177' title='bbox 304 1971 482 2015; x_wconf 85' lang='lat' dir='ltr'><strong>accipiunt,</strong></span> <span class='ocrx_word' id='word_1_178' title='bbox 501 1971 555 2014; x_wconf 89' lang='lat' dir='ltr'><strong>qui</strong></span> <span class='ocrx_word' id='word_1_179' title='bbox 570 1970 623 2003; x_wconf 89' lang='lat' dir='ltr'><strong>hic</strong></span> <span class='ocrx_word' id='word_1_180' title='bbox 642 1969 698 2002; x_wconf 91' lang='lat' dir='ltr'><strong>filii</strong></span> <span class='ocrx_word' id='word_1_181' title='bbox 713 1969 772 2002; x_wconf 89' lang='lat' dir='ltr'><strong>Dei</strong></span> <span class='ocrx_word' id='word_1_182' title='bbox 788 1967 1003 2011; x_wconf 83' lang='lat' dir='ltr'><strong>appellantur,</strong></span> <span class='ocrx_word' id='word_1_183' title='bbox 1020 1968 1059 2001; x_wconf 87' lang='lat' dir='ltr'><strong>iis</strong></span> <span class='ocrx_word' id='word_1_184' title='bbox 1075 1966 1222 2001; x_wconf 84' lang='lat' dir='ltr'><strong>omnibus</strong></span> <span class='ocrx_word' id='word_1_185' title='bbox 1244 1967 1313 2000; x_wconf 85' lang='lat' dir='ltr'><strong>dari</strong></span> 
     </span>
     <span class='ocr_line' id='line_1_21' title="bbox 92 2022 1314 2073; baseline -0.007 -11"><span class='ocrx_word' id='word_1_186' title='bbox 92 2029 147 2073; x_wconf 82' lang='lat' dir='ltr'><strong>qui</strong></span> <span class='ocrx_word' id='word_1_187' title='bbox 159 2038 240 2062; x_wconf 77' lang='lat' dir='ltr'><strong>vere</strong></span> <span class='ocrx_word' id='word_1_188' title='bbox 257 2027 314 2060; x_wconf 88' lang='lat' dir='ltr'><strong>filii</strong></span> <span class='ocrx_word' id='word_1_189' title='bbox 326 2033 401 2060; x_wconf 86' lang='lat' dir='ltr'><strong>sunt</strong></span> <span class='ocrx_word' id='word_1_190' title='bbox 417 2026 618 2070; x_wconf 72' lang='lat' dir='ltr'><strong>praescientia</strong></span> <span class='ocrx_word' id='word_1_191' title='bbox 636 2029 668 2057; x_wconf 85' lang='lat' dir='ltr'><strong>et</strong></span> <span class='ocrx_word' id='word_1_192' title='bbox 685 2023 967 2068; x_wconf 78' lang='lat' dir='ltr'><strong>praedestinatione</strong></span> <span class='ocrx_word' id='word_1_193' title='bbox 984 2023 1054 2056; x_wconf 91' lang='lat' dir='ltr'><strong>Dei.</strong></span> <span class='ocrx_word' id='word_1_194' title='bbox 1070 2022 1258 2067; x_wconf 85' lang='lat' dir='ltr'><strong>Respondet</strong></span> <span class='ocrx_word' id='word_1_195' title='bbox 1273 2022 1314 2055; x_wconf 90' lang='lat' dir='ltr'><strong>ad</strong></span> 
     </span>
     <span class='ocr_line' id='line_1_22' title="bbox 93 2078 1314 2128; baseline -0.006 -11"><span class='ocrx_word' id='word_1_196' title='bbox 93 2084 299 2128; x_wconf 74' lang='lat' dir='ltr'><strong>quaestionem</strong></span> <span class='ocrx_word' id='word_1_197' title='bbox 321 2094 391 2126; x_wconf 83' lang='lat' dir='ltr'><strong>quae</strong></span> <span class='ocrx_word' id='word_1_198' title='bbox 417 2082 458 2115; x_wconf 90' lang='lat' dir='ltr'><strong>de</strong></span> <span class='ocrx_word' id='word_1_199' title='bbox 474 2082 596 2115; x_wconf 87' lang='lat' dir='ltr'><strong>Adamo</strong></span> <span class='ocrx_word' id='word_1_200' title='bbox 619 2091 653 2113; x_wconf 91' lang='lat' dir='ltr'><strong>se</strong></span> <span class='ocrx_word' id='word_1_201' title='bbox 668 2079 783 2119; x_wconf 85' lang='lat' dir='ltr'><strong>offert,</strong></span> <span class='ocrx_word' id='word_1_202' title='bbox 807 2078 966 2122; x_wconf 87' lang='lat' dir='ltr'><strong>quomodo</strong></span> <span class='ocrx_word' id='word_1_203' title='bbox 990 2079 1058 2121; x_wconf 85' lang='lat' dir='ltr'><strong>ipse</strong></span> <span class='ocrx_word' id='word_1_204' title='bbox 1074 2089 1138 2111; x_wconf 91' lang='lat' dir='ltr'><strong>non</strong></span> <span class='ocrx_word' id='word_1_205' title='bbox 1159 2087 1314 2121; x_wconf 90' lang='lat' dir='ltr'><strong>perseve-</strong></span> 
     </span>
     <span class='ocr_line' id='line_1_23' title="bbox 98 2132 1318 2183; baseline -0.007 -11"><span class='ocrx_word' id='word_1_206' title='bbox 98 2140 197 2174; x_wconf 88' lang='lat' dir='ltr'><strong>rando</strong></span> <span class='ocrx_word' id='word_1_207' title='bbox 211 2139 379 2183; x_wconf 48' lang='lat' dir='ltr'><strong>gpeccavit</strong></span> <span class='ocrx_word' id='word_1_208' title='bbox 390 2161 401 2178; x_wconf 90' lang='lat'><strong><em>‚</em></strong></span> <span class='ocrx_word' id='word_1_209' title='bbox 431 2138 485 2182; x_wconf 91' lang='lat' dir='ltr'><strong>qui</strong></span> <span class='ocrx_word' id='word_1_210' title='bbox 509 2136 784 2180; x_wconf 85' lang='lat' dir='ltr'><strong>perseverantiam</strong></span> <span class='ocrx_word' id='word_1_211' title='bbox 813 2146 877 2168; x_wconf 87' lang='lat' dir='ltr'><strong>non</strong></span> <span class='ocrx_word' id='word_1_212' title='bbox 907 2134 1047 2178; x_wconf 88' lang='lat' dir='ltr'><strong>accepit.</strong></span> <span class='ocrx_word' id='word_1_213' title='bbox 1073 2132 1220 2166; x_wconf 70' lang='lat' dir='ltr'><strong>Ostendit</strong></span> <span class='ocrx_word' id='word_1_214' title='bbox 1252 2132 1318 2166; x_wconf 87' lang='lat' dir='ltr'><strong>tale</strong></span> 
     </span>
     <span class='ocr_line' id='line_1_24' title="bbox 98 2190 1316 2239; baseline -0.007 -11"><span class='ocrx_word' id='word_1_215' title='bbox 98 2195 235 2239; x_wconf 85' lang='lat' dir='ltr'><strong>primum</strong></span> <span class='ocrx_word' id='word_1_216' title='bbox 247 2195 309 2238; x_wconf 88' lang='lat' dir='ltr'><strong>ipsi</strong></span> <span class='ocrx_word' id='word_1_217' title='bbox 321 2195 433 2227; x_wconf 87' lang='lat' dir='ltr'><strong>datum</strong></span> <span class='ocrx_word' id='word_1_218' title='bbox 451 2204 519 2226; x_wconf 89' lang='lat' dir='ltr'><strong>esse</strong></span> <span class='ocrx_word' id='word_1_219' title='bbox 537 2192 747 2234; x_wconf 83' lang='lat' dir='ltr'><strong>adjutorium,</strong></span> <span class='ocrx_word' id='word_1_220' title='bbox 761 2190 829 2224; x_wconf 88' lang='lat' dir='ltr'><strong>sine</strong></span> <span class='ocrx_word' id='word_1_221' title='bbox 847 2201 908 2233; x_wconf 90' lang='lat' dir='ltr'><strong>quo</strong></span> <span class='ocrx_word' id='word_1_222' title='bbox 922 2201 987 2223; x_wconf 88' lang='lat' dir='ltr'><strong>non</strong></span> <span class='ocrx_word' id='word_1_223' title='bbox 1004 2193 1114 2232; x_wconf 80' lang='lat' dir='ltr'><strong>posset</strong></span> <span class='ocrx_word' id='word_1_224' title='bbox 1126 2197 1316 2231; x_wconf 82' lang='lat' dir='ltr'><strong>permanere</strong></span> 
     </span>
     <span class='ocr_line' id='line_1_25' title="bbox 99 2243 1315 2292; baseline -0.008 -8"><span class='ocrx_word' id='word_1_225' title='bbox 99 2252 124 2283; x_wconf 91' lang='lat' dir='ltr'><strong>si</strong></span> <span class='ocrx_word' id='word_1_226' title='bbox 148 2250 261 2290; x_wconf 79' lang='lat' dir='ltr'><strong>vellet,</strong></span> <span class='ocrx_word' id='word_1_227' title='bbox 288 2260 355 2283; x_wconf 87' lang='lat' dir='ltr'><strong>non</strong></span> <span class='ocrx_word' id='word_1_228' title='bbox 374 2260 438 2292; x_wconf 90' lang='lat' dir='ltr'><strong>quo</strong></span> <span class='ocrx_word' id='word_1_229' title='bbox 458 2249 559 2291; x_wconf 9' lang='lat' dir='ltr'><strong>fieret?</strong></span> <span class='ocrx_word' id='word_1_230' title='bbox 574 2253 620 2290; x_wconf 37' lang='lat' dir='ltr'><strong>ut·</strong></span> <span class='ocrx_word' id='word_1_231' title='bbox 629 2247 727 2280; x_wconf 81' lang='lat' dir='ltr'><strong>vellet</strong></span> <span class='ocrx_word' id='word_1_232' title='bbox 749 2259 757 2279; x_wconf 87' lang='grc'>;</span> <span class='ocrx_word' id='word_1_233' title='bbox 781 2257 865 2280; x_wconf 90' lang='lat' dir='ltr'><strong>nunc</strong></span> <span class='ocrx_word' id='word_1_234' title='bbox 882 2256 960 2280; x_wconf 81' lang='lat' dir='ltr'><strong>vero</strong></span> <span class='ocrx_word' id='word_1_235' title='bbox 985 2256 1042 2289; x_wconf 86' lang='lat' dir='ltr'><strong>per</strong></span> <span class='ocrx_word' id='word_1_236' title='bbox 1059 2243 1218 2278; x_wconf 81' lang='lat' dir='ltr'><strong>Christum</strong></span> <span class='ocrx_word' id='word_1_237' title='bbox 1234 2243 1315 2284; x_wconf 84' lang='lat' dir='ltr'><strong>dari,</strong></span> 
     </span>
     <span class='ocr_line' id='line_1_26' title="bbox 99 2298 1314 2350; baseline -0.008 -11"><span class='ocrx_word' id='word_1_238' title='bbox 99 2317 162 2339; x_wconf 86' lang='lat' dir='ltr'><strong>non</strong></span> <span class='ocrx_word' id='word_1_239' title='bbox 186 2305 288 2339; x_wconf 88' lang='lat' dir='ltr'><strong>solum</strong></span> <span class='ocrx_word' id='word_1_240' title='bbox 307 2306 375 2339; x_wconf 89' lang='lat' dir='ltr'><strong>sine</strong></span> <span class='ocrx_word' id='word_1_241' title='bbox 392 2316 454 2350; x_wconf 85' lang='lat' dir='ltr'><strong>quo</strong></span> <span class='ocrx_word' id='word_1_242' title='bbox 480 2315 670 2348; x_wconf 83' lang='lat' dir='ltr'><strong>permanere</strong></span> <span class='ocrx_word' id='word_1_243' title='bbox 701 2314 763 2336; x_wconf 93' lang='lat' dir='ltr'><strong>non</strong></span> <span class='ocrx_word' id='word_1_244' title='bbox 794 2313 979 2347; x_wconf 77' lang='lat' dir='ltr'><strong>possumu5‚</strong></span> <span class='ocrx_word' id='word_1_245' title='bbox 1003 2300 1101 2333; x_wconf 85' lang='lat' dir='ltr'><strong>etiam</strong></span> <span class='ocrx_word' id='word_1_246' title='bbox 1118 2300 1144 2332; x_wconf 89' lang='lat' dir='ltr'><strong>si</strong></span> <span class='ocrx_word' id='word_1_247' title='bbox 1162 2298 1314 2339; x_wconf 85' lang='lat' dir='ltr'><strong>velimus,</strong></span> 
     </span>
     <span class='ocr_line' id='line_1_27' title="bbox 97 2354 1314 2402; baseline -0.01 -7"><span class='ocrx_word' id='word_1_248' title='bbox 97 2372 210 2395; x_wconf 85' lang='lat' dir='ltr'><strong>verum</strong></span> <span class='ocrx_word' id='word_1_249' title='bbox 228 2361 324 2394; x_wconf 84' lang='lat' dir='ltr'><strong>etiam</strong></span> <span class='ocrx_word' id='word_1_250' title='bbox 341 2365 468 2394; x_wconf 82' lang='lat' dir='ltr'><strong>tantum</strong></span> <span class='ocrx_word' id='word_1_251' title='bbox 486 2370 523 2393; x_wconf 84' lang='lat' dir='ltr'><strong>ae</strong></span> <span class='ocrx_word' id='word_1_252' title='bbox 542 2361 620 2402; x_wconf 89' lang='lat' dir='ltr'><strong>tale,</strong></span> <span class='ocrx_word' id='word_1_253' title='bbox 637 2370 700 2402; x_wconf 90' lang='lat' dir='ltr'><strong>quo</strong></span> <span class='ocrx_word' id='word_1_254' title='bbox 717 2359 773 2391; x_wconf 84' lang='lat' dir='ltr'><strong>fiat</strong></span> <span class='ocrx_word' id='word_1_255' title='bbox 785 2363 823 2391; x_wconf 90' lang='lat' dir='ltr'><strong>ut</strong></span> <span class='ocrx_word' id='word_1_256' title='bbox 839 2357 985 2390; x_wconf 86' lang='lat' dir='ltr'><strong>velimus.</strong></span> <span class='ocrx_word' id='word_1_257' title='bbox 1006 2354 1314 2391; x_wconf 79' lang='lat' dir='ltr'><strong>Praedestiuatorum‚</strong></span> 
     </span>
     <span class='ocr_line' id='line_1_28' title="bbox 97 2414 1313 2462; baseline -0.009 -11"><span class='ocrx_word' id='word_1_258' title='bbox 97 2419 211 2462; x_wconf 79' lang='lat' dir='ltr'><strong>quibus</strong></span> <span class='ocrx_word' id='word_1_259' title='bbox 229 2418 407 2462; x_wconf 60' lang='lat' dir='ltr'><strong>proprium„</strong></span> <span class='ocrx_word' id='word_1_260' title='bbox 417 2423 466 2450; x_wconf 86' lang='lat' dir='ltr'><strong>est</strong></span> <span class='ocrx_word' id='word_1_261' title='bbox 490 2417 674 2460; x_wconf 88' lang='lat' dir='ltr'><strong>hujusmodi</strong></span> <span class='ocrx_word' id='word_1_262' title='bbox 692 2417 824 2454; x_wconf 82' lang='lat' dir='ltr'><strong>donum,</strong></span> <span class='ocrx_word' id='word_1_263' title='bbox 843 2414 960 2457; x_wconf 85' lang='lat' dir='ltr'><strong>probat</strong></span> <span class='ocrx_word' id='word_1_264' title='bbox 973 2415 1098 2444; x_wconf 83' lang='lat' dir='ltr'><strong>certum</strong></span> <span class='ocrx_word' id='word_1_265' title='bbox 1116 2419 1185 2442; x_wconf 88' lang='lat' dir='ltr'><strong>esse</strong></span> <span class='ocrx_word' id='word_1_266' title='bbox 1201 2418 1313 2441; x_wconf 89' lang='lat' dir='ltr'><strong>nume·</strong></span> 
     </span>
     <span class='ocr_line' id='line_1_29' title="bbox 98 2464 1310 2517; baseline -0.011 -10"><span class='ocrx_word' id='word_1_267' title='bbox 98 2471 181 2513; x_wconf 73' lang='lat' dir='ltr'><strong>ruin,</strong></span> <span class='ocrx_word' id='word_1_268' title='bbox 199 2484 304 2516; x_wconf 89' lang='lat' dir='ltr'><strong>neque</strong></span> <span class='ocrx_word' id='word_1_269' title='bbox 318 2475 511 2515; x_wconf 85' lang='lat' dir='ltr'><strong>augendum,</strong></span> <span class='ocrx_word' id='word_1_270' title='bbox 526 2484 630 2517; x_wconf 80' lang='lat' dir='ltr'><strong>neque</strong></span> <span class='ocrx_word' id='word_1_271' title='bbox 645 2471 853 2505; x_wconf 86' lang='lat' dir='ltr'><strong>minuendum</strong></span> <span class='ocrx_word' id='word_1_272' title='bbox 869 2481 876 2501; x_wconf 75' lang='grc' dir='ltr'><strong><em>ε</em></strong></span> <span class='ocrx_word' id='word_1_273' title='bbox 893 2473 926 2501; x_wconf 91' lang='lat' dir='ltr'><strong>et</strong></span> <span class='ocrx_word' id='word_1_274' title='bbox 942 2477 1015 2500; x_wconf 85' lang='lat' dir='ltr'><strong>cum</strong></span> <span class='ocrx_word' id='word_1_275' title='bbox 1029 2466 1172 2509; x_wconf 80' lang='lat' dir='ltr'><strong>ignotum</strong></span> <span class='ocrx_word' id='word_1_276' title='bbox 1187 2465 1227 2496; x_wconf 86' lang='lat' dir='ltr'><strong>sit</strong></span> <span class='ocrx_word' id='word_1_277' title='bbox 1243 2464 1310 2507; x_wconf 78' lang='lat' dir='ltr'><strong>quis</strong></span> 
     </span>
     <span class='ocr_line' id='line_1_30' title="bbox 99 2521 1309 2574; baseline -0.011 -11"><span class='ocrx_word' id='word_1_278' title='bbox 99 2532 138 2563; x_wconf 79' lang='lat' dir='ltr'><strong>ad</strong></span> <span class='ocrx_word' id='word_1_279' title='bbox 156 2542 228 2563; x_wconf 86' lang='lat' dir='ltr'><strong>eum</strong></span> <span class='ocrx_word' id='word_1_280' title='bbox 250 2540 415 2563; x_wconf 84' lang='lat' dir='ltr'><strong>numerum</strong></span> <span class='ocrx_word' id='word_1_281' title='bbox 435 2532 610 2574; x_wconf 84' lang='lat' dir='ltr'><strong>pertineat,</strong></span> <span class='ocrx_word' id='word_1_282' title='bbox 632 2531 699 2572; x_wconf 80' lang='lat' dir='ltr'><strong>quis</strong></span> <span class='ocrx_word' id='word_1_283' title='bbox 724 2539 787 2561; x_wconf 89' lang='lat' dir='ltr'><strong>non</strong></span> <span class='ocrx_word' id='word_1_284' title='bbox 802 2526 976 2569; x_wconf 82' lang='lat' dir='ltr'><strong>pertineat,</strong></span> <span class='ocrx_word' id='word_1_285' title='bbox 993 2521 1216 2556; x_wconf 85' lang='lat' dir='ltr'><strong>medicinalem</strong></span> <span class='ocrx_word' id='word_1_286' title='bbox 1235 2531 1309 2552; x_wconf 85' lang='lat' dir='ltr'><strong>cor-</strong></span> 
     </span>
    </p>
   </div>
   <div class='ocr_carea' id='block_1_5' title="bbox 100 2585 1307 2633">
    <p class='ocr_par' dir='ltr' id='par_1_5' title="bbox 100 2585 1307 2633">
     <span class='ocr_line' id='line_1_31' title="bbox 100 2585 1307 2633; baseline -0.006 -10"><span class='ocrx_word' id='word_1_287' title='bbox 100 2592 274 2633; x_wconf 75' lang='lat' dir='ltr'><strong>reptionem</strong></span> <span class='ocrx_word' id='word_1_288' title='bbox 292 2592 504 2626; x_wconf 76' lang='lat' dir='ltr'><strong>adhibendam</strong></span> <span class='ocrx_word' id='word_1_289' title='bbox 529 2602 597 2623; x_wconf 72' lang='lat' dir='ltr'><strong>csse</strong></span> <span class='ocrx_word' id='word_1_290' title='bbox 620 2589 764 2622; x_wconf 71' lang='lat' dir='ltr'><strong>omnibus</strong></span> <span class='ocrx_word' id='word_1_291' title='bbox 782 2587 1003 2631; x_wconf 75' lang='lat' dir='ltr'><strong>peccantibus.</strong></span> <span class='ocrx_word' id='word_1_292' title='bbox 1025 2598 1065 2618; x_wconf 86' lang='lat' dir='ltr'><strong>ne</strong></span> <span class='ocrx_word' id='word_1_293' title='bbox 1094 2585 1142 2618; x_wconf 82' lang='lat' dir='ltr'><strong>vel</strong></span> <span class='ocrx_word' id='word_1_294' title='bbox 1158 2585 1217 2628; x_wconf 80' lang='lat' dir='ltr'><strong>ipsi</strong></span> <span class='ocrx_word' id='word_1_295' title='bbox 1236 2591 1307 2628; x_wconf 69' lang='lat' dir='ltr'><strong>per-</strong></span> 
     </span>
    </p>
   </div>
  </div>
 </body>
</html>
