1884 3285
444 290 496 325 98
878 292 921 323 S(
948 295 1176 325 Aucus'nm
1209 297 1385 324 zmscom

442 363 625 408 Cernitis
648 370 791 406 autem
820 362 972 421 procul
1003 362 1164 418 dubio,
1190 361 1363 407 cernitis
1384 369 1548 422 quanta
1570 360 1820 406 manifesta-

442 433 560 477 tione
573 432 796 491 apostolici
809 432 969 493 eloquii
983 433 1245 477 defendatur
1258 433 1351 476 haec
1362 433 1512 490 gratia,
1523 441 1673 477 contra
1687 445 1819 491 quam

442 503 595 547 merita
616 503 884 548 extolluntur
905 504 1110 559 humana,
1135 513 1340 563 tanquam
1362 503 1493 547 homo
1514 501 1678 562 aliquid
1701 502 1820 561 prior

439 572 542 628 det,
567 581 617 617 ut
635 574 903 619 retribuatur
932 575 985 618 ei.
1019 573 1161 632 Elegit
1182 588 1285 633 ergo
1317 589 1395 618 nos
1427 576 1541 618 Deus
1569 573 1616 617 in
1647 572 1819 618 Christo

439 652 539 687 ante
564 644 719 689 mundi
741 646 1108 700 constitutionem,
1128 644 1440 704 praedestinans
1461 659 1539 689 nos
1559 644 1605 687 in
1625 644 1818 702 adoptio·
1840 663 1843 666 ·

438 728 539 757 nem
561 714 749 759 filiorum
768 734 777 760 :
803 732 891 761 non
914 717 1014 776 quia
1036 731 1112 774 per
1133 731 1210 760 nos
1233 716 1368 760 sancti
1398 724 1441 759 et
1461 712 1728 758 immaculati
1747 711 1818 757 fu-

435 785 523 826 turi
540 800 724 841 eramus,
745 787 820 830 sed
835 786 964 844 elegit
983 785 1388 846 praedestinavitque
1410 794 1460 830 ut
1477 799 1678 829 essemus.
1696 783 1819 828 Fecit

434 862 579 898 autem
601 856 683 900 hoc
711 857 954 901 secundum
977 856 1187 916 placitum
1205 855 1440 901 voluntatis
1468 870 1557 900 suae
1574 889 1585 910 ‚
1610 862 1661 898 ut
1685 867 1816 898 nemo

433 923 488 968 de
510 940 602 980 sua,
623 927 697 971 sed
716 927 770 971 de
790 927 905 972 illius
928 942 1026 986 erga
1049 943 1092 972 se
1108 927 1332 973 voluntate
1348 926 1576 986 glorietur:
1601 923 1706 970 fecit
1726 925 1811 970 hoc

429 996 669 1040 secundum
694 998 864 1042 divitias
886 999 1033 1057 gratiae
1054 1014 1143 1043 suae
1165 1035 1174 1053 ‚
1200 999 1443 1043 secundum
1468 998 1627 1042 bonam
1653 995 1814 1041 volun-

431 1073 563 1110 tatem
583 1082 726 1122 suam,
752 1084 884 1128 quam
903 1070 1126 1129 proposuit
1146 1070 1192 1113 in
1214 1068 1373 1113 dilecto
1395 1067 1507 1112 Filio
1524 1082 1625 1122 suo,
1656 1067 1702 1110 in
1725 1079 1814 1126 quo
1844 1109 1847 1111 .

431 1145 590 1180 sortem
608 1140 828 1183 consecuti
845 1155 1014 1195 sumus,
1035 1140 1328 1199 praedestinati
1350 1137 1592 1184 secundum
1613 1137 1813 1197 proposi-

430 1214 540 1262 tum,
558 1225 648 1253 non
662 1219 874 1266 nostrum,
891 1210 967 1254 sed
989 1212 1095 1270 ejus,
1113 1211 1188 1270 qui
1208 1211 1406 1254 universa
1429 1217 1650 1268 operatur,
1673 1222 1812 1268 usque

430 1276 538 1322 adeo
559 1287 608 1322 ut
629 1279 718 1338 ipse
739 1280 784 1323 in
802 1280 924 1324 nobis
946 1290 1150 1339 operetur
1172 1290 1216 1325 et
1236 1279 1347 1324 velle
1370 1281 1402 1323 ¹.
1428 1280 1645 1339 Operatur
1667 1287 1811 1323 autem

424 1349 664 1394 secundum
694 1349 922 1394 consilium
949 1350 1186 1395 voluntatis
1209 1366 1298 1395 suae
1314 1385 1326 1404 ,
1347 1359 1397 1394 ut
1419 1350 1551 1394 simus
1568 1350 1613 1393 in
1633 1347 1812 1393 laudem

425 1418 572 1475 gloriae
600 1421 705 1479 ejus.
729 1423 839 1465 Hinc
869 1431 933 1465 est
949 1421 1069 1480 quod
1093 1422 1328 1466 clamamus
1347 1457 1357 1476 ,
1384 1430 1433 1465 ut
1455 1435 1585 1465 nemo
1603 1420 1812 1479 glorietur

422 1486 467 1530 in
484 1488 664 1533 homine
692 1493 725 1544 ²,
751 1506 799 1534 ac
821 1505 896 1549 per
918 1492 1002 1536 hoc
1022 1493 1161 1536 necin
1187 1508 1230 1535 se
1247 1493 1363 1551 ipso3
1387 1491 1464 1536 sed
1482 1492 1559 1552 qui
1580 1489 1806 1549 gloriatur,

421 1558 467 1601 in
494 1561 679 1605 Domino
702 1561 931 1619 glorietur,
963 1573 1014 1607 ut
1036 1565 1168 1607 simus
1195 1563 1241 1607 in
1270 1563 1445 1607 laudem
1480 1562 1629 1622 gloriae
1650 1563 1743 1623 eJus
1773 1562 1805 1605 ³.

425 1630 522 1686 Ipso
559 1632 721 1690 quippe
758 1642 962 1690 operatur
996 1634 1235 1678 secundum
1274 1634 1546 1693 propositum
1574 1647 1731 1687 suum,
1762 1639 1812 1675 ut

423 1698 556 1743 simus
584 1701 627 1744 in
655 1701 830 1746 laudem
861 1703 1006 1761 gloriae
1036 1705 1125 1764 ejus
1144 1739 1155 1759 ‚
1181 1705 1334 1765 utique
1360 1704 1496 1748 sancti
1526 1711 1569 1747 et
1599 1703 1811 1747 immacu·
1841 1742 1856 1753 ,

422 1768 519 1825 lati,
535 1782 709 1831 propter
732 1775 852 1832 quod
874 1789 952 1818 nos
980 1775 1153 1819 vocavit
1167 1810 1177 1830 ‚
1198 1774 1510 1835 praedestinans
1533 1783 1633 1818 ante
1655 1772 1811 1818 mundi

420 1842 790 1887 constitutionem.
814 1847 876 1889 Ex
907 1845 990 1890 hoc
1021 1847 1243 1905 proposito
1271 1847 1362 1906 ejus
1389 1854 1452 1890 est
1474 1845 1548 1889 illa
1569 1844 1810 1890 electorum

419 1912 591 1969 propria
621 1916 788 1959 vocatio
808 1950 818 1970 ,
841 1906 1177 1975 quibus‘omnia
1207 1924 1466 1975 cooperatur
1494 1915 1541 1959 in
1563 1915 1731 1960 bonum
1752 1915 1769 1940 ⁴
1795 1932 1805 1958 z

417 1981 520 2039 quia
541 1983 781 2027 secundum
799 1986 1073 2044 propositum
1090 1987 1229 2031 vocati
1246 1995 1364 2041 sunt,
1379 1995 1423 2030 et
1436 1987 1528 2030 sine
1545 1985 1807 2044 poenitentia

419 2060 520 2095 sunt
530 2050 645 2096 dona
661 2063 704 2097 et
725 2055 895 2099 vocatio
906 2056 983 2099 Dei
1001 2058 1031 2099 ⁵.
1854 2109 1861 2115 ⁶

475 2123 724 2168 XXXVIII.
749 2124 833 2170 Sed
850 2125 896 2169 hi
917 2129 1070 2181 nostri,
1090 2128 1145 2171 de
1163 2126 1324 2186 quibus
1341 2135 1384 2170 et
1406 2141 1485 2186 pro
1507 2127 1669 2187 quibus
1691 2141 1809 2170 nunc

410 2191 577 2250 agimus
595 2229 605 2248 ‚
632 2195 813 2240 forsitan
841 2195 1008 2251 dicunt,
1043 2197 1303 2256 Pelagianos
1327 2198 1412 2242 hoc
1435 2197 1675 2257 apostolico
1691 2197 1809 2242 testi-

421 2263 569 2307 monio
600 2265 807 2320 refutari,
832 2267 908 2310 ubi
930 2266 1034 2311 dicit
1056 2267 1154 2312 ideo
1179 2284 1257 2312 nos
1278 2267 1437 2313 electos
1459 2269 1505 2312 in
1527 2268 1701 2312 Christo
1728 2269 1744 2293 ⁶
1766 2274 1810 2310 et

421 2333 746 2391 praedestinatos
779 2346 879 2381 ante
922 2338 1076 2381 mundi
1107 2339 1465 2383 constitutionem
1490 2372 1501 2391 ‚
1537 2346 1586 2382 ut
1620 2352 1811 2382 essemus

420 2405 557 2449 sancti
586 2415 628 2449 et
652 2407 917 2453 immaculati
947 2408 993 2452 in
1012 2419 1250 2468 conspectu
1278 2410 1368 2469 ejus
1392 2409 1437 2453 in
1459 2409 1684 2453 charitate.
1719 2408 1808 2468 Ipsi

425 2475 542 2518 enim
578 2485 765 2535 putant,
806 2496 825 2519 «
856 2479 1041 2537 acceptis
1072 2479 1298 2539 praeceptis
1339 2479 1430 2538 jam
1462 2493 1540 2537 per
1578 2493 1657 2523 nos
1693 2479 1809 2538 ipsos

471 2586 477 2600 ¹
500 2578 610 2621 Philip.
633 2586 666 2620 ιι,
691 2582 738 2613 ι3.
755 2598 793 2603 -
811 2589 822 2604 ²
846 2593 857 2613 1
882 2584 954 2615 Cor.
975 2593 1024 2624 ιιι,
1047 2591 1083 2614 12
1115 2599 1154 2605 —
1175 2580 1188 2604 3
1208 2582 1252 2614 ld.
1280 2594 1302 2618 1,
1331 2582 1384 2613 δι,
1406 2579 1475 2606 -4
1494 2584 1587 2616 Rom.
1608 2592 1673 2621 vin,
1691 2582 1803 2615 28r—
1855 2596 1859 2597 ⁷

442 2635 472 2665 Μ
509 2646 621 2679 x1,233.
642 2654 679 2659 >-
695 2636 709 2655 ‘³
733 2637 847 2680 Ephes.
868 2650 890 2679 ι,
924 2637 955 2679 4.
