1884 3285
452 255 534 293 494
970 269 1305 300 ANNOTAnoNEs.

450 330 673 374 Palaestina
691 365 702 385 ‚
728 331 804 374 ubi
831 332 1028 391 Pelagius
1053 335 1134 379 hoc
1157 352 1272 380 anno
1298 335 1487 395 degebat
1503 372 1515 393 ‚
1540 340 1741 384 extitisse.
1773 343 1831 384 At

447 400 589 457 potuit
608 408 760 444 mutua
791 399 935 460 aliqua
961 402 1073 447 inter
1095 418 1166 449 eos
1191 405 1384 464 cognitio
1404 410 1556 451 Rornae
1579 409 1694 453 nasci
1729 418 1829 453 ante

447 484 611 514 annum
634 475 733 515 408.
762 481 838 516 aut
860 476 957 516 410.
990 489 1080 534 quo
1108 491 1222 522 anno
1243 477 1373 522 exivit
1392 493 1442 522 ex
1466 478 1581 522 Urbe
1610 479 1825 538 Pelagius.

444 543 589 598 Atque
612 540 726 585 idem
759 541 849 601 ipse
879 543 1075 589 Julianus
1103 543 1213 591 forte
1239 562 1331 592 non
1346 548 1562 594 immerito
1579 551 1827 596 censebitur

444 624 495 653 ex
533 609 616 654 illis
646 609 806 667 fuisse,
840 612 896 656 de
927 615 1087 673 quibus
1124 632 1239 662 anno
1272 619 1432 663 Christi
1467 623 1570 664 417.
1599 621 1741 666 statim
1770 623 1827 666 ab

444 681 688 725 Innocentii
708 698 833 742 papae
864 684 989 729 obitu
1010 688 1279 745 Augustinus
1296 690 1350 733 ad
1373 690 1604 734 Paulinum
1621 692 1791 752 scripsit
1809 714 1824 752 ·,

440 751 604 810 quique
621 751 826 798 dicebant
841 755 967 799 citius
988 771 1033 801 se
1048 756 1293 805 defecturos
1320 776 1344 804 a
1366 761 1557 820 Pelagio,
1583 778 1714 822 quam
1737 765 1824 808 ori-

440 821 582 877 ginale
602 832 826 881 peccatum
850 827 1094 884 agnituros:
1113 844 1366 890 quanquam
1385 847 1438 875 ex
1461 832 1633 876 civitate
1647 833 1823 879 Nolensi

437 905 526 933 esse
541 892 618 936 hos
631 895 873 951 Augustino
889 897 1135 942 nuntiatum
1155 910 1278 945 esset.
1301 901 1413 946 Dicit
1429 901 1512 946 alio
1535 902 1634 947 loco
1649 913 1825 949 sanctus

436 964 596 1007 Doctor
613 967 636 1007 J
643 964 861 1022 ulianum‚
887 968 923 1011 si
944 972 1153 1015 Romanae
1172 972 1375 1018 Ecclesiae
1395 975 1696 1032 praesidentem
1713 976 1820 1022 bea-

437 1040 528 1076 tum
548 1036 854 1081 Innocentium
875 1038 1026 1082 audire
1048 1040 1275 1096 voluisset,
1293 1044 1383 1102 jam
1409 1054 1513 1090 tunc
1536 1047 1819 1104 periculosam

427 1103 703 1162 juventutem
732 1123 853 1151 suam
882 1108 1122 1168 Pelagianis
1142 1111 1309 1172 laqueis
1334 1114 1639 1174 expediturum
1669 1117 1815 1165 fuis'se.

432 1175 562 1229 Eum,
574 1176 722 1234 quoad
736 1188 1000 1223 memoratus
1014 1182 1212 1226 Pontifex
1234 1184 1356 1240 vixit,
1367 1186 1624 1232 catholicam
1643 1200 1819 1236 senten-

430 1243 531 1287 tiam
563 1246 787 1291 retinuisse
809 1257 990 1294 testatur
1013 1255 1226 1298 Mercator
1253 1275 1262 1301 :
1285 1273 1384 1316 quae
1412 1269 1481 1302 res*
1507 1275 1558 1304 eo
1588 1263 1816 1308 commode

428 1324 570 1374 potest
587 1317 753 1373 referri,
780 1320 899 1379 quod
921 1321 1034 1366 idem
1059 1335 1209 1370 auctor
1227 1328 1381 1372 eodem
1402 1329 1500 1374 loco
1518 1331 1623 1376 dicit
1639 1368 1650 1388 ,
1670 1337 1694 1378 J
1700 1334 1811 1380 ulia-

427 1401 532 1430 num
570 1404 592 1432 a
620 1391 930 1436 communione
973 1397 1216 1442 Innocentii
1240 1433 1254 1452 ‚
1293 1415 1347 1444 ne
1380 1401 1595 1447 damnatis
1634 1405 1813 1465 quidem

429 1457 599 1517 Pelagio
621 1470 664 1505 et
686 1461 891 1507 Coelestio
910 1467 1144 1523 recessisse,
1171 1469 1247 1514 sed
1268 1471 1346 1529 ipsi
1364 1487 1515 1518 eorum
1534 1473 1815 1524 damnatori

424 1544 561 1590 usque
590 1531 645 1576 ad
667 1534 758 1593 ejus
781 1544 967 1580 mortem
1002 1543 1395 1589 communicasse.
1428 1546 1511 1591 Sed
1539 1563 1639 1592 eum
1667 1559 1816 1597 tamen

421 1602 649 1658 superstite
679 1603 823 1648 adhuc
849 1608 1107 1654 Innocentio
1130 1611 1325 1658 haeresirn
1354 1616 1599 1675 amplexum
1625 1636 1729 1675 esse,
1754 1622 1812 1666 li-

421 1670 556 1729 quido
592 1671 784 1718 declarat
818 1679 1086 1735 Augustinus
1114 1681 1196 1726 illis
1225 1684 1326 1743 ipsis
1359 1687 1502 1732 verbis
1526 1708 1535 1732 :
1559 1688 1678 1735 Jam
1700 1701 1812 1746 tunc

414 1741 736 1797 periculosam
767 1745 1068 1807 juventutem-
1113 1761 1247 1797 taam
1290 1755 1577 1819 Pelagiam's
1621 1760 1807 1821 laqueis

418 1813 647 1858 eoeaz'sses.
685 1817 869 1861 Narrant
902 1819 1036 1878 ipsius
1057 1823 1294 1881 quemdam
1327 1827 1687 1889 paralogismum,
1718 1851 1811 1895 quo

418 1884 568 1927 Romae
585 1900 686 1929 cum
708 1880 943 1947 praecipuis‘
953 1889 1152 1937 factionis
1170 1895 1357 1942 ducibus
1374 1915 1504 1958 agens
1523 1918 1546 1946 a
1560 1903 1810 1951 rudioribus

416 1953 657 1998 conabatur
688 1966 966 2017 extorquere,
996 1970 1046 2005 ut
1083 1964 1258 2022 originis
1283 1966 1457 2028 culpam
1480 1987 1647 2017 merum
1681 1991 1800 2020 com-

415 2034 613 2069 mentum
633 2042 721 2071 esse
741 2028 979 2075 faterentur
1005 2052 1014 2077 z
1038 2035 1175 2094 quod,
1202 2040 1379 2084 Joannis
1409 2044 1603 2088 Garnerii
1619 2045 1802 2105 judicio,

415 2093 461 2137 in
498 2111 660 2141 annum
696 2103 798 2143 417.
835 2102 1049 2161 quadrare
1094 2116 1249 2165 potest.
1290 2111 1333 2155 Si
1363 2111 1639 2160 definitiones
1674 2116 1769 2163 illas
1788 2155 1798 2173 ,

413 2180 519 2223 quas
536 2166 649 2212 libro
671 2169 725 2213 de
746 2171 1013 2230 perfectione
1029 2178 1208 2236 justitiae
1231 2180 1390 2227 refellit
1410 2186 1705 2244 Augustinus,
1737 2191 1803 2234 ei-

412 2235 513 2279 dem
530 2253 625 2294 nos,
650 2242 713 2284 uti
731 2243 962 2290 Garnerius
984 2259 1145 2305 censet,
1165 2251 1356 2298 tribuere
1373 2265 1570 2314 oporteat
1587 2279 1598 2315 3
1614 2259 1800 2305 dubium

410 2321 501 2350 nou
532 2309 641 2364 erit,
673 2313 780 2370 quin
801 2315 891 2372 jam
921 2317 1022 2362 inde
1055 2320 1109 2364 ab
1137 2337 1252 2368 anno
1282 2329 1380 2370 415.
1417 2327 1640 2385 perfectus
1668 2331 1802 2377 fuerit

411 2376 683 2437 Pelagianus.
709 2382 827 2428 Illud
848 2385 893 2429 in
912 2387 1113 2435 confesso
1125 2402 1203 2447 est,
1221 2394 1471 2443 damnatisa
1495 2401 1663 2446 Zosimo
1685 2418 1798 2463 papa

409 2462 522 2492 anno
546 2454 646 2495 418.
660 2452 913 2512 Pelagianis,
934 2458 1136 2504 eumdem
1155 2464 1178 2506 J
1183 2462 1379 2510 ulianum
1399 2468 1674 2516 subscribere
1684 2488 1796 2532 pon-

407 2517 582 2564 tificiam
609 2525 867 2570 sententiam
898 2527 1087 2575 noluisse
1105 2566 1116 2587 ‚
1148 2543 1279 2595 atque
1301 2537 1358 2581 ob
1391 2554 1486 2583 eam
1510 2556 1600 2585 rem
1625 2543 1686 2586 abv
1718 2543 1794 2590 illo

404 2586 616 2647 dignitate
637 2594 870 2653 spoliatum
891 2598 1042 2656 fuisse,
1063 2611 1106 2648 et
1132 2619 1182 2648 ex
1206 2606 1330 2652 Italia
1353 2610 1556 2669 eJectum.
1583 2614 1696 2658 Huic
1710 2614 1791 2673 ipsi
