1821 3264
434 288 484 314 DE
519 287 630 314 Dono
663 287 1030 314 PERSEVERANTUE.
1342 275 1422 313 165

45 353 251 413 quoniam
275 367 393 410 spem
422 360 601 394 vestram
628 350 671 393 in
704 351 797 409 ipso
820 351 980 395 habere
999 352 1237 411 jubemini,
1271 366 1357 395 non
1383 352 1425 393 in

34 422 182 467 vobis.
213 441 232 463 «
261 421 519 465 Maledictus
548 420 663 463 enim
692 419 832 464 omnis
855 422 931 480 qui
965 436 1084 480 spem
1116 422 1247 465 habet
1279 422 1322 464 in
1349 422 1419 465 ho-

52 512 67 535 =›
94 492 238 536 mine¹
263 511 271 536 ς
298 511 316 532 n
344 502 403 547 et,
434 511 451 533 υ
477 494 646 536 Bonum
671 501 734 535 est
762 491 981 535 confidere
1010 492 1055 534 in
1090 486 1273 537 Domino
1301 508 1428 552 quam

46 581 66 604 n
90 561 309 606 confidere
332 562 377 605 in
401 561 577 606 homine
592 564 632 618 ²3
663 561 763 620 quia
787 561 904 604 beati
926 576 1075 605 omnes
1098 561 1172 620 qui
1202 563 1432 606 confidunt

46 651 65 674 »
92 633 135 676 in
167 633 308 675 eumss.
353 635 474 675 Hanc
508 646 626 690 spem
664 640 881 682 tenentes,
911 632 1066 675 servite
1090 632 1274 675 Domino
1301 632 1346 674 in
1375 633 1432 675 ti-

47 721 67 744 »
95 717 234 755 more,
262 711 303 745 et
338 700 529 745 exultate
551 702 589 744 ei
614 717 710 744 cum
735 703 947 745 tremore4
971 722 978 746 :
1011 702 1250 761 »quoniam
1271 701 1325 745 de
1346 703 1432 745 vita

46 781 224 827 aeterna,
263 788 394 832 quam
427 771 523 815 filiis
551 771 845 831 promissionis
884 772 1080 831 promisit
1118 787 1206 815 non
1248 771 1433 815 mendax

46 846 161 888 Deus
178 851 278 887 ante
301 851 496 901 tempora
514 851 690 897 aeterna,
716 857 846 886 nemo
869 852 1011 901 potest
1029 857 1117 886 esse
1138 858 1328 898 securuS,
1355 843 1436 886 nisi

45 922 344 959 consummata
372 912 506 957 fuerit
530 912 610 956 ista
635 913 743 967 vita,
770 929 870 969 quae
894 914 1078 957 tentatio
1102 921 1164 957 est
1193 928 1322 972 super
1344 923 1433 957 ter-

46 999 137 1028 ram
152 987 166 1011 ⁵
192 1004 200 1029 z
225 984 297 1028 sed
323 982 451 1028 faciet
476 999 553 1028 nos
576 999 849 1043 perseverare
870 982 916 1027 in
941 999 984 1027 se
1003 998 1140 1043 usque
1162 983 1207 1026 in
1229 984 1319 1042 ejus
1337 984 1436 1028 vitae

43 1057 176 1100 finem
192 1091 203 1111 ,
227 1056 298 1100 cui
320 1055 517 1116 quotidie
534 1054 735 1110 dicimus,
755 1075 772 1095 «
799 1058 863 1099 Ne
882 1070 960 1100 nos
983 1054 1142 1098 inferas
1165 1056 1208 1098 in
1234 1055 1435 1100 tentatio-

45 1145 66 1168 »
91 1127 235 1170 nemG.
259 1145 279 1167 »
302 1129 404 1171 Haec
422 1135 552 1186 atque
574 1126 825 1186 hujusmodi
849 1142 948 1170 cum
972 1126 1196 1180 dicuntur,
1218 1127 1305 1171 sive
1324 1142 1433 1185 pau-

43 1197 103 1242 cis
140 1197 391 1242 Christianis
421 1197 508 1241 sive
542 1196 816 1241 multitudini
839 1196 1065 1253 Ecclesiae,
1102 1214 1179 1241 eur
1202 1199 1436 1243 metuimus

43 1276 291 1312 sanctorum
314 1267 741 1326 praedestinationem
761 1277 803 1311 et
818 1283 963 1311 veram
981 1270 1056 1311 Dei
1072 1269 1269 1326 gratiam,
1289 1270 1331 1312 id
1353 1279 1430 1323 est,

43 1354 142 1398 quae
166 1353 252 1382 non
275 1337 516 1381 secundum
535 1339 686 1381 merita
706 1347 851 1382 nostra
874 1338 1019 1393 datur,
1038 1339 1148 1383 sicut
1170 1356 1263 1383 eam
1286 1349 1433 1384 sancta

45 1410 264 1469 Scriptura
282 1408 507 1469 praedicat,
529 1409 871 1468 praedicareMn
891 1424 994 1453 vero
1019 1411 1262 1454 timendum
1281 1421 1360 1465 est,
1382 1427 1436 1454 ne

43 1489 150 1524 tunc
167 1479 221 1524 de
238 1495 282 1524 se
301 1481 433 1524 homo
454 1480 668 1539 desperet,
697 1479 876 1539 quando
899 1495 993 1538 spes
1016 1482 1106 1540 ejus
1132 1482 1329 1538 ponenda
1354 1483 1433 1525 de—

45 1561 310 1595 monstratur
338 1551 380 1594 in
416 1554 536 1604 Deo,
563 1566 650 1594 non
677 1559 821 1594 autem
845 1550 1113 1610 desperaret,
1141 1552 1175 1596 si
1199 1568 1292 1596 eam
1325 1554 1369 1596 in
1392 1568 1436 1596 se

43 1623 135 1681 ipso
157 1621 488 1679 superbissimus
509 1631 551 1665 et
573 1621 890 1665 infelicissimus
916 1624 1120 1681 poneret?

102 1695 262 1736 LXIII.
292 1696 436 1753 Atque
460 1693 625 1736 utinam
658 1691 769 1735 tardi
804 1692 933 1736 corde
963 1704 1004 1737 et
1026 1693 1213 1748 infirmi,
1245 1695 1321 1754 qui
1346 1711 1436 1739 non

42 1772 237 1822 possunt,
263 1763 331 1806 vel
351 1762 547 1806 nondum
571 1771 750 1821 possunt
776 1763 1017 1821 Scripturas
1039 1763 1108 1807 vel
1129 1779 1276 1807 earum
1301 1780 1435 1823 expo-

43 1833 220 1877 sitiones
243 1833 507 1891 intelligere,
540 1833 598 1876 sic
623 1832 825 1877 audirent
854 1833 922 1875 vel
950 1849 1038 1877 non
1065 1833 1263 1877 audirent
1289 1836 1334 1878 in
1355 1835 1437 1879 hac

43 1904 283 1963 quaestione
317 1902 632 1962 disputationes
666 1911 833 1946 nostras
857 1938 867 1956 ,
910 1911 958 1946 ut
994 1904 1128 1962 magis
1162 1903 1437 1949 intuerentur

43 1974 258 2018 orationes
281 1989 393 2028 suaS,
419 1989 524 2033 quas
546 1988 714 2032 semper
733 1973 885 2016 habuit
907 1983 946 2016 et
969 1974 1147 2017 habebit
1170 1974 1362 2019 Ecclesia
1380 1976 1435 2019 ab

43 2042 227 2088 exordiis
249 2044 360 2098 suis,
385 2043 525 2087 donec
559 2043 736 2086 finiatur
757 2043 842 2087 hoc
873 2043 1099 2087 saeculum.
1132 2047 1194 2088 De
1217 2045 1298 2089 hae
1320 2046 1436 2090 enim

44 2130 105 2169 re,
127 2130 258 2174 quam
277 2130 395 2158 nunc
414 2114 617 2158 adversus
635 2130 769 2158 novos
788 2115 1029 2167 haereticos,
1058 2131 1143 2159 non
1168 2131 1434 2161 commemo-

43 2201 136 2229 rare
170 2194 362 2239 tantum,
390 2185 462 2228 sed
494 2184 620 2243 plane
649 2186 757 2228 tucri
792 2195 834 2228 ct
861 2185 1085 2229 defensare
1110 2186 1431 2245 compellimur,

42 2271 267 2317 nunquam
301 2256 435 2299 tacuit
464 2255 508 2298 in
539 2255 739 2314 precibus
767 2257 873 2310 suis,
904 2257 981 2300 etsi
1011 2257 1248 2316 aliquando
1276 2259 1321 2300 in
1345 2274 1433 2301 ser-

43 2328 246 2371 monibus
265 2326 541 2370 exserendam
567 2326 687 2371 nullo
711 2337 892 2385 urgente
917 2327 1158 2372 adversario
1184 2345 1268 2372 non
1304 2339 1433 2387 puta-

41 2399 116 2442 vit.
143 2396 329 2450 Quando
345 2398 464 2440 'enirn
487 2413 572 2440 non
597 2407 768 2441 oratum
799 2408 861 2441 est
883 2399 926 2441 in
951 2398 1142 2442 Ecclesia
1168 2414 1245 2456 pro
1275 2399 1432 2442 infide-

43 2469 157 2512 libus
188 2477 317 2527 atque
357 2468 537 2512 inimicis
569 2470 658 2527 ejus
694 2479 741 2512 ut
780 2468 1036 2513 crederent?
1071 2468 1257 2521 Quando
1294 2470 1433 2514 fidelis

92 2576 101 2590 ¹
122 2571 239 2600 Jerem.
268 2568 463 2607 xv11,5.—-⁷
484 2570 562 2600 Psal.
587 2581 686 2610 cxvn,
707 2568 943 2609 6.—31d.11,
969 2569 1181 2601 13.-=-⁶1bi‹l.
1207 2582 1306 2602 11.—-
1329 2570 1430 2607 5J0b,
1451 2561 1458 2567 ³

46 2635 101 2665 vu,
125 2635 197 2654 1.-
218 2622 232 2644 G
255 2623 366 2655 Mauh.
390 2634 430 2663 ri,
457 2623 505 2655 13.
