1884 3285
428 280 510 320 306
857 285 889 313 s.
925 283 1154 313 ‚mensum
1187 285 1367 312 EPISCOPI

425 373 446 396 »
470 356 728 412 figmentum
749 352 787 396 ei
808 351 886 412 qui
905 365 950 395 se
968 351 1095 396 finxit
1116 349 1260 405 :Quid
1274 364 1343 394 me
1365 348 1503 393 fecisti
1523 349 1613 394 sic?
1637 351 1706 394 An
1722 363 1811 395 non

423 444 444 468 »
466 426 597 469 habet
620 432 875 484 potestatem
904 423 1064 481 figulus
1091 423 1198 477 luti,
1230 438 1281 466 ex
1318 419 1469 464 eadem
1498 434 1637 464 massa
1667 418 1813 465 facere

427 513 446 537 »
474 493 592 539 aliud
610 498 689 539 'vas
716 495 762 538 in
789 494 1026 548 honorem,
1061 492 1179 537 aliud
1199 493 1245 537 in
1267 490 1617 536 contumeliam¹.
1634 507 1654 531 »
1681 489 1815 535 Aufer

424 574 519 609 tuas
535 564 716 610 nebulas
738 564 794 610 ab
814 565 997 609 istorum
1017 564 1246 608 serenitate
1271 562 1528 616 verborum,
1549 561 1710 621 quibus
1737 561 1817 605 Dei
1873 607 1877 614 ,

424 635 604 696 quidem
637 636 856 696 judicium
885 634 1153 693 significatur
1190 633 1414 679 occultum
1446 653 1458 690 ς
1494 632 1569 677 sed
1597 632 1688 692 ipsa
1728 640 1819 675 tam

424 706 539 752 clara
552 715 671 762 sunt,
694 716 744 751 ut
766 721 810 751 se
839 715 914 750 tua
935 705 1118 764 caligine
1138 705 1395 750 obumbrari
1409 703 1719 763 obscurarique
1729 716 1819 747 non
1877 761 1879 769 ⁴

426 779 583 821 sinant.

482 848 725 892 CXXXVI.
749 848 977 891 humus.
1004 849 1068 890 Ac
1082 861 1160 905 per
1172 846 1260 890 hoc
1277 854 1320 889 et
1341 845 1421 889 tibi
1443 845 1720 889 vehementer
1737 843 1822 887 ob-

421 917 518 961 nixa
541 926 626 972 est,
651 917 816 972 dicens,
843 933 932 961 non
955 932 1110 961 omnes
1134 917 1237 975 fingi
1259 917 1304 960 in
1326 914 1752 968 condemnationem,
1776 913 1821 957 in

424 1003 558 1047 quam
580 997 628 1032 tu
646 1003 797 1032 omnes
815 988 877 1032 ire
894 987 1167 1047 pronuntias.
1193 987 1512 1032 Absurdissime
1529 995 1675 1031 autem
1697 999 1819 1042 argu·

421 1060 607 1103 mentari
621 1059 747 1113 soles,
769 1068 818 1104 ut
841 1058 957 1103 dicas
978 1077 987 1104 :
1011 1057 1095 1103 Sed
1117 1059 1162 1102 hi
1186 1074 1275 1102 non
1291 1059 1524 1117 finguntur
1543 1058 1589 1100 in
1612 1056 1825 1101 condem·
1866 1067 1870 1075 ⁸

423 1130 666 1184 nationem,
693 1129 767 1189 qui
790 1138 939 1188 postea
962 1128 1208 1172 liberantur
1233 1147 1242 1172 :
1267 1143 1368 1172 cum
1392 1142 1473 1171 nec
1496 1127 1556 1172 sic
1579 1128 1714 1186 possit
1732 1140 1824 1170 ser-

422 1200 560 1242 monis
578 1198 806 1257 apostolici
827 1199 906 1242 tibi
932 1197 1003 1243 vel
1033 1197 1284 1256 superficies
1312 1198 1560 1242 convenire.
1588 1199 1698 1242 Nam
1723 1210 1824 1241 cum

429 1267 534 1312 dicis
555 1277 605 1312 tu
631 1287 639 1312 :
663 1270 825 1312 Omnes
854 1269 900 1312 in
928 1269 1345 1313 condemnationem
1377 1278 1580 1313 creantur
1609 1268 1706 1327 lege
1732 1282 1829 1311 nas·

428 1338 578 1394 cendi,
599 1340 675 1384 sed
697 1340 829 1400 aliqui
850 1339 968 1394 inde,
1003 1341 1103 1384 licet
1121 1340 1367 1399 perexigui,
1394 1339 1609 1397 mysteriis
1634 1339 1828 1383 liberan-
1870 1357 1872 1365 s

433 1418 528 1467 tur3
551 1425 641 1455 non
657 1411 742 1455 hoc
765 1411 913 1455 asseris
932 1409 1157 1470 quodille,
1179 1411 1254 1471 qui
1271 1426 1363 1456 non
1381 1412 1522 1456 solum
1544 1411 1600 1455 de
1621 1410 1830 1455 condem·
1868 1449 1874 1475 ἔ

434 1479 544 1523 natis
572 1480 748 1524 liberari
770 1480 995 1539 praedicat,
1019 1496 1174 1525 verum
1197 1496 1286 1526 non
1317 1496 1468 1526 omnes
1488 1483 1533 1525 in
1557 1480 1831 1526 condemna-
1869 1515 1873 1543 ξ

435 1551 599 1595 tionem
619 1552 743 1611 fingi,
759 1551 835 1596 sed
848 1552 954 1596 alios
969 1553 1013 1595 in
1027 1552 1358 1608 contumeliam,
1375 1552 1480 1598 alios
1495 1553 1541 1597 in
1557 1554 1783 1597 honorem.
1806 1569 1826 1591 n
1869 1553 1872 1609 ζ

491 1626 783 1668 Amantius.
809 1623 896 1668 Ubi
929 1623 1036 1668 dixit
1071 1623 1316 1683 apostolus,
1356 1644 1376 1666 «
1402 1627 1465 1668 Ex
1495 1640 1585 1669 uno
1612 1637 1762 1668 omnes
1784 1622 1829 1666 in
1869 1671 1873 1687 B

437 1711 457 1734 »
484 1694 952 1752 condemnationem23
975 1713 995 1735 »
1021 1695 1159 1753 ipsam
1180 1710 1364 1739 massam
1389 1695 1712 1750 demonstravi,
1733 1709 1833 1753 quae
1868 1693 1872 1733 ’.

435 1772 525 1808 tota
546 1764 698 1809 vitiata
715 1779 769 1808 ex
791 1764 931 1809 Adam
955 1765 1081 1809 fluxit
1109 1784 1118 1809 ε
1140 1766 1218 1809 ubi
1241 1775 1388 1810 autem
1406 1766 1535 1816 dicit,
1564 1782 1615 1810 ex
1645 1765 1717 1809 illa
1741 1764 1834 1808 fieri
1870 1774 1873 1819 ζ

435 1849 534 1879 vasa
552 1835 598 1878 in
620 1835 849 1888 honorem,
870 1835 1053 1892 gratiam
1071 1835 1375 1891 commendat,
1398 1852 1484 1896 qua
1507 1836 1702 1881 homines
1723 1848 1834 1895 quos
1869 1834 1873 1881 ἶ

437 1914 576 1959 creat,
604 1906 734 1948 etiam
761 1905 949 1963 liberat3
974 1906 1051 1949 ubi
1072 1921 1198 1960 vero,
1225 1922 1275 1950 ex
1296 1905 1370 1951 illa
1388 1907 1480 1950 fieri
1494 1922 1591 1951 vasa
1613 1908 1657 1951 in
1673 1914 1834 1951 contu·-
1869 1928 1871 1944 2

439 1974 655 2030 meliamss,
676 1975 892 2035 judicium
914 1975 1119 2031 ostendit,
1143 1992 1232 2037 quo
1250 1977 1462 2032 homines,
1481 1977 1678 2037 quamvis
1699 1985 1832 2030 creet,
1869 1999 1872 2005 ·

439 2060 530 2090 non
552 2055 697 2090 tamen
721 2046 890 2091 liberat.
918 2047 1050 2100 Quod
1079 2047 1208 2091 etiam
1233 2063 1309 2092 vos
1334 2047 1389 2092 de
1416 2047 1607 2108 parvulis
1629 2046 1835 2106 cogimini

441 2116 666 2171 confiteri,
691 2132 882 2176 quorum
899 2126 1017 2161 certe
1038 2117 1238 2161 omnium
1268 2133 1401 2161 unam
1427 2133 1516 2162 esse
1542 2132 1722 2162 massam
1747 2131 1837 2161 non
1870 2140 1871 2168 1

442 2187 620 2246 potestis
636 2202 793 2245 negare
809 2223 820 2243 ,
846 2187 1132 2248 qualemlibet
1155 2203 1249 2232 eam
1276 2189 1437 2247 putetis
1464 2208 1472 2234 :
1499 2204 1550 2232 ex
1579 2204 1666 2249 qua
1689 2197 1838 2232 tamen
1868 2177 1871 2233 ,³

445 2258 549 2303 alios
564 2258 610 2302 in
628 2259 707 2302 Dei
726 2273 909 2317 regnum
934 2259 1131 2318 adoptari
1155 2259 1374 2316 fatemini,
1399 2275 1508 2320 quos
1526 2258 1838 2320 proculdubio
1870 2291 1871 2297 κ

445 2343 543 2373 vasa
557 2329 603 2373 in
621 2329 835 2374 honorem
850 2329 965 2375 facta
976 2330 1239 2388 conceditis3
1265 2330 1369 2375 alios
1388 2346 1491 2376 vero
1513 2346 1603 2376 non
1620 2329 1836 2390 adoptari,
1868 2324 1872 2361 ἕ

445 2414 556 2458 quos
579 2398 692 2445 facta
708 2416 807 2445 vasa
825 2401 871 2445 in
891 2399 1216 2456 contumeliam,
1239 2401 1320 2446 nisi
1340 2401 1636 2461 intelligenter
1652 2415 1840 2446 consen-

449 2470 590 2525 tiatis,
622 2471 901 2530 impudenter
927 2471 1106 2531 negatis.
1138 2473 1290 2532 Neque
1317 2474 1459 2527 enim,
1496 2473 1530 2516 si
1564 2487 1653 2517 non
1678 2480 1744 2516 est
1759 2471 1841 2515 ista
1868 2475 1871 2479 ⁴

450 2554 582 2598 poena
598 2541 913 2597 damnationis,
934 2543 1045 2587 sicut
1066 2541 1220 2597 vultis,
1238 2558 1328 2588 non
1348 2543 1429 2588 erit
1443 2542 1595 2588 saltem
1617 2551 1842 2588 contume·
1869 2533 1871 2536 ¹

500 2630 507 2646 ¹
537 2627 627 2657 Rom.
649 2636 692 2664 xi,
711 2634 754 2659 20
774 2630 807 2659 et
823 2636 878 2659 21.
894 2643 935 2650 —
952 2627 1031 2660 21d.
1062 2637 1096 2669 v,
1120 2626 1171 2658 16.
1188 2643 1226 2652 -
1245 2626 1323 2660 31d.
1344 2638 1388 2666 ix,
1409 2638 1462 2660 21.
