<?xml version="1.0" encoding="UTF-8"?>
<!DOCTYPE html PUBLIC "-//W3C//DTD XHTML 1.0 Transitional//EN"
    "http://www.w3.org/TR/xhtml1/DTD/xhtml1-transitional.dtd">
<html xmlns="http://www.w3.org/1999/xhtml" xml:lang="en" lang="en">
 <head>
  <title>
</title>
<meta http-equiv="Content-Type" content="text/html;charset=utf-8" />
  <meta name='ocr-system' content='tesseract 3.04.00' />
  <meta name='ocr-capabilities' content='ocr_page ocr_carea ocr_par ocr_line ocrx_word'/>
</head>
<body>
  <div class='ocr_page' id='page_1' title='image "./operaomniaaccura36auguuoft/operaomniaaccura36auguuoft_0242.png"; bbox 0 0 1884 3285; ppageno 0'>
   <div class='ocr_carea' id='block_1_1' title="bbox 1855 0 1883 631">
    <p class='ocr_par' dir='ltr' id='par_1_1' title="bbox 1855 0 1883 631">
     <span class='ocr_line' id='line_1_1' title="bbox 1855 0 1883 631; baseline 0 -116"><span class='ocrx_word' id='word_1_1' title='bbox 1855 0 1883 631; x_wconf 95' lang='lat' dir='ltr'>    </span> 
     </span>
    </p>
   </div>
   <div class='ocr_carea' id='block_1_2' title="bbox 419 133 1884 2447">
    <p class='ocr_par' dir='ltr' id='par_1_2' title="bbox 1849 133 1852 156">
     <span class='ocr_line' id='line_1_2' title="bbox 1849 133 1852 156; baseline 0 -5"><span class='ocrx_word' id='word_1_2' title='bbox 1849 133 1852 156; x_wconf 63' lang='lat'>1</span> 
     </span>
    </p>

    <p class='ocr_par' dir='ltr' id='par_1_3' title="bbox 1850 204 1853 259">
     <span class='ocr_line' id='line_1_3' title="bbox 1850 204 1853 259; baseline 0 0"><span class='ocrx_word' id='word_1_3' title='bbox 1850 204 1853 259; x_wconf 68' lang='lat' dir='ltr'>l</span> 
     </span>
    </p>

    <p class='ocr_par' dir='ltr' id='par_1_4' title="bbox 419 264 1884 2447">
     <span class='ocr_line' id='line_1_4' title="bbox 1850 264 1854 292; baseline 0 0"><span class='ocrx_word' id='word_1_4' title='bbox 1850 264 1854 292; x_wconf 76' lang='grc'>1</span> 
     </span>
     <span class='ocr_line' id='line_1_5' title="bbox 443 277 1868 370; baseline 0.018 -62"><span class='ocrx_word' id='word_1_5' title='bbox 443 277 520 312; x_wconf 77' lang='lat'>172</span> <span class='ocrx_word' id='word_1_6' title='bbox 871 294 900 317; x_wconf 81' lang='lat' dir='ltr'>s.</span> <span class='ocrx_word' id='word_1_7' title='bbox 940 292 1169 322; x_wconf 71' lang='lat' dir='ltr'>Arons&#39;rim</span> <span class='ocrx_word' id='word_1_8' title='bbox 1206 298 1384 326; x_wconf 69' lang='lat' dir='ltr'>Eriscom</span> <span class='ocrx_word' id='word_1_9' title='bbox 1657 333 1659 335; x_wconf 57' lang='grc'><strong>,</strong></span> <span class='ocrx_word' id='word_1_10' title='bbox 1850 306 1868 370; x_wconf 58' lang='grc'>11</span> 
     </span>
     <span class='ocr_line' id='line_1_6' title="bbox 436 352 1855 445; baseline 0.016 -45"><span class='ocrx_word' id='word_1_11' title='bbox 436 352 578 415; x_wconf 83' lang='lat' dir='ltr'>dant,</span> <span class='ocrx_word' id='word_1_12' title='bbox 609 354 760 403; x_wconf 88' lang='lat' dir='ltr'>etiam</span> <span class='ocrx_word' id='word_1_13' title='bbox 801 357 841 405; x_wconf 90' lang='lat' dir='ltr'>si</span> <span class='ocrx_word' id='word_1_14' title='bbox 883 376 1034 409; x_wconf 80' lang='lat' dir='ltr'>nemo</span> <span class='ocrx_word' id='word_1_15' title='bbox 1074 369 1377 432; x_wconf 74' lang='lat' dir='ltr'>peccasset‚)</span> <span class='ocrx_word' id='word_1_16' title='bbox 1405 368 1588 436; x_wconf 83' lang='lat' dir='ltr'>scripsi</span> <span class='ocrx_word' id='word_1_17' title='bbox 1624 369 1816 424; x_wconf 86' lang='lat' dir='ltr'>librum</span> <span class='ocrx_word' id='word_1_18' title='bbox 1851 371 1855 445; x_wconf 69' lang='grc' dir='ltr'>ξ</span> 
     </span>
     <span class='ocr_line' id='line_1_7' title="bbox 435 432 1817 516; baseline 0.017 -34"><span class='ocrx_word' id='word_1_19' title='bbox 435 432 500 482; x_wconf 89' lang='lat' dir='ltr'>ad</span> <span class='ocrx_word' id='word_1_20' title='bbox 523 434 776 485; x_wconf 75' lang='lat' dir='ltr'>Comitem</span> <span class='ocrx_word' id='word_1_21' title='bbox 800 439 1084 506; x_wconf 81' lang='lat' dir='ltr'>Valerium,</span> <span class='ocrx_word' id='word_1_22' title='bbox 1110 445 1257 513; x_wconf 82' lang='lat' dir='ltr'>cujus</span> <span class='ocrx_word' id='word_1_23' title='bbox 1280 447 1401 497; x_wconf 83' lang='lat' dir='ltr'>libri</span> <span class='ocrx_word' id='word_1_24' title='bbox 1429 449 1611 501; x_wconf 85' lang='lat' dir='ltr'>titulus</span> <span class='ocrx_word' id='word_1_25' title='bbox 1637 465 1728 516; x_wconf 82' lang='lat' dir='ltr'>est,</span> <span class='ocrx_word' id='word_1_26' title='bbox 1754 456 1817 506; x_wconf 84' lang='lat' dir='ltr'>de</span> 
     </span>
     <span class='ocr_line' id='line_1_8' title="bbox 441 515 1867 603; baseline 0.02 -42"><span class='ocrx_word' id='word_1_27' title='bbox 441 515 644 582; x_wconf 71' lang='lat' dir='ltr'>Nuptiis</span> <span class='ocrx_word' id='word_1_28' title='bbox 667 528 714 565; x_wconf 76' lang='lat' dir='ltr'>ec</span> <span class='ocrx_word' id='word_1_29' title='bbox 740 523 1146 589; x_wconf 71' lang='lat' dir='ltr'>concupiscentia</span> <span class='ocrx_word' id='word_1_30' title='bbox 1169 545 1185 574; x_wconf 92' lang='lat'>.·</span> <span class='ocrx_word' id='word_1_31' title='bbox 1208 545 1268 576; x_wconf 88' lang='lat' dir='ltr'>eo</span> <span class='ocrx_word' id='word_1_32' title='bbox 1284 528 1428 597; x_wconf 90' lang='lat' dir='ltr'>quod</span> <span class='ocrx_word' id='word_1_33' title='bbox 1450 529 1515 580; x_wconf 91' lang='lat' dir='ltr'>ad</span> <span class='ocrx_word' id='word_1_34' title='bbox 1532 532 1678 583; x_wconf 92' lang='lat' dir='ltr'>illum</span> <span class='ocrx_word' id='word_1_35' title='bbox 1696 554 1812 603; x_wconf 87' lang='lat' dir='ltr'>per·</span> <span class='ocrx_word' id='word_1_36' title='bbox 1853 548 1867 589; x_wconf 81' lang='lat'>¹.</span> 
     </span>
     <span class='ocr_line' id='line_1_9' title="bbox 433 597 1865 694; baseline 0.018 -51"><span class='ocrx_word' id='word_1_37' title='bbox 433 597 631 648; x_wconf 85' lang='lat' dir='ltr'>venisse</span> <span class='ocrx_word' id='word_1_38' title='bbox 675 617 1021 667; x_wconf 75' lang='lat' dir='ltr'>cognoveram</span> <span class='ocrx_word' id='word_1_39' title='bbox 1071 606 1242 659; x_wconf 80' lang='lat' dir='ltr'>dicere</span> <span class='ocrx_word' id='word_1_40' title='bbox 1292 611 1622 680; x_wconf 60' lang='lat' dir='ltr'>Pelagianos,</span> <span class='ocrx_word' id='word_1_41' title='bbox 1670 615 1812 668; x_wconf 90' lang='lat' dir='ltr'>dam-</span> <span class='ocrx_word' id='word_1_42' title='bbox 1853 609 1865 694; x_wconf 58' lang='grc' dir='ltr'>ξ</span> 
     </span>
     <span class='ocr_line' id='line_1_10' title="bbox 434 689 1863 765; baseline 0.018 -39"><span class='ocrx_word' id='word_1_43' title='bbox 434 689 641 730; x_wconf 84' lang='lat' dir='ltr'>natores</span> <span class='ocrx_word' id='word_1_44' title='bbox 690 701 784 732; x_wconf 90' lang='lat' dir='ltr'>nos</span> <span class='ocrx_word' id='word_1_45' title='bbox 822 703 928 735; x_wconf 89' lang='lat' dir='ltr'>esse</span> <span class='ocrx_word' id='word_1_46' title='bbox 973 691 1294 757; x_wconf 80' lang='lat' dir='ltr'>nuptiarum.</span> <span class='ocrx_word' id='word_1_47' title='bbox 1335 696 1578 765; x_wconf 86' lang='lat' dir='ltr'>Denique</span> <span class='ocrx_word' id='word_1_48' title='bbox 1628 698 1681 747; x_wconf 92' lang='lat' dir='ltr'>in</span> <span class='ocrx_word' id='word_1_49' title='bbox 1725 700 1818 752; x_wconf 90' lang='lat' dir='ltr'>illo</span> <span class='ocrx_word' id='word_1_50' title='bbox 1854 700 1863 758; x_wconf 66' lang='lat' dir='ltr'>l,</span> 
     </span>
     <span class='ocr_line' id='line_1_11' title="bbox 434 766 1858 846; baseline 0.018 -38"><span class='ocrx_word' id='word_1_51' title='bbox 434 777 613 828; x_wconf 80' lang='lat' dir='ltr'>opere,</span> <span class='ocrx_word' id='word_1_52' title='bbox 639 766 946 832; x_wconf 79' lang='lat' dir='ltr'>nuptiarum</span> <span class='ocrx_word' id='word_1_53' title='bbox 969 768 1168 822; x_wconf 86' lang='lat' dir='ltr'>bonum</span> <span class='ocrx_word' id='word_1_54' title='bbox 1193 793 1220 824; x_wconf 90' lang='lat' dir='ltr'>a</span> <span class='ocrx_word' id='word_1_55' title='bbox 1246 778 1683 846; x_wconf 84' lang='lat' dir='ltr'>concupiscentiae</span> <span class='ocrx_word' id='word_1_56' title='bbox 1705 801 1817 832; x_wconf 84' lang='lat' dir='ltr'>car·</span> <span class='ocrx_word' id='word_1_57' title='bbox 1854 811 1858 819; x_wconf 90' lang='grc'><em>·</em></span> 
     </span>
     <span class='ocr_line' id='line_1_12' title="bbox 432 841 1818 931; baseline 0.019 -42"><span class='ocrx_word' id='word_1_58' title='bbox 432 841 565 892; x_wconf 89' lang='lat' dir='ltr'>nalis</span> <span class='ocrx_word' id='word_1_59' title='bbox 582 845 736 909; x_wconf 76' lang='lat' dir='ltr'>malo,</span> <span class='ocrx_word' id='word_1_60' title='bbox 756 865 864 916; x_wconf 88' lang='lat' dir='ltr'>quo</span> <span class='ocrx_word' id='word_1_61' title='bbox 887 848 1019 902; x_wconf 88' lang='lat' dir='ltr'>bene</span> <span class='ocrx_word' id='word_1_62' title='bbox 1046 854 1213 904; x_wconf 90' lang='lat' dir='ltr'>utitur</span> <span class='ocrx_word' id='word_1_63' title='bbox 1230 857 1488 925; x_wconf 81' lang='lat' dir='ltr'>pudicitia</span> <span class='ocrx_word' id='word_1_64' title='bbox 1512 862 1818 931; x_wconf 84' lang='lat' dir='ltr'>conjugalis,</span> 
     </span>
     <span class='ocr_line' id='line_1_13' title="bbox 431 924 1866 1007; baseline 0.019 -37"><span class='ocrx_word' id='word_1_65' title='bbox 431 924 574 990; x_wconf 89' lang='lat' dir='ltr'>quali</span> <span class='ocrx_word' id='word_1_66' title='bbox 622 928 770 993; x_wconf 89' lang='lat' dir='ltr'>potui</span> <span class='ocrx_word' id='word_1_67' title='bbox 813 929 1189 1000; x_wconf 79' lang='lat' dir='ltr'>disputatione,</span> <span class='ocrx_word' id='word_1_68' title='bbox 1232 937 1467 990; x_wconf 84' lang='lat' dir='ltr'>discrevi.</span> <span class='ocrx_word' id='word_1_69' title='bbox 1514 943 1637 1007; x_wconf 86' lang='lat' dir='ltr'>Quo</span> <span class='ocrx_word' id='word_1_70' title='bbox 1676 944 1815 997; x_wconf 88' lang='lat' dir='ltr'>libro</span> <span class='ocrx_word' id='word_1_71' title='bbox 1856 964 1866 997; x_wconf 92' lang='grc'>1</span> 
     </span>
     <span class='ocr_line' id='line_1_14' title="bbox 432 1017 1874 1112; baseline 0.018 -60"><span class='ocrx_word' id='word_1_72' title='bbox 432 1017 663 1073; x_wconf 80' lang='lat' dir='ltr'>accepto,</span> <span class='ocrx_word' id='word_1_73' title='bbox 704 1024 1018 1064; x_wconf 87' lang='lat' dir='ltr'>memoratus</span> <span class='ocrx_word' id='word_1_74' title='bbox 1053 1017 1134 1066; x_wconf 86' lang='lat' dir='ltr'>vir</span> <span class='ocrx_word' id='word_1_75' title='bbox 1168 1018 1386 1070; x_wconf 90' lang='lat' dir='ltr'>illustris</span> <span class='ocrx_word' id='word_1_76' title='bbox 1423 1023 1563 1074; x_wconf 85' lang='lat' dir='ltr'>misit</span> <span class='ocrx_word' id='word_1_77' title='bbox 1591 1025 1722 1075; x_wconf 87' lang='lat' dir='ltr'>mihi</span> <span class='ocrx_word' id='word_1_78' title='bbox 1763 1028 1816 1077; x_wconf 93' lang='lat' dir='ltr'>in</span> <span class='ocrx_word' id='word_1_79' title='bbox 1855 1031 1874 1112; x_wconf 67' lang='lat'>}</span> 
     </span>
     <span class='ocr_line' id='line_1_15' title="bbox 432 1086 1861 1178; baseline 0.019 -44"><span class='ocrx_word' id='word_1_80' title='bbox 432 1086 670 1138; x_wconf 87' lang='lat' dir='ltr'>chartula</span> <span class='ocrx_word' id='word_1_81' title='bbox 690 1094 973 1145; x_wconf 87' lang='lat' dir='ltr'>nonnullas</span> <span class='ocrx_word' id='word_1_82' title='bbox 988 1101 1272 1150; x_wconf 89' lang='lat' dir='ltr'>sententias</span> <span class='ocrx_word' id='word_1_83' title='bbox 1291 1101 1562 1172; x_wconf 87' lang='lat' dir='ltr'>decerptas</span> <span class='ocrx_word' id='word_1_84' title='bbox 1579 1125 1638 1156; x_wconf 80' lang='lat' dir='ltr'>ex</span> <span class='ocrx_word' id='word_1_85' title='bbox 1661 1126 1818 1178; x_wconf 86' lang='lat' dir='ltr'>opere</span> <span class='ocrx_word' id='word_1_86' title='bbox 1857 1135 1861 1153; x_wconf 63' lang='lat'>==</span> 
     </span>
     <span class='ocr_line' id='line_1_16' title="bbox 429 1018 1884 1266; baseline 0.016 -51"><span class='ocrx_word' id='word_1_87' title='bbox 429 1166 622 1218; x_wconf 88' lang='lat' dir='ltr'>Juliani</span> <span class='ocrx_word' id='word_1_88' title='bbox 656 1171 885 1224; x_wconf 75' lang='lat' dir='ltr'>haeretici</span> <span class='ocrx_word' id='word_1_89' title='bbox 919 1178 1197 1247; x_wconf 80' lang='lat' dir='ltr'>Pelagiani‚</span> <span class='ocrx_word' id='word_1_90' title='bbox 1224 1183 1310 1249; x_wconf 84' lang='lat' dir='ltr'>(in</span> <span class='ocrx_word' id='word_1_91' title='bbox 1337 1203 1445 1253; x_wconf 90' lang='lat' dir='ltr'>quo</span> <span class='ocrx_word' id='word_1_92' title='bbox 1470 1205 1633 1256; x_wconf 89' lang='lat' dir='ltr'>opere</span> <span class='ocrx_word' id='word_1_93' title='bbox 1669 1190 1817 1243; x_wconf 85' lang='lat' dir='ltr'>libris</span> <span class='ocrx_word' id='word_1_94' title='bbox 1857 1018 1884 1266; x_wconf 72' lang='lat' dir='ltr'>l</span> 
     </span>
     <span class='ocr_line' id='line_1_17' title="bbox 429 1257 1814 1339; baseline 0.019 -42"><span class='ocrx_word' id='word_1_95' title='bbox 429 1262 660 1317; x_wconf 87' lang='lat' dir='ltr'>quatuor</span> <span class='ocrx_word' id='word_1_96' title='bbox 690 1257 1017 1323; x_wconf 86' lang='lat' dir='ltr'>respondisse</span> <span class='ocrx_word' id='word_1_97' title='bbox 1046 1260 1146 1311; x_wconf 86' lang='lat' dir='ltr'>sibi</span> <span class='ocrx_word' id='word_1_98' title='bbox 1174 1264 1312 1315; x_wconf 90' lang='lat' dir='ltr'>visus</span> <span class='ocrx_word' id='word_1_99' title='bbox 1346 1279 1422 1317; x_wconf 88' lang='lat' dir='ltr'>est</span> <span class='ocrx_word' id='word_1_100' title='bbox 1451 1268 1528 1318; x_wconf 90' lang='lat' dir='ltr'>illi</span> <span class='ocrx_word' id='word_1_101' title='bbox 1565 1272 1654 1321; x_wconf 89' lang='lat' dir='ltr'>uni</span> <span class='ocrx_word' id='word_1_102' title='bbox 1678 1291 1814 1339; x_wconf 89' lang='lat' dir='ltr'>meo,</span> 
     </span>
     <span class='ocr_line' id='line_1_18' title="bbox 430 1333 1884 1452; baseline 0.02 -73"><span class='ocrx_word' id='word_1_103' title='bbox 430 1350 585 1399; x_wconf 82' lang='lat' dir='ltr'>quem</span> <span class='ocrx_word' id='word_1_104' title='bbox 610 1333 674 1383; x_wconf 87' lang='lat' dir='ltr'>de</span> <span class='ocrx_word' id='word_1_105' title='bbox 698 1337 910 1406; x_wconf 86' lang='lat' dir='ltr'>Nuptiis</span> <span class='ocrx_word' id='word_1_106' title='bbox 932 1352 982 1390; x_wconf 91' lang='lat' dir='ltr'>et</span> <span class='ocrx_word' id='word_1_107' title='bbox 1004 1346 1424 1413; x_wconf 89' lang='lat' dir='ltr'>concupiscentia</span> <span class='ocrx_word' id='word_1_108' title='bbox 1448 1370 1528 1401; x_wconf 89' lang='lat' dir='ltr'>me</span> <span class='ocrx_word' id='word_1_109' title='bbox 1551 1355 1814 1423; x_wconf 86' lang='lat' dir='ltr'>scripsisse</span> <span class='ocrx_word' id='word_1_110' title='bbox 1859 1372 1884 1452; x_wconf 59' lang='grc' dir='ltr'>1ε</span> 
     </span>
     <span class='ocr_line' id='line_1_19' title="bbox 430 1418 1884 1511; baseline 0.021 -51"><span class='ocrx_word' id='word_1_111' title='bbox 430 1418 766 1486; x_wconf 85' lang='lat' dir='ltr'>memoravi‚)</span> <span class='ocrx_word' id='word_1_112' title='bbox 796 1421 972 1472; x_wconf 88' lang='lat' dir='ltr'>missas</span> <span class='ocrx_word' id='word_1_113' title='bbox 993 1424 1092 1474; x_wconf 81' lang='lat' dir='ltr'>sibi</span> <span class='ocrx_word' id='word_1_114' title='bbox 1119 1445 1145 1475; x_wconf 88' lang='lat' dir='ltr'>a</span> <span class='ocrx_word' id='word_1_115' title='bbox 1169 1431 1347 1480; x_wconf 87' lang='lat' dir='ltr'>nescio</span> <span class='ocrx_word' id='word_1_116' title='bbox 1371 1449 1494 1499; x_wconf 84' lang='lat' dir='ltr'>quo,</span> <span class='ocrx_word' id='word_1_117' title='bbox 1523 1436 1616 1503; x_wconf 88' lang='lat' dir='ltr'>qui</span> <span class='ocrx_word' id='word_1_118' title='bbox 1644 1450 1816 1501; x_wconf 86' lang='lat' dir='ltr'>eas,ut</span> <span class='ocrx_word' id='word_1_119' title='bbox 1859 1450 1884 1511; x_wconf 63' lang='grc' dir='ltr'>μ]</span> 
     </span>
     <span class='ocr_line' id='line_1_20' title="bbox 429 1495 1884 1600; baseline 0.021 -58"><span class='ocrx_word' id='word_1_120' title='bbox 429 1495 617 1557; x_wconf 85' lang='lat' dir='ltr'>voluit,</span> <span class='ocrx_word' id='word_1_121' title='bbox 643 1516 701 1548; x_wconf 86' lang='lat' dir='ltr'>ex</span> <span class='ocrx_word' id='word_1_122' title='bbox 734 1502 904 1568; x_wconf 86' lang='lat' dir='ltr'>primo</span> <span class='ocrx_word' id='word_1_123' title='bbox 934 1505 1127 1557; x_wconf 79' lang='lat' dir='ltr'>Juliani</span> <span class='ocrx_word' id='word_1_124' title='bbox 1158 1509 1298 1561; x_wconf 86' lang='lat' dir='ltr'>libro</span> <span class='ocrx_word' id='word_1_125' title='bbox 1340 1511 1695 1583; x_wconf 84' lang='lat' dir='ltr'>decerpendas</span> <span class='ocrx_word' id='word_1_126' title='bbox 1730 1539 1814 1570; x_wconf 87' lang='lat' dir='ltr'>cu·</span> <span class='ocrx_word' id='word_1_127' title='bbox 1859 1510 1884 1600; x_wconf 66' lang='lat' dir='ltr'>ll</span> 
     </span>
     <span class='ocr_line' id='line_1_21' title="bbox 429 1578 1884 1669; baseline 0.021 -45"><span class='ocrx_word' id='word_1_128' title='bbox 429 1578 561 1627; x_wconf 89' lang='lat' dir='ltr'>ravit</span> <span class='ocrx_word' id='word_1_129' title='bbox 586 1597 595 1626; x_wconf 72' lang='grc' dir='ltr'><strong><em>ε</em></strong></span> <span class='ocrx_word' id='word_1_130' title='bbox 616 1581 809 1648; x_wconf 83' lang='lat' dir='ltr'>quibus</span> <span class='ocrx_word' id='word_1_131' title='bbox 833 1595 887 1634; x_wconf 88' lang='lat' dir='ltr'>ut</span> <span class='ocrx_word' id='word_1_132' title='bbox 908 1591 1224 1655; x_wconf 81' lang='lat' dir='ltr'>quantocius</span> <span class='ocrx_word' id='word_1_133' title='bbox 1247 1595 1645 1663; x_wconf 81' lang='lat' dir='ltr'>responderem,</span> <span class='ocrx_word' id='word_1_134' title='bbox 1674 1599 1811 1652; x_wconf 91' lang='lat' dir='ltr'>idem</span> <span class='ocrx_word' id='word_1_135' title='bbox 1859 1596 1884 1669; x_wconf 72' lang='lat' dir='ltr'>lq</span> 
     </span>
     <span class='ocr_line' id='line_1_22' title="bbox 427 1658 1884 1792; baseline 0.021 -86"><span class='ocrx_word' id='word_1_136' title='bbox 427 1658 666 1711; x_wconf 84' lang='lat' dir='ltr'>Valerius</span> <span class='ocrx_word' id='word_1_137' title='bbox 700 1669 956 1734; x_wconf 83' lang='lat' dir='ltr'>poposcit.</span> <span class='ocrx_word' id='word_1_138' title='bbox 986 1671 1050 1721; x_wconf 86' lang='lat' dir='ltr'>Et</span> <span class='ocrx_word' id='word_1_139' title='bbox 1079 1672 1272 1724; x_wconf 87' lang='lat' dir='ltr'>factum</span> <span class='ocrx_word' id='word_1_140' title='bbox 1298 1690 1393 1740; x_wconf 80' lang='lat' dir='ltr'>est,</span> <span class='ocrx_word' id='word_1_141' title='bbox 1425 1691 1480 1729; x_wconf 90' lang='lat' dir='ltr'>ut</span> <span class='ocrx_word' id='word_1_142' title='bbox 1507 1680 1604 1730; x_wconf 81' lang='lat' dir='ltr'>sul)</span> <span class='ocrx_word' id='word_1_143' title='bbox 1628 1682 1809 1734; x_wconf 87' lang='lat' dir='ltr'>eodem</span> <span class='ocrx_word' id='word_1_144' title='bbox 1860 1684 1884 1792; x_wconf 62' lang='grc'>1</span> 
     </span>
     <span class='ocr_line' id='line_1_23' title="bbox 427 1740 1863 1827; baseline 0.022 -39"><span class='ocrx_word' id='word_1_145' title='bbox 427 1740 584 1791; x_wconf 87' lang='lat' dir='ltr'>titulo</span> <span class='ocrx_word' id='word_1_146' title='bbox 616 1746 769 1794; x_wconf 87' lang='lat' dir='ltr'>etiam</span> <span class='ocrx_word' id='word_1_147' title='bbox 797 1751 1088 1802; x_wconf 86' lang='lat' dir='ltr'>secundum</span> <span class='ocrx_word' id='word_1_148' title='bbox 1120 1754 1313 1807; x_wconf 86' lang='lat' dir='ltr'>librum</span> <span class='ocrx_word' id='word_1_149' title='bbox 1347 1761 1653 1827; x_wconf 80' lang='lat' dir='ltr'>scriberem,</span> <span class='ocrx_word' id='word_1_150' title='bbox 1688 1784 1810 1816; x_wconf 91' lang='lat' dir='ltr'>con-</span> <span class='ocrx_word' id='word_1_151' title='bbox 1860 1766 1863 1806; x_wconf 78' lang='lat'><strong>¹</strong></span> 
     </span>
     <span class='ocr_line' id='line_1_24' title="bbox 425 1828 1884 1914; baseline 0.021 -44"><span class='ocrx_word' id='word_1_152' title='bbox 425 1832 503 1871; x_wconf 88' lang='lat' dir='ltr'>tra</span> <span class='ocrx_word' id='word_1_153' title='bbox 532 1842 682 1892; x_wconf 89' lang='lat' dir='ltr'>quem</span> <span class='ocrx_word' id='word_1_154' title='bbox 706 1828 943 1882; x_wconf 82' lang='lat' dir='ltr'>Julianus</span> <span class='ocrx_word' id='word_1_155' title='bbox 982 1835 1111 1885; x_wconf 84' lang='lat' dir='ltr'>alios</span> <span class='ocrx_word' id='word_1_156' title='bbox 1142 1850 1260 1888; x_wconf 86' lang='lat' dir='ltr'>octo</span> <span class='ocrx_word' id='word_1_157' title='bbox 1296 1841 1457 1892; x_wconf 90' lang='lat' dir='ltr'>nimia</span> <span class='ocrx_word' id='word_1_158' title='bbox 1492 1844 1809 1914; x_wconf 86' lang='lat' dir='ltr'>loquacitate</span> <span class='ocrx_word' id='word_1_159' title='bbox 1860 1854 1884 1907; x_wconf 75' lang='grc' dir='ltr'>κ’</span> 
     </span>
     <span class='ocr_line' id='line_1_25' title="bbox 423 1908 1864 1999; baseline 0.021 -47"><span class='ocrx_word' id='word_1_160' title='bbox 423 1908 749 1977; x_wconf 87' lang='lat' dir='ltr'>conscripsit.</span> <span class='ocrx_word' id='word_1_161' title='bbox 768 1913 864 1962; x_wconf 89' lang='lat' dir='ltr'>His</span> <span class='ocrx_word' id='word_1_162' title='bbox 887 1934 1029 1966; x_wconf 88' lang='lat' dir='ltr'>nunc</span> <span class='ocrx_word' id='word_1_163' title='bbox 1048 1921 1362 1988; x_wconf 54' lang='lat' dir='ltr'>respondem</span> <span class='ocrx_word' id='word_1_164' title='bbox 1386 1925 1493 1993; x_wconf 85' lang='lat' dir='ltr'>ejus</span> <span class='ocrx_word' id='word_1_165' title='bbox 1512 1928 1670 1979; x_wconf 84' lang='lat' dir='ltr'>verba</span> <span class='ocrx_word' id='word_1_166' title='bbox 1690 1949 1808 1999; x_wconf 88' lang='lat' dir='ltr'>pro-</span> <span class='ocrx_word' id='word_1_167' title='bbox 1861 1934 1864 1950; x_wconf 79' lang='lat'><em>¹</em></span> 
     </span>
     <span class='ocr_line' id='line_1_26' title="bbox 422 1992 1865 2076; baseline 0.021 -43"><span class='ocrx_word' id='word_1_168' title='bbox 422 2003 647 2053; x_wconf 77' lang='lat' dir='ltr'>ponens,</span> <span class='ocrx_word' id='word_1_169' title='bbox 697 1992 998 2064; x_wconf 86' lang='lat' dir='ltr'>eisdemque</span> <span class='ocrx_word' id='word_1_170' title='bbox 1050 2000 1371 2070; x_wconf 84' lang='lat' dir='ltr'>snbjungens</span> <span class='ocrx_word' id='word_1_171' title='bbox 1410 2011 1803 2076; x_wconf 84' lang='lat' dir='ltr'>responsionem</span> <span class='ocrx_word' id='word_1_172' title='bbox 1861 2003 1865 2060; x_wconf 59' lang='lat' dir='ltr'>l.</span> 
     </span>
     <span class='ocr_line' id='line_1_27' title="bbox 421 2071 1865 2155; baseline 0.022 -40"><span class='ocrx_word' id='word_1_173' title='bbox 421 2085 584 2117; x_wconf 89' lang='lat' dir='ltr'>meam</span> <span class='ocrx_word' id='word_1_174' title='bbox 632 2071 697 2122; x_wconf 88' lang='lat' dir='ltr'>ad</span> <span class='ocrx_word' id='word_1_175' title='bbox 738 2073 848 2125; x_wconf 87' lang='lat' dir='ltr'>loca</span> <span class='ocrx_word' id='word_1_176' title='bbox 888 2079 1116 2146; x_wconf 80' lang='lat' dir='ltr'>singula,</span> <span class='ocrx_word' id='word_1_177' title='bbox 1164 2084 1301 2135; x_wconf 89' lang='lat' dir='ltr'>sicut</span> <span class='ocrx_word' id='word_1_178' title='bbox 1337 2087 1586 2140; x_wconf 87' lang='lat' dir='ltr'>refutatio</span> <span class='ocrx_word' id='word_1_179' title='bbox 1623 2111 1805 2146; x_wconf 88' lang='lat' dir='ltr'>eorum</span> <span class='ocrx_word' id='word_1_180' title='bbox 1861 2105 1865 2155; x_wconf 64' lang='grc' dir='ltr'><strong>ἦ</strong></span> 
     </span>
     <span class='ocr_line' id='line_1_28' title="bbox 421 2149 1800 2246; baseline 0.024 -50"><span class='ocrx_word' id='word_1_181' title='bbox 421 2149 527 2198; x_wconf 89' lang='lat' dir='ltr'>visa</span> <span class='ocrx_word' id='word_1_182' title='bbox 574 2165 649 2202; x_wconf 91' lang='lat' dir='ltr'>est</span> <span class='ocrx_word' id='word_1_183' title='bbox 687 2173 793 2206; x_wconf 88' lang='lat' dir='ltr'>esse</span> <span class='ocrx_word' id='word_1_184' title='bbox 832 2159 1122 2226; x_wconf 77' lang='lat' dir='ltr'>reddenda3</span> <span class='ocrx_word' id='word_1_185' title='bbox 1165 2184 1281 2216; x_wconf 87' lang='lat' dir='ltr'>cum</span> <span class='ocrx_word' id='word_1_186' title='bbox 1312 2169 1418 2237; x_wconf 80' lang='lat' dir='ltr'>jam</span> <span class='ocrx_word' id='word_1_187' title='bbox 1447 2172 1647 2240; x_wconf 87' lang='lat' dir='ltr'>priores</span> <span class='ocrx_word' id='word_1_188' title='bbox 1679 2196 1800 2246; x_wconf 88' lang='lat' dir='ltr'>qua-</span> 
     </span>
     <span class='ocr_line' id='line_1_29' title="bbox 421 2235 1803 2316; baseline 0.023 -37"><span class='ocrx_word' id='word_1_189' title='bbox 421 2242 541 2281; x_wconf 85' lang='lat' dir='ltr'>tuor</span> <span class='ocrx_word' id='word_1_190' title='bbox 587 2235 694 2303; x_wconf 83' lang='lat' dir='ltr'>ejus</span> <span class='ocrx_word' id='word_1_191' title='bbox 732 2238 914 2305; x_wconf 82' lang='lat' dir='ltr'>libros,</span> <span class='ocrx_word' id='word_1_192' title='bbox 953 2257 1292 2316; x_wconf 82' lang='lat' dir='ltr'>posteaquam</span> <span class='ocrx_word' id='word_1_193' title='bbox 1335 2252 1390 2301; x_wconf 88' lang='lat' dir='ltr'>in</span> <span class='ocrx_word' id='word_1_194' title='bbox 1431 2273 1614 2307; x_wconf 87' lang='lat' dir='ltr'>manus</span> <span class='ocrx_word' id='word_1_195' title='bbox 1668 2278 1803 2311; x_wconf 87' lang='lat' dir='ltr'>meas</span> 
     </span>
     <span class='ocr_line' id='line_1_30' title="bbox 419 2318 1884 2407; baseline 0.023 -45"><span class='ocrx_word' id='word_1_196' title='bbox 419 2330 703 2382; x_wconf 77' lang='lat' dir='ltr'>venerunt,</span> <span class='ocrx_word' id='word_1_197' title='bbox 732 2339 817 2371; x_wconf 84' lang='lat' dir='ltr'>sex</span> <span class='ocrx_word' id='word_1_198' title='bbox 847 2323 995 2376; x_wconf 85' lang='lat' dir='ltr'>libris</span> <span class='ocrx_word' id='word_1_199' title='bbox 1032 2318 1154 2379; x_wconf 88' lang='lat' dir='ltr'>satis</span> <span class='ocrx_word' id='word_1_200' title='bbox 1188 2345 1477 2404; x_wconf 86' lang='lat' dir='ltr'>aperteque</span> <span class='ocrx_word' id='word_1_201' title='bbox 1505 2340 1799 2393; x_wconf 84' lang='lat' dir='ltr'>refellerim.</span> <span class='ocrx_word' id='word_1_202' title='bbox 1862 2353 1884 2407; x_wconf 69' lang='lat' dir='ltr'>{i</span> 
     </span>
     <span class='ocr_line' id='line_1_31' title="bbox 1862 2418 1884 2447; baseline 0 0"><span class='ocrx_word' id='word_1_203' title='bbox 1862 2418 1884 2447; x_wconf 83' lang='grc'>1.</span> 
     </span>
    </p>
   </div>
   <div class='ocr_carea' id='block_1_3' title="bbox 1871 1262 1884 1407">
    <p class='ocr_par' dir='ltr' id='par_1_5' title="bbox 1871 1262 1884 1407">
     <span class='ocr_line' id='line_1_32' title="bbox 1871 1262 1884 1407; baseline 0 1878"><span class='ocrx_word' id='word_1_204' title='bbox 1871 1262 1884 1407; x_wconf 95' lang='lat' dir='ltr'> </span> 
     </span>
    </p>
   </div>
   <div class='ocr_carea' id='block_1_4' title="bbox 1873 1893 1884 2015">
    <p class='ocr_par' dir='ltr' id='par_1_6' title="bbox 1873 1893 1884 2015">
     <span class='ocr_line' id='line_1_33' title="bbox 1873 1893 1884 2015; textangle 90"><span class='ocrx_word' id='word_1_205' title='bbox 1873 1893 1884 2015; x_wconf 57' lang='lat'>——2-.-.1</span> 
     </span>
    </p>
   </div>
   <div class='ocr_carea' id='block_1_5' title="bbox 1876 2018 1884 2154">
    <p class='ocr_par' dir='ltr' id='par_1_7' title="bbox 1876 2018 1884 2154">
     <span class='ocr_line' id='line_1_34' title="bbox 1876 2018 1884 2154; baseline 0 1131"><span class='ocrx_word' id='word_1_206' title='bbox 1876 2018 1884 2154; x_wconf 95' lang='lat' dir='ltr'> </span> 
     </span>
    </p>
   </div>
   <div class='ocr_carea' id='block_1_6' title="bbox 1861 2162 1884 2355">
    <p class='ocr_par' dir='ltr' id='par_1_8' title="bbox 1861 2162 1884 2355">
     <span class='ocr_line' id='line_1_35' title="bbox 1862 2162 1884 2227; baseline 0 0"><span class='ocrx_word' id='word_1_207' title='bbox 1862 2162 1884 2227; x_wconf 63' lang='grc' dir='ltr'>Ἰ</span> 
     </span>
     <span class='ocr_line' id='line_1_36' title="bbox 1864 2243 1884 2261; baseline 0 0"><span class='ocrx_word' id='word_1_208' title='bbox 1864 2243 1884 2261; x_wconf 57' lang='lat' dir='ltr'>l!</span> 
     </span>
     <span class='ocr_line' id='line_1_37' title="bbox 1861 2314 1884 2355; baseline 0.13 -3"><span class='ocrx_word' id='word_1_209' title='bbox 1861 2314 1884 2355; x_wconf 80' lang='grc'>1;</span> 
     </span>
    </p>
   </div>
   <div class='ocr_carea' id='block_1_7' title="bbox 1864 2471 1884 2532">
    <p class='ocr_par' dir='ltr' id='par_1_9' title="bbox 1864 2471 1884 2532">
     <span class='ocr_line' id='line_1_38' title="bbox 1864 2471 1884 2496; baseline 0 0"><span class='ocrx_word' id='word_1_210' title='bbox 1864 2471 1884 2496; x_wconf 65' lang='lat' dir='ltr'>ki</span> 
     </span>
     <span class='ocr_line' id='line_1_39' title="bbox 1865 2499 1884 2532; baseline 0 -9"><span class='ocrx_word' id='word_1_211' title='bbox 1865 2499 1884 2532; x_wconf 60' lang='grc'>11</span> 
     </span>
    </p>
   </div>
   <div class='ocr_carea' id='block_1_8' title="bbox 1076 2530 1866 2570">
    <p class='ocr_par' dir='ltr' id='par_1_10' title="bbox 1076 2530 1866 2570">
     <span class='ocr_line' id='line_1_40' title="bbox 1076 2530 1866 2570; baseline 0.03 -24"><span class='ocrx_word' id='word_1_212' title='bbox 1076 2544 1131 2547; x_wconf 61' lang='grc'>,-,</span> <span class='ocrx_word' id='word_1_213' title='bbox 1140 2546 1196 2549; x_wconf 12' lang='grc'>7,-</span> <span class='ocrx_word' id='word_1_214' title='bbox 1862 2530 1866 2570; x_wconf 72' lang='lat' dir='ltr'>l</span> 
     </span>
    </p>
   </div>
  </div>
 </body>
</html>
