<?xml version="1.0" encoding="UTF-8"?>
<!DOCTYPE html PUBLIC "-//W3C//DTD XHTML 1.0 Transitional//EN"
    "http://www.w3.org/TR/xhtml1/DTD/xhtml1-transitional.dtd">
<html xmlns="http://www.w3.org/1999/xhtml" xml:lang="en" lang="en">
 <head>
  <title>
</title>
<meta http-equiv="Content-Type" content="text/html;charset=utf-8" />
  <meta name='ocr-system' content='tesseract 3.04.00' />
  <meta name='ocr-capabilities' content='ocr_page ocr_carea ocr_par ocr_line ocrx_word'/>
</head>
<body>
  <div class='ocr_page' id='page_1' title='image "./operaomniaaccura36auguuoft/operaomniaaccura36auguuoft_0217.png"; bbox 0 0 1821 3264; ppageno 0'>
   <div class='ocr_carea' id='block_1_1' title="bbox 403 252 1391 311">
    <p class='ocr_par' dir='ltr' id='par_1_1' title="bbox 403 252 1391 311">
     <span class='ocr_line' id='line_1_1' title="bbox 403 252 1391 311; baseline -0.022 0"><span class='ocrx_word' id='word_1_1' title='bbox 403 283 457 311; x_wconf 86' lang='lat' dir='ltr'>DE</span> <span class='ocrx_word' id='word_1_2' title='bbox 487 279 602 309; x_wconf 67' lang='lat' dir='ltr'>nono</span> <span class='ocrx_word' id='word_1_3' title='bbox 631 271 998 304; x_wconf 63' lang='lat' dir='ltr'>rnnsnvnnnrm.</span> <span class='ocrx_word' id='word_1_4' title='bbox 1315 252 1391 291; x_wconf 86' lang='lat'>151</span> 
     </span>
    </p>
   </div>
   <div class='ocr_carea' id='block_1_2' title="bbox 0 327 1446 2511">
    <p class='ocr_par' dir='ltr' id='par_1_2' title="bbox 0 327 1414 962">
     <span class='ocr_line' id='line_1_2' title="bbox 20 327 1400 416; baseline -0.023 -14"><span class='ocrx_word' id='word_1_5' title='bbox 20 369 138 416; x_wconf 90' lang='lat' dir='ltr'>spem</span> <span class='ocrx_word' id='word_1_6' title='bbox 163 366 253 396; x_wconf 89' lang='lat' dir='ltr'>non</span> <span class='ocrx_word' id='word_1_7' title='bbox 279 351 324 394; x_wconf 90' lang='lat' dir='ltr'>in</span> <span class='ocrx_word' id='word_1_8' title='bbox 348 362 391 392; x_wconf 91' lang='lat' dir='ltr'>se</span> <span class='ocrx_word' id='word_1_9' title='bbox 412 347 505 405; x_wconf 83' lang='lat' dir='ltr'>ipso</span> <span class='ocrx_word' id='word_1_10' title='bbox 521 379 532 398; x_wconf 89' lang='lat'>,</span> <span class='ocrx_word' id='word_1_11' title='bbox 563 341 638 386; x_wconf 90' lang='lat' dir='ltr'>sed</span> <span class='ocrx_word' id='word_1_12' title='bbox 659 340 705 383; x_wconf 88' lang='lat' dir='ltr'>in</span> <span class='ocrx_word' id='word_1_13' title='bbox 727 341 818 382; x_wconf 91' lang='lat' dir='ltr'>Deo</span> <span class='ocrx_word' id='word_1_14' title='bbox 841 336 979 394; x_wconf 87' lang='lat' dir='ltr'>ponit.</span> <span class='ocrx_word' id='word_1_15' title='bbox 1005 336 1099 392; x_wconf 85' lang='lat' dir='ltr'>Ego</span> <span class='ocrx_word' id='word_1_16' title='bbox 1122 339 1267 376; x_wconf 89' lang='lat' dir='ltr'>autem</span> <span class='ocrx_word' id='word_1_17' title='bbox 1297 327 1400 371; x_wconf 85' lang='lat' dir='ltr'>nolo</span> 
     </span>
     <span class='ocr_line' id='line_1_3' title="bbox 22 401 1404 483; baseline -0.022 -12"><span class='ocrx_word' id='word_1_18' title='bbox 22 436 278 483; x_wconf 83' lang='lat' dir='ltr'>exaggerare</span> <span class='ocrx_word' id='word_1_19' title='bbox 308 418 414 463; x_wconf 90' lang='lat' dir='ltr'>meis</span> <span class='ocrx_word' id='word_1_20' title='bbox 439 414 580 460; x_wconf 87' lang='lat' dir='ltr'>verbis</span> <span class='ocrx_word' id='word_1_21' title='bbox 597 447 608 466; x_wconf 88' lang='lat'>‚</span> <span class='ocrx_word' id='word_1_22' title='bbox 638 409 714 455; x_wconf 88' lang='lat' dir='ltr'>sed</span> <span class='ocrx_word' id='word_1_23' title='bbox 743 408 828 452; x_wconf 89' lang='lat' dir='ltr'>illis</span> <span class='ocrx_word' id='word_1_24' title='bbox 854 404 1136 463; x_wconf 83' lang='lat' dir='ltr'>cogitandum</span> <span class='ocrx_word' id='word_1_25' title='bbox 1160 401 1304 460; x_wconf 87' lang='lat' dir='ltr'>potius</span> <span class='ocrx_word' id='word_1_26' title='bbox 1331 414 1404 442; x_wconf 89' lang='lat' dir='ltr'>re-</span> 
     </span>
     <span class='ocr_line' id='line_1_4' title="bbox 23 473 1402 554; baseline -0.022 -13"><span class='ocrx_word' id='word_1_27' title='bbox 23 497 203 554; x_wconf 82' lang='lat' dir='ltr'>linquo,</span> <span class='ocrx_word' id='word_1_28' title='bbox 242 499 292 534; x_wconf 90' lang='lat' dir='ltr'>ut</span> <span class='ocrx_word' id='word_1_29' title='bbox 326 486 503 532; x_wconf 87' lang='lat' dir='ltr'>videant</span> <span class='ocrx_word' id='word_1_30' title='bbox 538 480 668 543; x_wconf 86' lang='lat' dir='ltr'>quale</span> <span class='ocrx_word' id='word_1_31' title='bbox 704 480 758 523; x_wconf 85' lang='lat' dir='ltr'>sit</span> <span class='ocrx_word' id='word_1_32' title='bbox 793 476 914 536; x_wconf 91' lang='lat' dir='ltr'>quod</span> <span class='ocrx_word' id='word_1_33' title='bbox 951 473 1031 517; x_wconf 90' lang='lat' dir='ltr'>sibi</span> <span class='ocrx_word' id='word_1_34' title='bbox 1070 477 1402 530; x_wconf 85' lang='lat' dir='ltr'>persuaserunt,</span> 
     </span>
     <span class='ocr_line' id='line_1_5' title="bbox 19 539 1405 625; baseline -0.023 -14"><span class='ocrx_word' id='word_1_35' title='bbox 19 585 50 611; x_wconf 31' lang='lat'>⁷«</span> <span class='ocrx_word' id='word_1_36' title='bbox 72 562 377 625; x_wconf 87' lang='lat' dir='ltr'>praedicatione</span> <span class='ocrx_word' id='word_1_37' title='bbox 401 549 792 617; x_wconf 89' lang='lat' dir='ltr'>praedestinationis</span> <span class='ocrx_word' id='word_1_38' title='bbox 819 543 1101 591; x_wconf 84' lang='lat' dir='ltr'>audientibus</span> <span class='ocrx_word' id='word_1_39' title='bbox 1128 541 1224 599; x_wconf 90' lang='lat' dir='ltr'>plus</span> <span class='ocrx_word' id='word_1_40' title='bbox 1251 539 1405 597; x_wconf 84' lang='lat' dir='ltr'>despe-</span> 
     </span>
     <span class='ocr_line' id='line_1_6' title="bbox 26 609 1406 691; baseline -0.022 -10"><span class='ocrx_word' id='word_1_41' title='bbox 26 634 200 682; x_wconf 83' lang='lat' dir='ltr'>rationis</span> <span class='ocrx_word' id='word_1_42' title='bbox 233 645 364 691; x_wconf 86' lang='lat' dir='ltr'>quam</span> <span class='ocrx_word' id='word_1_43' title='bbox 395 621 703 671; x_wconf 79' lang='lat' dir='ltr'><strong>exhortationis</strong></span> <span class='ocrx_word' id='word_1_44' title='bbox 733 618 890 663; x_wconf 85' lang='lat' dir='ltr'>afferri.</span> <span class='ocrx_word' id='word_1_45' title='bbox 921 633 942 657; x_wconf 90' lang='lat'>»</span> <span class='ocrx_word' id='word_1_46' title='bbox 974 616 1068 658; x_wconf 89' lang='lat' dir='ltr'>Hoc</span> <span class='ocrx_word' id='word_1_47' title='bbox 1100 622 1164 655; x_wconf 88' lang='lat' dir='ltr'>est</span> <span class='ocrx_word' id='word_1_48' title='bbox 1192 611 1305 653; x_wconf 88' lang='lat' dir='ltr'>enim</span> <span class='ocrx_word' id='word_1_49' title='bbox 1337 609 1406 651; x_wconf 90' lang='lat' dir='ltr'>di-</span> 
     </span>
     <span class='ocr_line' id='line_1_7' title="bbox 27 677 1410 759; baseline -0.022 -7"><span class='ocrx_word' id='word_1_50' title='bbox 27 720 142 759; x_wconf 83' lang='lat' dir='ltr'>cere,</span> <span class='ocrx_word' id='word_1_51' title='bbox 179 713 286 747; x_wconf 90' lang='lat' dir='ltr'>tunc</span> <span class='ocrx_word' id='word_1_52' title='bbox 319 700 374 744; x_wconf 91' lang='lat' dir='ltr'>de</span> <span class='ocrx_word' id='word_1_53' title='bbox 405 712 481 742; x_wconf 90' lang='lat' dir='ltr'>sua</span> <span class='ocrx_word' id='word_1_54' title='bbox 518 693 667 738; x_wconf 83' lang='lat' dir='ltr'>salute&#39;</span> <span class='ocrx_word' id='word_1_55' title='bbox 687 689 906 735; x_wconf 88' lang='lat' dir='ltr'>hominem</span> <span class='ocrx_word' id='word_1_56' title='bbox 944 684 1192 742; x_wconf 86' lang='lat' dir='ltr'>desperare,</span> <span class='ocrx_word' id='word_1_57' title='bbox 1232 677 1410 738; x_wconf 88' lang='lat' dir='ltr'>quando</span> 
     </span>
     <span class='ocr_line' id='line_1_8' title="bbox 0 752 1408 838; baseline -0.023 -15"><span class='ocrx_word' id='word_1_58' title='bbox 0 767 7 774; x_wconf 46' lang='lat'><strong>⁴</strong></span> <span class='ocrx_word' id='word_1_59' title='bbox 27 791 147 838; x_wconf 87' lang='lat' dir='ltr'>spem</span> <span class='ocrx_word' id='word_1_60' title='bbox 168 787 289 818; x_wconf 86' lang='lat' dir='ltr'>suam</span> <span class='ocrx_word' id='word_1_61' title='bbox 313 785 404 815; x_wconf 91' lang='lat' dir='ltr'>non</span> <span class='ocrx_word' id='word_1_62' title='bbox 429 768 475 811; x_wconf 90' lang='lat' dir='ltr'>in</span> <span class='ocrx_word' id='word_1_63' title='bbox 497 781 541 810; x_wconf 90' lang='lat' dir='ltr'>se</span> <span class='ocrx_word' id='word_1_64' title='bbox 562 765 654 823; x_wconf 91' lang='lat' dir='ltr'>ipso</span> <span class='ocrx_word' id='word_1_65' title='bbox 671 796 682 816; x_wconf 85' lang='lat'>‚</span> <span class='ocrx_word' id='word_1_66' title='bbox 710 760 787 804; x_wconf 89' lang='lat' dir='ltr'>sed</span> <span class='ocrx_word' id='word_1_67' title='bbox 811 759 855 802; x_wconf 90' lang='lat' dir='ltr'>in</span> <span class='ocrx_word' id='word_1_68' title='bbox 884 760 973 801; x_wconf 90' lang='lat' dir='ltr'>Deo</span> <span class='ocrx_word' id='word_1_69' title='bbox 993 752 1193 799; x_wconf 81' lang='lat' dir='ltr'>didicerit</span> <span class='ocrx_word' id='word_1_70' title='bbox 1214 763 1375 808; x_wconf 88' lang='lat' dir='ltr'>ponere</span> <span class='ocrx_word' id='word_1_71' title='bbox 1399 766 1408 792; x_wconf 87' lang='lat'>:</span> 
     </span>
     <span class='ocr_line' id='line_1_9' title="bbox 28 821 1414 901; baseline -0.024 -8"><span class='ocrx_word' id='word_1_72' title='bbox 28 861 129 894; x_wconf 90' lang='lat' dir='ltr'>cum</span> <span class='ocrx_word' id='word_1_73' title='bbox 163 842 380 901; x_wconf 84' lang='lat' dir='ltr'>Propheta</span> <span class='ocrx_word' id='word_1_74' title='bbox 413 837 574 882; x_wconf 87' lang='lat' dir='ltr'>clamet</span> <span class='ocrx_word' id='word_1_75' title='bbox 609 853 618 879; x_wconf 81' lang='lat'>2</span> <span class='ocrx_word' id='word_1_76' title='bbox 664 850 684 873; x_wconf 91' lang='lat'>«</span> <span class='ocrx_word' id='word_1_77' title='bbox 713 828 971 876; x_wconf 84' lang='lat' dir='ltr'>Maledictus</span> <span class='ocrx_word' id='word_1_78' title='bbox 1008 823 1148 869; x_wconf 84' lang='lat' dir='ltr'>omnis</span> <span class='ocrx_word' id='word_1_79' title='bbox 1179 821 1255 879; x_wconf 89' lang='lat' dir='ltr'>qui</span> <span class='ocrx_word' id='word_1_80' title='bbox 1292 833 1414 877; x_wconf 89' lang='lat' dir='ltr'>spem</span> 
     </span>
     <span class='ocr_line' id='line_1_10' title="bbox 30 908 555 962; baseline -0.027 0"><span class='ocrx_word' id='word_1_81' title='bbox 30 937 53 962; x_wconf 85' lang='lat'>»</span> <span class='ocrx_word' id='word_1_82' title='bbox 76 916 209 962; x_wconf 88' lang='lat' dir='ltr'>habet</span> <span class='ocrx_word' id='word_1_83' title='bbox 224 913 271 956; x_wconf 85' lang='lat' dir='ltr'>in</span> <span class='ocrx_word' id='word_1_84' title='bbox 291 908 509 955; x_wconf 85' lang='lat' dir='ltr'>homine¹.</span> <span class='ocrx_word' id='word_1_85' title='bbox 534 923 555 947; x_wconf 89' lang='lat'>»</span> 
     </span>
    </p>

    <p class='ocr_par' dir='ltr' id='par_1_3' title="bbox 22 946 1445 2014">
     <span class='ocr_line' id='line_1_11' title="bbox 84 946 1445 1036; baseline -0.023 -5"><span class='ocrx_word' id='word_1_86' title='bbox 84 986 264 1031; x_wconf 86' lang='lat' dir='ltr'><strong>XLVII.</strong></span> <span class='ocrx_word' id='word_1_87' title='bbox 301 983 406 1026; x_wconf 86' lang='lat' dir='ltr'>Haec</span> <span class='ocrx_word' id='word_1_88' title='bbox 433 979 580 1036; x_wconf 89' lang='lat' dir='ltr'>itaque</span> <span class='ocrx_word' id='word_1_89' title='bbox 603 973 720 1018; x_wconf 88' lang='lat' dir='ltr'>dona</span> <span class='ocrx_word' id='word_1_90' title='bbox 741 970 846 1023; x_wconf 88' lang='lat' dir='ltr'>Dei,</span> <span class='ocrx_word' id='word_1_91' title='bbox 872 981 973 1027; x_wconf 88' lang='lat' dir='ltr'>quae</span> <span class='ocrx_word' id='word_1_92' title='bbox 995 965 1156 1008; x_wconf 87' lang='lat' dir='ltr'>dantur</span> <span class='ocrx_word' id='word_1_93' title='bbox 1177 960 1325 1005; x_wconf 88' lang='lat' dir='ltr'>electis</span> <span class='ocrx_word' id='word_1_94' title='bbox 1347 972 1417 1002; x_wconf 91' lang='lat' dir='ltr'>se-</span> <span class='ocrx_word' id='word_1_95' title='bbox 1428 946 1445 992; x_wconf 55' lang='lat' dir='ltr'><em>j</em></span> 
     </span>
     <span class='ocr_line' id='line_1_12' title="bbox 31 1031 1420 1109; baseline -0.023 -7"><span class='ocrx_word' id='word_1_96' title='bbox 31 1055 226 1103; x_wconf 86' lang='lat' dir='ltr'>cundum</span> <span class='ocrx_word' id='word_1_97' title='bbox 255 1052 331 1097; x_wconf 92' lang='lat' dir='ltr'>Dei</span> <span class='ocrx_word' id='word_1_98' title='bbox 361 1047 632 1109; x_wconf 88' lang='lat' dir='ltr'>propositum</span> <span class='ocrx_word' id='word_1_99' title='bbox 661 1040 824 1088; x_wconf 84' lang='lat' dir='ltr'>vocatis</span> <span class='ocrx_word' id='word_1_100' title='bbox 840 1073 852 1092; x_wconf 77' lang='grc'><em>,</em></span> <span class='ocrx_word' id='word_1_101' title='bbox 881 1038 927 1082; x_wconf 90' lang='lat' dir='ltr'>in</span> <span class='ocrx_word' id='word_1_102' title='bbox 952 1035 1113 1094; x_wconf 87' lang='lat' dir='ltr'>quibus</span> <span class='ocrx_word' id='word_1_103' title='bbox 1137 1031 1263 1076; x_wconf 89' lang='lat' dir='ltr'>donis</span> <span class='ocrx_word' id='word_1_104' title='bbox 1289 1038 1354 1072; x_wconf 87' lang='lat' dir='ltr'>est</span> <span class='ocrx_word' id='word_1_105' title='bbox 1376 1037 1420 1072; x_wconf 89' lang='lat' dir='ltr'>et</span> 
     </span>
     <span class='ocr_line' id='line_1_13' title="bbox 32 1100 1419 1186; baseline -0.023 -13"><span class='ocrx_word' id='word_1_106' title='bbox 32 1127 222 1186; x_wconf 86' lang='lat' dir='ltr'>incipere</span> <span class='ocrx_word' id='word_1_107' title='bbox 242 1122 419 1168; x_wconf 87' lang='lat' dir='ltr'>credere</span> <span class='ocrx_word' id='word_1_108' title='bbox 434 1154 445 1174; x_wconf 90' lang='lat'>‚</span> <span class='ocrx_word' id='word_1_109' title='bbox 464 1127 507 1162; x_wconf 85' lang='lat' dir='ltr'>et</span> <span class='ocrx_word' id='word_1_110' title='bbox 523 1119 569 1161; x_wconf 92' lang='lat' dir='ltr'>in</span> <span class='ocrx_word' id='word_1_111' title='bbox 585 1115 672 1160; x_wconf 90' lang='lat' dir='ltr'>fide</span> <span class='ocrx_word' id='word_1_112' title='bbox 689 1126 828 1171; x_wconf 86' lang='lat' dir='ltr'>usque</span> <span class='ocrx_word' id='word_1_113' title='bbox 846 1110 901 1154; x_wconf 90' lang='lat' dir='ltr'>ad</span> <span class='ocrx_word' id='word_1_114' title='bbox 917 1109 1019 1152; x_wconf 90' lang='lat' dir='ltr'>vitae</span> <span class='ocrx_word' id='word_1_115' title='bbox 1037 1105 1166 1163; x_wconf 88' lang='lat' dir='ltr'>hujus</span> <span class='ocrx_word' id='word_1_116' title='bbox 1184 1100 1419 1145; x_wconf 86' lang='lat' dir='ltr'>terminum</span> 
     </span>
     <span class='ocr_line' id='line_1_14' title="bbox 34 1173 1423 1257; baseline -0.022 -16"><span class='ocrx_word' id='word_1_117' title='bbox 34 1207 326 1257; x_wconf 86' lang='lat' dir='ltr'>perseverare,</span> <span class='ocrx_word' id='word_1_118' title='bbox 347 1191 457 1235; x_wconf 89' lang='lat' dir='ltr'>sicut</span> <span class='ocrx_word' id='word_1_119' title='bbox 475 1195 594 1232; x_wconf 89' lang='lat' dir='ltr'>tanta</span> <span class='ocrx_word' id='word_1_120' title='bbox 610 1184 830 1229; x_wconf 85' lang='lat' dir='ltr'>rationum</span> <span class='ocrx_word' id='word_1_121' title='bbox 847 1188 978 1237; x_wconf 79' lang='lat' dir='ltr'>atque</span> <span class='ocrx_word' id='word_1_122' title='bbox 997 1173 1304 1220; x_wconf 86' lang='lat' dir='ltr'>auctoritatum</span> <span class='ocrx_word' id='word_1_123' title='bbox 1322 1184 1423 1214; x_wconf 89' lang='lat' dir='ltr'>con-</span> 
     </span>
     <span class='ocr_line' id='line_1_15' title="bbox 35 1238 1425 1320; baseline -0.022 -8"><span class='ocrx_word' id='word_1_124' title='bbox 35 1265 264 1312; x_wconf 86' lang='lat' dir='ltr'>testatione</span> <span class='ocrx_word' id='word_1_125' title='bbox 286 1261 592 1320; x_wconf 77' lang='lat' dir='ltr'>probavimus3</span> <span class='ocrx_word' id='word_1_126' title='bbox 615 1256 711 1299; x_wconf 89' lang='lat' dir='ltr'>haec</span> <span class='ocrx_word' id='word_1_127' title='bbox 726 1287 738 1307; x_wconf 79' lang='grc'><em>,</em></span> <span class='ocrx_word' id='word_1_128' title='bbox 762 1254 941 1310; x_wconf 90' lang='lat' dir='ltr'>inquam</span> <span class='ocrx_word' id='word_1_129' title='bbox 957 1282 968 1301; x_wconf 84' lang='lat'>‚</span> <span class='ocrx_word' id='word_1_130' title='bbox 988 1246 1067 1291; x_wconf 89' lang='lat' dir='ltr'>Dei</span> <span class='ocrx_word' id='word_1_131' title='bbox 1085 1244 1200 1288; x_wconf 87' lang='lat' dir='ltr'>dona</span> <span class='ocrx_word' id='word_1_132' title='bbox 1215 1277 1226 1296; x_wconf 88' lang='lat'><strong>‚</strong></span> <span class='ocrx_word' id='word_1_133' title='bbox 1246 1241 1281 1285; x_wconf 90' lang='lat' dir='ltr'>si</span> <span class='ocrx_word' id='word_1_134' title='bbox 1302 1238 1425 1284; x_wconf 89' lang='lat' dir='ltr'>nulla</span> 
     </span>
     <span class='ocr_line' id='line_1_16' title="bbox 22 1313 1425 1394; baseline -0.022 -12"><span class='ocrx_word' id='word_1_135' title='bbox 22 1346 100 1382; x_wconf 20' lang='lat' dir='ltr'>rest</span> <span class='ocrx_word' id='word_1_136' title='bbox 127 1331 450 1394; x_wconf 72' lang='lat' dir='ltr'>praedestinatio</span> <span class='ocrx_word' id='word_1_137' title='bbox 483 1341 614 1386; x_wconf 86' lang='lat' dir='ltr'>quam</span> <span class='ocrx_word' id='word_1_138' title='bbox 638 1322 941 1371; x_wconf 79' lang='lat' dir='ltr'>defendimus,</span> <span class='ocrx_word' id='word_1_139' title='bbox 973 1332 1062 1361; x_wconf 92' lang='lat' dir='ltr'>non</span> <span class='ocrx_word' id='word_1_140' title='bbox 1090 1313 1380 1373; x_wconf 79' lang='lat' dir='ltr'>praesciuntur</span> <span class='ocrx_word' id='word_1_141' title='bbox 1401 1323 1425 1351; x_wconf 89' lang='lat' dir='ltr'>a</span> 
     </span>
     <span class='ocr_line' id='line_1_17' title="bbox 43 1379 1429 1462; baseline -0.023 -10"><span class='ocrx_word' id='word_1_142' title='bbox 43 1410 134 1452; x_wconf 86' lang='lat' dir='ltr'>Deo</span> <span class='ocrx_word' id='word_1_143' title='bbox 159 1424 167 1449; x_wconf 88' lang='lat'>:</span> <span class='ocrx_word' id='word_1_144' title='bbox 193 1401 483 1462; x_wconf 85' lang='lat' dir='ltr'>praesciuntur</span> <span class='ocrx_word' id='word_1_145' title='bbox 514 1405 657 1440; x_wconf 86' lang='lat' dir='ltr'>autem</span> <span class='ocrx_word' id='word_1_146' title='bbox 691 1411 700 1436; x_wconf 88' lang='lat'>:</span> <span class='ocrx_word' id='word_1_147' title='bbox 732 1392 827 1435; x_wconf 89' lang='lat' dir='ltr'>haec</span> <span class='ocrx_word' id='word_1_148' title='bbox 855 1397 918 1432; x_wconf 90' lang='lat' dir='ltr'>est</span> <span class='ocrx_word' id='word_1_149' title='bbox 952 1387 1085 1444; x_wconf 84' lang='lat' dir='ltr'>igitur</span> <span class='ocrx_word' id='word_1_150' title='bbox 1107 1379 1429 1442; x_wconf 71' lang='lat' dir='ltr'>praedestinatio</span> 
     </span>
     <span class='ocr_line' id='line_1_18' title="bbox 43 1448 1431 1537; baseline -0.023 -16"><span class='ocrx_word' id='word_1_151' title='bbox 43 1489 174 1537; x_wconf 91' lang='lat' dir='ltr'>quam</span> <span class='ocrx_word' id='word_1_152' title='bbox 197 1470 489 1518; x_wconf 85' lang='lat' dir='ltr'>defendimus.</span> <span class='ocrx_word' id='word_1_153' title='bbox 520 1465 646 1509; x_wconf 89' lang='lat' dir='ltr'>Unde</span> <span class='ocrx_word' id='word_1_154' title='bbox 668 1458 903 1519; x_wconf 87' lang='lat' dir='ltr'>aliquando</span> <span class='ocrx_word' id='word_1_155' title='bbox 933 1456 1085 1499; x_wconf 90' lang='lat' dir='ltr'>eadem</span> <span class='ocrx_word' id='word_1_156' title='bbox 1107 1448 1431 1511; x_wconf 85' lang='lat' dir='ltr'>praedestinatio</span> 
     </span>
     <span class='ocr_line' id='line_1_19' title="bbox 43 1521 1432 1605; baseline -0.024 -13"><span class='ocrx_word' id='word_1_157' title='bbox 43 1544 309 1605; x_wconf 87' lang='lat' dir='ltr'>significatur</span> <span class='ocrx_word' id='word_1_158' title='bbox 331 1541 461 1585; x_wconf 87' lang='lat' dir='ltr'>etiam</span> <span class='ocrx_word' id='word_1_159' title='bbox 484 1536 662 1581; x_wconf 89' lang='lat' dir='ltr'>nomine</span> <span class='ocrx_word' id='word_1_160' title='bbox 689 1528 968 1591; x_wconf 86' lang='lat' dir='ltr'>praescientiae</span> <span class='ocrx_word' id='word_1_161' title='bbox 988 1560 999 1579; x_wconf 84' lang='lat'>,</span> <span class='ocrx_word' id='word_1_162' title='bbox 1029 1524 1140 1567; x_wconf 89' lang='lat' dir='ltr'>sicut</span> <span class='ocrx_word' id='word_1_163' title='bbox 1163 1521 1223 1564; x_wconf 83' lang='lat' dir='ltr'>ait</span> <span class='ocrx_word' id='word_1_164' title='bbox 1243 1522 1432 1577; x_wconf 83' lang='lat' dir='ltr'>Aposto-</span> 
     </span>
     <span class='ocr_line' id='line_1_20' title="bbox 43 1589 1428 1670; baseline -0.025 -8"><span class='ocrx_word' id='word_1_165' title='bbox 43 1618 110 1662; x_wconf 91' lang='lat' dir='ltr'>lus</span> <span class='ocrx_word' id='word_1_166' title='bbox 130 1635 139 1661; x_wconf 90' lang='lat'>:</span> <span class='ocrx_word' id='word_1_167' title='bbox 164 1634 184 1657; x_wconf 87' lang='lat'>«</span> <span class='ocrx_word' id='word_1_168' title='bbox 202 1617 299 1659; x_wconf 93' lang='lat' dir='ltr'>Non</span> <span class='ocrx_word' id='word_1_169' title='bbox 316 1609 478 1670; x_wconf 86' lang='lat' dir='ltr'>repulit</span> <span class='ocrx_word' id='word_1_170' title='bbox 494 1610 606 1651; x_wconf 90' lang='lat' dir='ltr'>Deus</span> <span class='ocrx_word' id='word_1_171' title='bbox 622 1604 798 1664; x_wconf 86' lang='lat' dir='ltr'>plebem</span> <span class='ocrx_word' id='word_1_172' title='bbox 817 1613 938 1644; x_wconf 82' lang='lat' dir='ltr'>suam</span> <span class='ocrx_word' id='word_1_173' title='bbox 950 1631 961 1651; x_wconf 88' lang='lat'>,</span> <span class='ocrx_word' id='word_1_174' title='bbox 979 1608 1112 1655; x_wconf 84' lang='lat' dir='ltr'>quam</span> <span class='ocrx_word' id='word_1_175' title='bbox 1132 1589 1386 1651; x_wconf 76' lang='lat' dir='ltr'>praescivit2.</span> <span class='ocrx_word' id='word_1_176' title='bbox 1409 1604 1428 1627; x_wconf 88' lang='lat'>»</span> 
     </span>
     <span class='ocr_line' id='line_1_21' title="bbox 43 1659 1432 1745; baseline -0.024 -13"><span class='ocrx_word' id='word_1_177' title='bbox 43 1688 123 1732; x_wconf 87' lang='lat' dir='ltr'>Hic</span> <span class='ocrx_word' id='word_1_178' title='bbox 156 1682 278 1745; x_wconf 83' lang='lat' dir='ltr'>quod</span> <span class='ocrx_word' id='word_1_179' title='bbox 311 1673 439 1735; x_wconf 40' lang='lat' dir='ltr'>aits«</span> <span class='ocrx_word' id='word_1_180' title='bbox 466 1675 685 1737; x_wconf 72' lang='lat' dir='ltr'>praescivit</span> <span class='ocrx_word' id='word_1_181' title='bbox 708 1693 719 1718; x_wconf 86' lang='grc'>·.</span> <span class='ocrx_word' id='word_1_182' title='bbox 747 1691 766 1712; x_wconf 79' lang='lat' dir='ltr'>n</span> <span class='ocrx_word' id='word_1_183' title='bbox 800 1668 920 1729; x_wconf 89' lang='lat' dir='ltr'>quod</span> <span class='ocrx_word' id='word_1_184' title='bbox 947 1662 1271 1711; x_wconf 84' lang='lat' dir='ltr'>circumstantia</span> <span class='ocrx_word' id='word_1_185' title='bbox 1299 1659 1432 1718; x_wconf 87' lang='lat' dir='ltr'>ipsius</span> 
     </span>
     <span class='ocr_line' id='line_1_22' title="bbox 43 1730 1429 1805; baseline -0.023 -3"><span class='ocrx_word' id='word_1_186' title='bbox 43 1755 238 1801; x_wconf 89' lang='lat' dir='ltr'>lectionis</span> <span class='ocrx_word' id='word_1_187' title='bbox 250 1750 454 1798; x_wconf 83' lang='lat' dir='ltr'>ostendit.</span> <span class='ocrx_word' id='word_1_188' title='bbox 468 1746 749 1805; x_wconf 88' lang='lat' dir='ltr'>Loquebatur</span> <span class='ocrx_word' id='word_1_189' title='bbox 761 1741 877 1784; x_wconf 90' lang='lat' dir='ltr'>enim</span> <span class='ocrx_word' id='word_1_190' title='bbox 888 1739 942 1782; x_wconf 87' lang='lat' dir='ltr'>de</span> <span class='ocrx_word' id='word_1_191' title='bbox 955 1734 1147 1793; x_wconf 91' lang='lat' dir='ltr'>reliquiis</span> <span class='ocrx_word' id='word_1_192' title='bbox 1156 1735 1179 1776; x_wconf 86' lang='lat' dir='ltr'>J</span> <span class='ocrx_word' id='word_1_193' title='bbox 1186 1730 1429 1782; x_wconf 85' lang='lat' dir='ltr'>udaeorum‚</span> 
     </span>
     <span class='ocr_line' id='line_1_23' title="bbox 45 1801 1433 1887; baseline -0.024 -15"><span class='ocrx_word' id='word_1_194' title='bbox 45 1841 144 1887; x_wconf 84' lang='lat' dir='ltr'>quae</span> <span class='ocrx_word' id='word_1_195' title='bbox 177 1823 305 1869; x_wconf 88' lang='lat' dir='ltr'>salvae</span> <span class='ocrx_word' id='word_1_196' title='bbox 333 1820 460 1865; x_wconf 85' lang='lat' dir='ltr'>factae</span> <span class='ocrx_word' id='word_1_197' title='bbox 485 1826 608 1870; x_wconf 81' lang='lat' dir='ltr'>sunt,</span> <span class='ocrx_word' id='word_1_198' title='bbox 640 1810 920 1873; x_wconf 87' lang='lat' dir='ltr'>pereuntibus</span> <span class='ocrx_word' id='word_1_199' title='bbox 947 1804 1128 1850; x_wconf 83' lang='lat' dir='ltr'>caeteris.</span> <span class='ocrx_word' id='word_1_200' title='bbox 1163 1801 1274 1847; x_wconf 80' lang='lat' dir='ltr'>Nam</span> <span class='ocrx_word' id='word_1_201' title='bbox 1301 1812 1433 1856; x_wconf 86' lang='lat' dir='ltr'>supe-</span> 
     </span>
     <span class='ocr_line' id='line_1_24' title="bbox 48 1866 1436 1946; baseline -0.024 -4"><span class='ocrx_word' id='word_1_202' title='bbox 48 1897 132 1941; x_wconf 88' lang='lat' dir='ltr'>rius</span> <span class='ocrx_word' id='word_1_203' title='bbox 164 1894 357 1946; x_wconf 79' lang='lat' dir='ltr'>dixerat,</span> <span class='ocrx_word' id='word_1_204' title='bbox 393 1890 449 1934; x_wconf 86' lang='lat' dir='ltr'>ad</span> <span class='ocrx_word' id='word_1_205' title='bbox 482 1885 612 1932; x_wconf 76' lang='lat' dir='ltr'>Israel</span> <span class='ocrx_word' id='word_1_206' title='bbox 646 1883 800 1927; x_wconf 82' lang='lat' dir='ltr'>dixisse</span> <span class='ocrx_word' id='word_1_207' title='bbox 835 1877 1095 1935; x_wconf 73' lang='lat' dir='ltr'>Prophetam</span> <span class='ocrx_word' id='word_1_208' title='bbox 1126 1893 1134 1916; x_wconf 91' lang='lat'>:</span> <span class='ocrx_word' id='word_1_209' title='bbox 1171 1891 1190 1913; x_wconf 65' lang='grc' dir='ltr'>(ι</span> <span class='ocrx_word' id='word_1_210' title='bbox 1224 1873 1331 1914; x_wconf 90' lang='lat' dir='ltr'>Tota</span> <span class='ocrx_word' id='word_1_211' title='bbox 1365 1866 1436 1910; x_wconf 90' lang='lat' dir='ltr'>die</span> 
     </span>
     <span class='ocr_line' id='line_1_25' title="bbox 51 1945 1437 2014; baseline -0.022 -4"><span class='ocrx_word' id='word_1_212' title='bbox 51 1987 71 2011; x_wconf 67' lang='grc' dir='ltr'><strong>η</strong></span> <span class='ocrx_word' id='word_1_213' title='bbox 100 1963 276 2012; x_wconf 84' lang='lat' dir='ltr'>extendi</span> <span class='ocrx_word' id='word_1_214' title='bbox 295 1976 450 2007; x_wconf 88' lang='lat' dir='ltr'>manus</span> <span class='ocrx_word' id='word_1_215' title='bbox 467 1972 586 2003; x_wconf 83' lang='lat' dir='ltr'>meas</span> <span class='ocrx_word' id='word_1_216' title='bbox 602 1955 655 2000; x_wconf 89' lang='lat' dir='ltr'>ad</span> <span class='ocrx_word' id='word_1_217' title='bbox 673 1951 886 2014; x_wconf 89' lang='lat' dir='ltr'>populum</span> <span class='ocrx_word' id='word_1_218' title='bbox 902 1963 992 1992; x_wconf 90' lang='lat' dir='ltr'>non</span> <span class='ocrx_word' id='word_1_219' title='bbox 1008 1945 1260 1991; x_wconf 85' lang='lat' dir='ltr'>credentem</span> <span class='ocrx_word' id='word_1_220' title='bbox 1278 1949 1322 1983; x_wconf 84' lang='lat' dir='ltr'>et</span> <span class='ocrx_word' id='word_1_221' title='bbox 1335 1953 1437 1983; x_wconf 90' lang='lat' dir='ltr'>con-</span> 
     </span>
    </p>

    <p class='ocr_par' dir='ltr' id='par_1_4' title="bbox 0 2011 1446 2511">
     <span class='ocr_line' id='line_1_26' title="bbox 57 2011 1440 2083; baseline -0.021 -3"><span class='ocrx_word' id='word_1_222' title='bbox 57 2056 78 2080; x_wconf 80' lang='lat'>»</span> <span class='ocrx_word' id='word_1_223' title='bbox 103 2033 413 2082; x_wconf 83' lang='lat' dir='ltr'>tradicentem3</span> <span class='ocrx_word' id='word_1_224' title='bbox 441 2050 449 2075; x_wconf 87' lang='lat'>:</span> <span class='ocrx_word' id='word_1_225' title='bbox 480 2047 500 2070; x_wconf 86' lang='lat'>»</span> <span class='ocrx_word' id='word_1_226' title='bbox 527 2037 570 2072; x_wconf 86' lang='lat' dir='ltr'>et</span> <span class='ocrx_word' id='word_1_227' title='bbox 593 2037 803 2083; x_wconf 86' lang='lat' dir='ltr'>tanquam</span> <span class='ocrx_word' id='word_1_228' title='bbox 836 2016 1190 2078; x_wconf 85' lang='lat' dir='ltr'>responderetur,</span> <span class='ocrx_word' id='word_1_229' title='bbox 1222 2011 1305 2056; x_wconf 86' lang='lat' dir='ltr'>Ubi</span> <span class='ocrx_word' id='word_1_230' title='bbox 1337 2017 1440 2054; x_wconf 88' lang='lat' dir='ltr'>sunt</span> 
     </span>
     <span class='ocr_line' id='line_1_27' title="bbox 51 2079 1439 2167; baseline -0.022 -14"><span class='ocrx_word' id='word_1_231' title='bbox 51 2123 154 2167; x_wconf 83' lang='lat' dir='ltr'>ergo</span> <span class='ocrx_word' id='word_1_232' title='bbox 186 2105 313 2150; x_wconf 80' lang='lat' dir='ltr'>factae</span> <span class='ocrx_word' id='word_1_233' title='bbox 347 2100 650 2162; x_wconf 88' lang='lat' dir='ltr'>promissiones</span> <span class='ocrx_word' id='word_1_234' title='bbox 683 2094 762 2139; x_wconf 90' lang='lat' dir='ltr'>Dei</span> <span class='ocrx_word' id='word_1_235' title='bbox 800 2090 855 2136; x_wconf 90' lang='lat' dir='ltr'>ad</span> <span class='ocrx_word' id='word_1_236' title='bbox 891 2087 1052 2140; x_wconf 70' lang='lat' dir='ltr'>lsrael,⁴</span> <span class='ocrx_word' id='word_1_237' title='bbox 1088 2084 1298 2130; x_wconf 89' lang='lat' dir='ltr'>continuo</span> <span class='ocrx_word' id='word_1_238' title='bbox 1331 2079 1439 2124; x_wconf 88' lang='lat' dir='ltr'>sub-</span> 
     </span>
     <span class='ocr_line' id='line_1_28' title="bbox 51 2150 1442 2239; baseline -0.022 -16"><span class='ocrx_word' id='word_1_239' title='bbox 51 2178 194 2239; x_wconf 83' lang='lat' dir='ltr'>junxit</span> <span class='ocrx_word' id='word_1_240' title='bbox 215 2195 225 2221; x_wconf 81' lang='lat'>2</span> <span class='ocrx_word' id='word_1_241' title='bbox 255 2194 274 2216; x_wconf 78' lang='grc' dir='ltr'>α</span> <span class='ocrx_word' id='word_1_242' title='bbox 295 2175 400 2218; x_wconf 92' lang='lat' dir='ltr'>Dico</span> <span class='ocrx_word' id='word_1_243' title='bbox 417 2185 541 2228; x_wconf 83' lang='lat' dir='ltr'>ergo,</span> <span class='ocrx_word' id='word_1_244' title='bbox 559 2164 777 2225; x_wconf 90' lang='lat' dir='ltr'>numquid</span> <span class='ocrx_word' id='word_1_245' title='bbox 799 2159 961 2220; x_wconf 88' lang='lat' dir='ltr'>repulit</span> <span class='ocrx_word' id='word_1_246' title='bbox 977 2162 1091 2203; x_wconf 90' lang='lat' dir='ltr'>Deus</span> <span class='ocrx_word' id='word_1_247' title='bbox 1109 2155 1284 2214; x_wconf 90' lang='lat' dir='ltr'>plebem</span> <span class='ocrx_word' id='word_1_248' title='bbox 1297 2150 1442 2195; x_wconf 82' lang='lat' dir='ltr'>suam?</span> 
     </span>
     <span class='ocr_line' id='line_1_29' title="bbox 58 2222 1440 2297; baseline -0.02 -8"><span class='ocrx_word' id='word_1_249' title='bbox 58 2266 80 2290; x_wconf 83' lang='lat'>»</span> <span class='ocrx_word' id='word_1_250' title='bbox 104 2247 229 2292; x_wconf 77' lang='lat' dir='ltr'>Absit</span> <span class='ocrx_word' id='word_1_251' title='bbox 257 2263 266 2290; x_wconf 78' lang='grc' dir='ltr'>ε</span> <span class='ocrx_word' id='word_1_252' title='bbox 292 2258 391 2287; x_wconf 84' lang='lat' dir='ltr'>nam</span> <span class='ocrx_word' id='word_1_253' title='bbox 420 2250 464 2285; x_wconf 85' lang='lat' dir='ltr'>et</span> <span class='ocrx_word' id='word_1_254' title='bbox 485 2254 565 2297; x_wconf 85' lang='lat' dir='ltr'>ego</span> <span class='ocrx_word' id='word_1_255' title='bbox 593 2233 784 2281; x_wconf 77' lang='lat' dir='ltr'>Israelita</span> <span class='ocrx_word' id='word_1_256' title='bbox 815 2246 908 2276; x_wconf 91' lang='lat' dir='ltr'>sum</span> <span class='ocrx_word' id='word_1_257' title='bbox 933 2245 984 2273; x_wconf 87' lang='lat' dir='ltr'>ex</span> <span class='ocrx_word' id='word_1_258' title='bbox 1005 2228 1167 2272; x_wconf 90' lang='lat' dir='ltr'>semine</span> <span class='ocrx_word' id='word_1_259' title='bbox 1189 2222 1411 2268; x_wconf 83' lang='lat' dir='ltr'>Abraham</span> <span class='ocrx_word' id='word_1_260' title='bbox 1429 2254 1440 2274; x_wconf 85' lang='lat'>‚</span> 
     </span>
     <span class='ocr_line' id='line_1_30' title="bbox 62 2301 1445 2373; baseline -0.02 -13"><span class='ocrx_word' id='word_1_261' title='bbox 62 2337 82 2361; x_wconf 73' lang='lat' dir='ltr'>n</span> <span class='ocrx_word' id='word_1_262' title='bbox 108 2317 227 2362; x_wconf 92' lang='lat' dir='ltr'>tribu</span> <span class='ocrx_word' id='word_1_263' title='bbox 257 2312 507 2373; x_wconf 76' lang='lat' dir='ltr'>Benjamin4</span> <span class='ocrx_word' id='word_1_264' title='bbox 537 2329 546 2354; x_wconf 77' lang='lat'>2</span> <span class='ocrx_word' id='word_1_265' title='bbox 581 2326 601 2349; x_wconf 92' lang='lat'>»</span> <span class='ocrx_word' id='word_1_266' title='bbox 633 2316 843 2365; x_wconf 84' lang='lat' dir='ltr'>tanquam</span> <span class='ocrx_word' id='word_1_267' title='bbox 874 2301 1060 2351; x_wconf 88' lang='lat' dir='ltr'>diceret,</span> <span class='ocrx_word' id='word_1_268' title='bbox 1094 2311 1194 2340; x_wconf 88' lang='lat' dir='ltr'>nam</span> <span class='ocrx_word' id='word_1_269' title='bbox 1224 2303 1267 2337; x_wconf 92' lang='lat' dir='ltr'>et</span> <span class='ocrx_word' id='word_1_270' title='bbox 1290 2306 1370 2349; x_wconf 84' lang='lat' dir='ltr'>ego</span> <span class='ocrx_word' id='word_1_271' title='bbox 1396 2304 1445 2333; x_wconf 81' lang='lat' dir='ltr'>ex</span> 
     </span>
     <span class='ocr_line' id='line_1_31' title="bbox 0 2362 1446 2451; baseline -0.023 -16"><span class='ocrx_word' id='word_1_272' title='bbox 0 2396 1 2451; x_wconf 43' lang='grc' dir='ltr'><strong>ᾗ</strong></span> <span class='ocrx_word' id='word_1_273' title='bbox 58 2389 147 2447; x_wconf 87' lang='lat' dir='ltr'>ipsa</span> <span class='ocrx_word' id='word_1_274' title='bbox 164 2385 292 2445; x_wconf 87' lang='lat' dir='ltr'>plebe</span> <span class='ocrx_word' id='word_1_275' title='bbox 308 2398 419 2428; x_wconf 91' lang='lat' dir='ltr'>sum.</span> <span class='ocrx_word' id='word_1_276' title='bbox 440 2380 606 2426; x_wconf 90' lang='lat' dir='ltr'>Deinde</span> <span class='ocrx_word' id='word_1_277' title='bbox 624 2374 794 2421; x_wconf 86' lang='lat' dir='ltr'>addidit</span> <span class='ocrx_word' id='word_1_278' title='bbox 814 2371 932 2416; x_wconf 92' lang='lat' dir='ltr'>unde</span> <span class='ocrx_word' id='word_1_279' title='bbox 950 2383 1067 2413; x_wconf 91' lang='lat' dir='ltr'>nunc</span> <span class='ocrx_word' id='word_1_280' title='bbox 1085 2365 1252 2424; x_wconf 81' lang='lat' dir='ltr'>agimus</span> <span class='ocrx_word' id='word_1_281' title='bbox 1274 2381 1283 2406; x_wconf 78' lang='lat'>2</span> <span class='ocrx_word' id='word_1_282' title='bbox 1308 2380 1329 2402; x_wconf 86' lang='lat'>«</span> <span class='ocrx_word' id='word_1_283' title='bbox 1348 2362 1446 2404; x_wconf 91' lang='lat' dir='ltr'>Non</span> 
     </span>
     <span class='ocr_line' id='line_1_32' title="bbox 0 2436 1446 2511; baseline -0.024 -7"><span class='ocrx_word' id='word_1_284' title='bbox 0 2455 1 2501; x_wconf 60' lang='lat' dir='ltr'>l</span> <span class='ocrx_word' id='word_1_285' title='bbox 63 2476 83 2501; x_wconf 86' lang='lat'>»</span> <span class='ocrx_word' id='word_1_286' title='bbox 108 2456 258 2501; x_wconf 88' lang='lat' dir='ltr'>retulit</span> <span class='ocrx_word' id='word_1_287' title='bbox 278 2458 388 2498; x_wconf 90' lang='lat' dir='ltr'>Deus</span> <span class='ocrx_word' id='word_1_288' title='bbox 404 2450 576 2511; x_wconf 86' lang='lat' dir='ltr'>plebem</span> <span class='ocrx_word' id='word_1_289' title='bbox 597 2460 737 2498; x_wconf 83' lang='lat' dir='ltr'>suam,</span> <span class='ocrx_word' id='word_1_290' title='bbox 761 2456 891 2502; x_wconf 86' lang='lat' dir='ltr'>quam</span> <span class='ocrx_word' id='word_1_291' title='bbox 911 2437 1164 2498; x_wconf 78' lang='lat' dir='ltr'>praescivit5.</span> <span class='ocrx_word' id='word_1_292' title='bbox 1187 2452 1206 2474; x_wconf 72' lang='lat' dir='ltr'><strong>n</strong></span> <span class='ocrx_word' id='word_1_293' title='bbox 1234 2436 1377 2489; x_wconf 87' lang='lat' dir='ltr'>Atque</span> <span class='ocrx_word' id='word_1_294' title='bbox 1395 2436 1446 2470; x_wconf 90' lang='lat' dir='ltr'>ut</span> 
     </span>
    </p>
   </div>
   <div class='ocr_carea' id='block_1_3' title="bbox 63 2530 1484 2656">
    <p class='ocr_par' dir='ltr' id='par_1_5' title="bbox 63 2530 1484 2656">
     <span class='ocr_line' id='line_1_33' title="bbox 110 2530 1484 2596; baseline -0.025 -5"><span class='ocrx_word' id='word_1_295' title='bbox 110 2566 118 2581; x_wconf 83' lang='lat'>1</span> <span class='ocrx_word' id='word_1_296' title='bbox 138 2560 258 2590; x_wconf 84' lang='lat' dir='ltr'>Jerem.</span> <span class='ocrx_word' id='word_1_297' title='bbox 274 2566 350 2596; x_wconf 78' lang='lat' dir='ltr'>xvii,</span> <span class='ocrx_word' id='word_1_298' title='bbox 372 2555 401 2585; x_wconf 79' lang='lat'>5.</span> <span class='ocrx_word' id='word_1_299' title='bbox 419 2571 457 2576; x_wconf 90' lang='lat'>—-</span> <span class='ocrx_word' id='word_1_300' title='bbox 473 2560 484 2574; x_wconf 84' lang='lat'>²</span> <span class='ocrx_word' id='word_1_301' title='bbox 505 2555 595 2583; x_wconf 80' lang='lat' dir='ltr'>Rom.</span> <span class='ocrx_word' id='word_1_302' title='bbox 614 2561 658 2589; x_wconf 82' lang='lat' dir='ltr'>xi,</span> <span class='ocrx_word' id='word_1_303' title='bbox 677 2557 708 2580; x_wconf 75' lang='lat'>2.</span> <span class='ocrx_word' id='word_1_304' title='bbox 725 2565 763 2569; x_wconf 88' lang='lat'>-—</span> <span class='ocrx_word' id='word_1_305' title='bbox 778 2545 979 2578; x_wconf 67' lang='lat' dir='ltr'>31d.x,21„</span> <span class='ocrx_word' id='word_1_306' title='bbox 995 2544 1028 2571; x_wconf 83' lang='lat' dir='ltr'>et</span> <span class='ocrx_word' id='word_1_307' title='bbox 1043 2539 1111 2570; x_wconf 79' lang='lat' dir='ltr'>lsai.</span> <span class='ocrx_word' id='word_1_308' title='bbox 1134 2546 1204 2573; x_wconf 74' lang='lat' dir='ltr'>va,</span> <span class='ocrx_word' id='word_1_309' title='bbox 1221 2544 1252 2566; x_wconf 80' lang='lat'>2·</span> <span class='ocrx_word' id='word_1_310' title='bbox 1271 2549 1309 2554; x_wconf 73' lang='grc'>-</span> <span class='ocrx_word' id='word_1_311' title='bbox 1324 2530 1339 2560; x_wconf 75' lang='lat'>4</span> <span class='ocrx_word' id='word_1_312' title='bbox 1353 2532 1442 2561; x_wconf 83' lang='lat' dir='ltr'>Rom.</span> <span class='ocrx_word' id='word_1_313' title='bbox 1477 2563 1484 2569; x_wconf 26' lang='grc' dir='ltr'>δ</span> 
     </span>
     <span class='ocr_line' id='line_1_34' title="bbox 63 2611 390 2656; baseline -0.015 -10"><span class='ocrx_word' id='word_1_314' title='bbox 63 2625 107 2656; x_wconf 84' lang='lat' dir='ltr'>xi,</span> <span class='ocrx_word' id='word_1_315' title='bbox 129 2626 156 2647; x_wconf 87' lang='lat'>1.</span> <span class='ocrx_word' id='word_1_316' title='bbox 173 2631 211 2636; x_wconf 91' lang='lat'>—</span> <span class='ocrx_word' id='word_1_317' title='bbox 227 2611 339 2644; x_wconf 86' lang='lat' dir='ltr'>⁵1bid.</span> <span class='ocrx_word' id='word_1_318' title='bbox 359 2619 390 2642; x_wconf 81' lang='lat'>2.</span> 
     </span>
    </p>
   </div>
  </div>
 </body>
</html>
