1884 3285
428 261 511 299 236
859 265 890 292 S.
931 264 1155 292 Auens'rrm
1189 265 1368 292 zmscom

427 346 579 379 tunum
594 368 604 387 ‚
624 333 804 386 dicitur,
835 351 853 373 «
882 332 978 377 Scio
1005 332 1105 391 quia
1125 347 1213 375 non
1240 331 1406 374 habitat
1427 330 1473 374 in
1492 345 1582 384 me,
1608 332 1692 375 hoc
1715 340 1800 387 est,

1839 306 1879 377 lg*

1840 376 1843 396 l

430 426 446 446 »
475 405 519 447 in
543 418 671 447 carne
701 417 794 445 mea
821 402 1029 445 bonum1.
1059 421 1078 442 »
1106 404 1196 446 Hoc
1223 400 1384 444 malum
1413 416 1501 444 non
1531 410 1621 445 erat
1640 401 1686 445 in
1712 417 1805 446 cor·
1840 410 1873 453 ξς4

422 489 528 533 pore
548 474 649 517 vitae
670 472 798 526 illius,
825 472 901 516 ubi
927 481 1002 516 aut
1023 471 1235 516 voluntati
1264 471 1546 515 servientibus
1578 472 1707 516 etiam
1730 488 1806 532 ge·
1842 470 1845 525 ζ
1866 516 1869 517 ⁷

423 543 631 587 nitalibus
652 542 861 586 membris
881 578 891 596 ,
915 541 1051 586 libido
1076 541 1194 586 nulla
1213 551 1326 595 erat,
1351 549 1426 585 aut
1452 542 1631 585 omnino
1655 556 1699 585 se
1720 558 1808 586 un·
1843 555 1846 578 ἑ

423 628 555 672 quam
590 621 741 656 contra
773 612 1008 656 voluntatis
1043 612 1269 656 arbitrium
1298 627 1385 656 non
1413 611 1633 655 movebat.
1671 612 1809 671 Hujus

425 681 526 726 mali
540 691 717 740 repente
733 682 868 725 exorti
886 682 1046 739 puduit
1063 697 1134 725 eos
1151 716 1161 736 ,
1183 682 1257 741 qui
1277 682 1394 740 prius
1410 695 1541 740 quam
1559 691 1806 739 peccarent,
1846 732 1848 738 Ι

423 752 531 795 nudi
552 762 699 805 erant,
726 761 769 795 et
791 767 878 795 non
906 752 1099 809 pudebat
1120 754 1236 795 eos2.
1265 753 1404 810 Hujus
1425 750 1528 794 mali
1556 750 1705 795 laudes
1726 753 1810 795 im·
1846 752 1849 798 Ῐ

421 822 638 881 pudenter
660 823 847 881 sparsisti
874 822 1001 866 etiam
1024 831 1214 881 quatuor
1247 822 1330 865 illis
1359 821 1480 865 libris
1515 822 1620 876 tuis,
1646 821 1809 882 quibus
1847 821 1851 869 Ξ

422 903 597 938 0030ἰὶλὸ
617 908 712 937 sum
733 893 992 953 respondere
1014 909 1084 937 SGX
1108 894 1228 937 mels.

482 966 638 1008 LXIX.
655 966 679 1007 J
686 980 882 1008 cmms.
894 966 976 1008 «Ut
988 973 1131 1008 autem
1147 963 1200 1008 ad
1214 964 1339 1007 istam
1352 963 1810 1008 commemorationem
1850 1018 1852 1028 ³

421 1037 625 1079 humanae
646 1033 829 1078 miseriae
846 1045 887 1079 et
901 1035 1060 1079 divinae
1081 1036 1227 1095 gratiae
1240 1035 1406 1078 veniret
1420 1033 1666 1093 Apostolus,
1683 1049 1811 1093 supra
1850 1057 1854 1090 J

422 1105 608 1159 dixerat,
631 1125 651 1146 «
673 1105 810 1148 Video
829 1104 954 1148 aliam
975 1106 1113 1163 legem
1132 1106 1176 1147 in
1196 1104 1398 1148 membris
1417 1104 1537 1157 meis,
1563 1119 1811 1163 repugnan—
1851 1118 1852 1121 ¹
1872 1122 1877 1145 ι

425 1194 444 1216 »
473 1185 560 1219 tem
594 1175 678 1233 legi
710 1176 865 1218 mentis
896 1191 1030 1229 meae,
1061 1185 1103 1218 et
1126 1176 1417 1233 captivantem
1448 1174 1576 1217 mein
1598 1174 1690 1231 lege
1707 1190 1811 1234 pec-
1851 1189 1878 1220 Ψ

423 1263 443 1286 »
471 1246 555 1289 cati
582 1265 590 1289 z
617 1253 712 1303 post
733 1245 826 1288 haee
849 1245 981 1288 verba
1004 1246 1282 1298 exclamavit,
1310 1243 1415 1298 Quis
1438 1259 1507 1287 me
1528 1244 1732 1289 liberabit
1755 1245 1811 1290 de

423 1334 442 1356 »
469 1331 649 1374 corpore
672 1317 820 1359 mortis
850 1316 1007 1375 hujus?
1036 1317 1181 1360 Gratia
1205 1316 1282 1359 Dei
1309 1331 1386 1374 per
1418 1318 1565 1359 Jesum
1588 1316 1810 1360 Christum

423 1404 442 1426 »
469 1386 703 1429 Dominum
731 1387 973 1429 nostrum3.
1008 1405 1027 1426 n
1061 1389 1241 1431 Constat
1276 1384 1454 1445 quidem
1478 1385 1705 1444 praemissis
1725 1385 1809 1431 illis

419 1472 518 1514 quae
541 1456 746 1514 posuisti,
773 1455 1016 1500 subdidisse
1047 1456 1301 1515 Apostolum
1319 1491 1329 1508 ,
1361 1475 1379 1497 «
1400 1457 1531 1500 Miser
1555 1471 1636 1514 ego
1650 1457 1805 1512 homo,

422 1544 441 1565 η
465 1526 560 1584 quis
594 1541 660 1568 me
683 1525 886 1569 liberabit
908 1525 962 1568 de
984 1541 1165 1584 corpore
1198 1527 1350 1569 mortis
1382 1526 1538 1585 hujus?
1557 1528 1703 1571 Gratia
1731 1528 1809 1572 Dei

424 1615 440 1634 »
474 1610 550 1653 per
577 1597 724 1638 Jesum
764 1595 985 1639 Christum
1020 1597 1251 1639 Dominum
1293 1604 1505 1639 nostrum.
1537 1613 1557 1636 »
1597 1596 1681 1641 Sed
1718 1607 1808 1641 non
1857 1644 1859 1646 ,

419 1665 652 1724 quaerimus
670 1665 1077 1723 impraesentiarum,
1101 1674 1249 1709 utrum
1267 1666 1350 1709 hoc
1371 1665 1602 1725 Apostolus
1624 1666 1777 1710 dixerit
1796 1685 1805 1711 :

418 1749 567 1778 vesum
588 1749 671 1792 qua
691 1733 798 1787 fide,
819 1750 907 1792 quo
923 1750 1066 1789 sensu,
1094 1751 1179 1794 qua
1198 1735 1364 1778 ratione
1383 1735 1538 1779 dixerit
1554 1736 1805 1795 quaerimus.

418 1802 497 1847 Ille
519 1805 633 1847 enim
652 1804 695 1847 in
714 1805 919 1848 membris
942 1805 1078 1862 legem
1106 1821 1180 1864 per
1202 1805 1464 1863 flagitiorum
1495 1821 1624 1849 usum
1651 1807 1809 1851 sanctis

418 1874 604 1918 consiliis
645 1875 759 1918 inter
795 1876 1002 1934 principia
1046 1885 1192 1919 tamen
1229 1876 1544 1920 emendationis
1582 1877 1805 1934 rebellem,

1852 1249 1855 1258 ³
1878 1248 1882 1287 ’ί

417 1945 778 1988 consuetudinem
802 1945 914 1989 mala
936 1945 1142 1998 vocabat,
1174 1961 1272 2004 quae
1296 1947 1351 1989 ab
1374 1947 1552 1990 eruditis
1575 1948 1705 1990 etiam
1733 1963 1807 1991 sae·
1860 1999 1863 2004 Ι

416 2013 503 2056 culi
527 2013 612 2057 dici
636 2013 743 2057 solet
776 2015 963 2058 secunda
995 2024 1166 2058 natura.
1194 2019 1307 2059 Ante
1332 2031 1468 2074 pauca
1492 2016 1605 2059 enim
1638 2032 1731 2071 eos,
1753 2017 1809 2061 ad
1861 2016 1884 2059 ¹2:

417 2099 526 2143 quos
558 2083 773 2143 loquitur,
809 2100 910 2128 cum
948 2086 1280 2143 exprobratione
1311 2087 1572 2130 conveniens
1610 2086 1804 2143 dixerat,
1861 2090 1884 2138 ἓ,

420 2173 439 2195 »
463 2157 712 2197 Humanum
745 2165 807 2199 est
835 2155 956 2215 quod
981 2155 1101 2209 dico,
1131 2166 1308 2216 propter
1337 2158 1632 2200 infirmitatem
1668 2159 1807 2203 carnis
1862 2145 1884 2200 ἶῐε

423 2245 439 2265 »
465 2233 641 2282 vestrae3
671 2225 781 2268 sicut
809 2226 924 2269 enim
959 2227 1211 2271 exhibuistis
1238 2228 1435 2271 membra
1469 2236 1608 2272 vestra
1650 2228 1807 2273 servire

420 2294 756 2339 »immunditiae
793 2305 835 2339 et
874 2297 1093 2356 iniquitati
1137 2298 1190 2340 ad
1233 2298 1504 2357 iniquitatem
1547 2318 1555 2342 ;
1594 2300 1653 2343 ita
1689 2315 1806 2344 nunc
1863 2321 1867 2360 g

421 2382 440 2405 »
465 2364 665 2408 exhibete
682 2366 875 2409 membra
910 2376 1049 2410 vestra
1071 2367 1229 2410 servire
1241 2368 1419 2425 justitiae
1439 2369 1483 2411 in
1500 2369 1807 2414 sanctificatio·

421 2453 440 2475 »
467 2436 613 2477 nem4.
643 2453 661 2474 »
690 2437 833 2493 thue
856 2435 1102 2480 ostenderet
1126 2437 1226 2495 quia
1256 2453 1454 2491 carnem,
1480 2454 1569 2482 non
1596 2440 1677 2482 hoc
1704 2454 1803 2483 cor·
1864 2430 1867 2443 ²

418 2519 497 2562 pus
531 2503 650 2562 quod
691 2520 839 2549 causas
870 2506 915 2549 in
945 2507 1180 2550 seminibus
1202 2508 1360 2561 habet,
1394 2508 1468 2550 sed
1498 2508 1598 2551 vitia
1627 2509 1804 2554 abusive
1866 2510 1869 2565 ζ

470 2596 478 2611 ¹
509 2592 599 2622 Rom.
618 2601 662 2623 vn
677 2613 685 2627 ‚
708 2591 758 2623 18.
774 2608 814 2614 -
831 2597 843 2614 ²
862 2593 940 2623 Gen.
962 2602 1006 2632 n,
1026 2592 1079 2624 25.
1097 2609 1138 2615 -—
1154 2590 1166 2616 3
1185 2594 1276 2625 Rom.
1296 2603 1353 2633 vn,
1381 2592 1434 2626 23.
1453 2610 1493 2616 -
1508 2591 1524 2622 4
1543 2593 1589 2626 Id.
1608 2604 1656 2636 Vl,
1682 2606 1732 2637 19.
