1884 3285
412 241 494 280 462
835 248 868 276 s.
906 247 1134 277 Aueus'nm
1168 251 1348 278 anst-‚01³1

411 316 577 375 inquit,
604 322 778 373 peccata
800 312 971 372 singula
988 328 1082 358 reos
1098 330 1199 359 suos
1219 314 1437 360 lethaliter
1464 314 1762 360 vulnerassent
1780 349 1791 371 ‚

411 385 787 430 innumerabiliter
808 383 1030 429 confossos
1042 385 1238 431 homines
1260 386 1356 431 haee
1377 386 1513 445 gratia
1526 384 1733 445 singulari
1754 394 1799 431 et

411 456 543 501 semel
559 456 715 501 tradita
736 456 897 502 virtute
918 455 1112 501 salvavit.
1141 475 1161 498 »

1836 366 1881 422 lia

414 598 710 658 intelligitur:
751 613 840 643 non
881 614 957 658 per
996 614 1134 642 unum
1168 608 1396 658 peccatum
1427 618 1439 656 3
1475 597 1551 642 ubi
1580 606 1630 642 tu
1662 597 1799 642 verbo
1838 586 1845 613 ³

415 678 584 713 mutato
609 678 740 730 atque
756 669 1003 727 subposito,
1028 668 1091 713 vis
1113 668 1296 727 intelligi
1315 668 1484 728 singula
1508 667 1796 726 singulorum.
1846 721 1847 726 ¹
1877 675 1881 681 “

470 740 666 785 CCXIV.
703 741 931 784 humus.
968 757 987 780 «
1025 739 1069 784 Si
1097 739 1212 783 enim
1235 740 1291 785 ob
1310 739 1439 784 unius
1453 739 1664 784 delictum
1685 752 1803 783 mors
1843 779 1849 795 ,

417 812 658 869 »regnavit
691 827 766 871 per
798 827 936 856 unum
975 831 985 868 3
1025 810 1166 856 multo
1201 811 1336 871 magis
1369 811 1445 872 qui
1486 810 1804 855 abundantiam
1845 802 1849 826 ³

417 900 436 924 »
462 882 610 940 gratiae
631 891 675 927 et
697 881 865 928 donum
893 882 1072 943 justitiae
1101 882 1321 941 accipiunt
1339 917 1350 938 ‚
1375 883 1420 926 in
1441 883 1529 927 vita
1559 880 1806 940 regnabunt
1847 881 1852 935 ἶ

417 970 437 993 »
464 968 540 1010 per
558 969 696 997 unum
720 956 869 998 Jesum
896 953 1141 999 Christum¹
1164 972 1208 998 ς»
1225 956 1556 1013 Consequenter
1578 951 1698 1013 quod
1715 966 1807 996 coe-
1850 958 1853 1007 ξ

414 1023 479 1083 pit
501 1025 712 1070 affirmat:
735 1025 842 1069 duas
875 1026 990 1068 enim
1015 1024 1159 1082 posuit
1180 1024 1431 1078 sententias,
1456 1024 1632 1084 utrique
1653 1023 1806 1068 volens

415 1095 648 1139 convenire
681 1094 799 1154 quod
833 1095 879 1137 in
907 1096 992 1137 fine
1029 1093 1269 1153 subjunxit.
1312 1097 1393 1137 Per
1419 1109 1559 1138 unum
1587 1094 1704 1138 enim
1729 1093 1808 1153 qui
1853 1089 1855 1120 ³

415 1165 497 1209 fuit
520 1165 660 1210 forma
682 1167 868 1225 peccati,
889 1174 933 1211 et
954 1165 1000 1209 in
1022 1166 1144 1225 cujus
1165 1164 1450 1210 similitudine
1465 1166 1806 1225 praevaricantur
1853 1165 1857 1211 ἶ

414 1235 496 1280 sub
517 1239 632 1296 Lege
654 1246 881 1297 peccantes
899 1272 910 1292 ,
941 1237 1196 1296 pronuntiat
1217 1252 1397 1296 regnare
1421 1246 1605 1283 mortem
1632 1258 1643 1295 3
1667 1246 1710 1282 et
1727 1251 1805 1297 per
1854 1233 1859 1284 '3

416 1321 554 1350 unum
577 1322 756 1366 regnare
778 1308 824 1353 in
846 1308 934 1353 vita
956 1307 1273 1353 abundantiam
1302 1323 1499 1368 quosque
1527 1309 1675 1368 gratiae
1696 1323 1808 1353 con·
1856 1312 1860 1359 ἶ

416 1386 614 1433 secutos,
649 1395 749 1438 quae
779 1378 913 1437 gratia
942 1379 1149 1423 virtutem
1181 1380 1454 1424 imitantibus
1486 1379 1676 1439 prodest.
1709 1381 1808 1426 Non
1858 1374 1884 1407 .3

418 1449 623 1496 remansit
641 1466 744 1509 ergo
775 1450 830 1494 de
855 1466 944 1494 uno
964 1451 1148 1510 quaestio
1169 1485 1180 1506 ,
1207 1451 1308 1512 quia
1332 1452 1416 1496 hoc
1438 1451 1559 1512 quod
1579 1451 1809 1496 subditum

419 1530 481 1566 est
507 1541 516 1566 ε
544 1537 615 1567 eos
635 1522 839 1567 videlicet
851 1522 896 1565 in
913 1522 1000 1567 vita
1015 1537 1210 1580 regnare,
1225 1522 1301 1582 qui
1323 1522 1640 1567 abundantiam
1661 1521 1809 1581 gratiae
1861 1511 1865 1586 ἲ

419 1593 709 1652 perceperint,
735 1593 865 1637 etiam
885 1593 1073 1652 primum
1096 1591 1204 1636 illud
1227 1593 1427 1649 absolvit,
1450 1602 1500 1638 ut
1516 1608 1645 1638 nemo
1662 1591 1810 1638 videli-
1883 1606 1884 1615 ¹

420 1671 489 1707 cet
506 1673 687 1722 cogatur
708 1665 754 1708 in
773 1673 976 1719 mortem,
997 1664 1078 1708 nisi
1101 1664 1178 1724 qui
1201 1664 1448 1724 exemplum
1465 1665 1684 1725 peccantis
1703 1663 1810 1709 ada·
1862 1668 1884 1716 ζ

420 1743 616 1778 maverit.

479 1806 772 1850 Auem-rmus.
802 1806 940 1865 Cujus
974 1804 1220 1864 exemplum
1251 1807 1468 1865 peccantis
1507 1806 1811 1852 adamaverit?

421 1891 579 1935 nempe
598 1876 727 1936 primi
748 1876 936 1922 hominis
956 1895 965 1921 ε
991 1877 1108 1920 hunc
1130 1877 1247 1920 enim
1264 1876 1450 1922 formam
1475 1876 1581 1922 dicis
1599 1892 1688 1922 esse
1709 1892 1813 1936 pec-

421 1947 505 1992 cati
539 1956 715 2006 propter
747 1948 1037 1991 imitationem
1063 1983 1073 2003 ‚
1101 1963 1189 1992 non
1229 1957 1405 2008 propter
1446 1948 1769 2007 generationem
1795 1968 1807 2005 3

421 2017 621 2076 proinde,
647 2018 784 2063 sicut²
802 2018 925 2073 dicis,
957 2037 978 2061 «
1002 2033 1133 2063 nemo
1149 2019 1194 2062 in
1211 2028 1396 2064 mortem
1419 2020 1587 2077 cogitur
1604 2054 1615 2074 ‚
1636 2019 1718 2063 nisi
1736 2018 1814 2078 qui

423 2088 671 2149 exemplum
689 2091 907 2150 peccantis
924 2091 1051 2150 hujus
1070 2091 1356 2136 adamaverit:
1373 2110 1391 2133 «
1414 2107 1504 2136 non
1527 2104 1630 2149 ergo
1644 2105 1814 2149 cogun-

424 2167 495 2202 tur
519 2159 565 2202 in
592 2169 777 2204 mortem
802 2195 813 2215 ‚
845 2160 921 2220 qui
949 2176 1039 2205 non
1061 2160 1107 2204 in
1130 2161 1414 2206 similitudine
1449 2160 1815 2220 praevaricationis

424 2229 516 2288 ejus
540 2263 551 2284 ,
571 2230 682 2274 sicut
705 2230 916 2275 existimas
943 2266 954 2284 ‚
979 2241 1283 2290 peccaverunt.
1311 2231 1545 2285 Quomodo
1568 2247 1673 2291 ergo
1688 2231 1812 2287 dicis,
1876 2230 1877 2235 ’

425 2309 608 2345 mortem
642 2316 838 2359 regnasse
860 2312 902 2346 et
935 2303 981 2346 in
1001 2318 1074 2347 eos
1102 2304 1178 2362 qui
1212 2312 1500 2363 peccaverunt
1531 2302 1709 2364 quidem
1739 2317 1817 2362 per

425 2370 612 2415 liberum
630 2372 873 2428 arbitrium,
886 2373 962 2417 sed
983 2388 1072 2417 non
1087 2373 1132 2416 in
1148 2374 1432 2418 similitudine
1448 2374 1814 2433 praevaricationis
1879 2394 1880 2409 2

426 2441 558 2497 Adae,
585 2443 686 2503 quia
709 2443 800 2486 sine
824 2446 935 2502 Lege
963 2453 1252 2502 peccaverunt
1274 2446 1291 2488 P
1314 2447 1411 2491 Non
1432 2446 1581 2505 itaque
1614 2459 1816 2504 peccave·

426 2522 532 2557 runt
564 2514 656 2573 ejus
683 2514 882 2574 exemplo
910 2533 920 2559 ι
944 2514 1150 2575 quoniam
1174 2530 1264 2561 non
1297 2524 1526 2576 peccantes
1542 2515 1589 2562 in
1608 2513 1814 2561 similitu-

477 2604 484 2622 ¹
507 2599 602 2631 Rom.
622 2609 658 2641 v,
680 2609 729 2641 17,
747 2616 776 2623 -
804 2605 817 2624 ²
836 2600 940 2634 Forte
958 2599 982 2633 si
1000 2604 1047 2634 ut.
