1821 3264
436 250 490 277 niz
521 249 635 277 nono
667 247 1037 276 masmanna-1113.
1347 237 1432 276 139

42 324 160 368 tum,
186 313 267 357 nisi
288 314 359 358 cui
387 313 518 357 fuerit
540 313 691 356 datum
710 346 721 366 ‚
752 321 795 355 et
822 312 882 355 eis
910 311 1003 356 dari
1025 313 1103 373 qui
1129 314 1174 356 in
1202 312 1278 357 illo
1305 312 1430 357 electi

48 393 147 429 sunt
168 392 269 428 ante
290 383 644 428 constitutionem
665 381 836 434 mundi,
856 383 1158 440 proculdubio
1179 383 1427 437 confitetur,

42 469 135 514 quo
150 469 239 498 non
259 454 400 498 surdis
423 454 598 498 auribus
622 452 764 497 cordis
786 451 1010 511 eloquium
1033 452 1230 496 divinum
1254 453 1430 498 auribus

46 524 184 569 carnis
212 525 403 568 auditur.
440 526 496 568 Et
525 533 669 567 tamen
705 523 799 566 haec
831 520 1174 581 praedestinatio‚
1205 539 1304 582 quae
1331 524 1430 568 satis

40 603 189 653 aperte
211 594 340 638 etiam
359 595 501 638 verbis
533 592 804 651 Evangelicis
825 591 1080 651 explicatur,
1101 608 1187 636 non
1205 594 1430 650 prohibuit

45 663 277 709 Dominum
309 673 351 707 et
386 673 564 723 propter
600 663 897 720 incipiendum
940 661 1083 706 dicere
1099 697 1110 715 ,
1147 661 1265 721 quod
1299 663 1429 720 paulo

43 743 143 778 ante
154 733 506 787 commemoravi,
529 732 736 777 «Credite
751 733 795 775 in
809 735 963 786 Deum,
984 733 1083 776 etin
1100 747 1168 776 me
1180 732 1365 776 credite¹
1381 751 1389 776 :
1406 750 1424 773 n

43 812 85 846 et
108 812 286 861 propter
306 803 687 862 perseverandum,
710 821 729 844 «
747 804 931 861 Oportet
947 818 1117 861 semper
1130 818 1268 857 orare,
1281 811 1324 846 et
1340 818 1430 847 non

44 891 64 914 »
87 872 311 917 deficere²‚
342 892 360 913 »
387 874 584 916 Audiunt
615 873 733 916 enim
757 873 850 916 haec
877 882 920 915 et
943 871 1131 927 faciunt,
1156 873 1316 933 quibus
1349 874 1429 917 da·

41 951 131 987 tum
156 954 220 987 est
242 963 250 987 :
277 959 364 987 non
388 953 531 987 autem
556 942 749 997 faciunt,
776 943 865 986 sive
887 943 1067 986 audiant
1091 979 1100 997 ‚
1125 945 1213 987 sive
1238 959 1324 987 non
1348 959 1429 987 au-

40 1012 176 1067 diant,
196 1013 356 1072 quibus
377 1029 465 1057 non
487 1013 640 1056 datirm
657 1021 733 1056 est.
760 1032 779 1053 «
797 1013 904 1066 Quia
924 1013 1061 1067 vobis,
1081 1013 1249 1072 inquit,
1275 1012 1427 1056 datum

43 1102 62 1124 »
83 1093 146 1127 est
168 1099 292 1128 nosse
316 1085 566 1142 mysterium
584 1084 708 1142 regni
725 1084 955 1138 coelorum,
979 1084 1062 1128 illis
1085 1093 1230 1127 autem
1254 1100 1343 1128 non
1365 1094 1428 1128 est

41 1172 62 1194 »
88 1154 282 1197 datumss.
309 1173 329 1196 »
356 1158 551 1207 Quorum
577 1155 761 1198 alterum
783 1156 836 1199 ad
861 1155 1216 1209 misericordiam,
1244 1154 1428 1198 alterum

38 1223 318 1283 adjudicium
338 1225 525 1283 pertinet
548 1225 680 1279 illius,
699 1224 770 1268 cui
784 1224 890 1268 dicit
913 1225 1054 1268 anima
1073 1233 1235 1278 nostra,
1257 1243 1276 1266 «
1297 1225 1428 1269 Mise-

41 1312 60 1335 »
86 1293 316 1338 ricordiam
336 1304 378 1337 et
395 1295 610 1354 judicium
631 1296 818 1338 cantabo
840 1295 943 1348 tibi,
971 1296 1152 1339 Domine
1167 1296 1198 1338 ⁴.
1229 1313 1248 1335 »

96 1365 302 1407 XXXVI.
328 1367 416 1409 Nec
439 1365 836 1423 praedestinationis
859 1366 991 1423 igitur
1013 1365 1321 1424 praedicatione
1343 1366 1427 1409 im-

37 1433 252 1494 pedienda
273 1444 335 1478 est
359 1435 614 1494 praedicatio
633 1435 733 1478 fidei
751 1437 1064 1493 perseverantis
1084 1445 1126 1479 et
1146 1435 1425 1494 proficientis,

38 1514 85 1549 ut
107 1505 228 1564 quod
247 1515 419 1564 oportet
442 1507 649 1559 audiant,
675 1506 835 1565 quibus
857 1505 1008 1549 datum
1040 1515 1102 1550 est
1136 1515 1183 1549 ut
1202 1506 1425 1550 obediant.

42 1594 60 1616 «
81 1575 314 1628 Quomodo
330 1577 445 1620 enim
469 1576 649 1620 audient
676 1577 769 1620 sine
791 1577 1112 1635 praedicante5?
1133 1596 1151 1618 n
1179 1593 1258 1620 nec
1283 1593 1429 1622 rursus

37 1645 342 1706 praedicatione
362 1647 460 1691 fidei
482 1648 769 1707 proficientis,
796 1657 838 1691 et
861 1663 1000 1707 usque
1023 1647 1076 1691 ad
1100 1647 1305 1692 ultimum
1324 1664 1426 1707 per-

38 1719 266 1772 manentis,
293 1718 571 1777 impedienda
595 1728 658 1762 est
680 1718 931 1777 praedicatio
952 1719 1357 1778 praedestinationis,
1378 1728 1427 1762 ut

37 1788 112 1848 qui
133 1788 318 1833 fideliter
340 1798 385 1832 et
407 1789 662 1833 obedienter
684 1790 815 1846 vivit,
852 1805 939 1833 non
972 1790 1026 1832 de
1060 1790 1148 1847 ipsa
1179 1788 1426 1833 obedientia

38 1867 245 1918 tanquam
264 1858 319 1903 de
340 1875 417 1904 suo
440 1875 527 1903 non
547 1869 725 1919 accepto
745 1860 862 1903 bono
884 1858 1140 1902 extollatur6
1169 1879 1177 1902 :
1207 1879 1224 1899 «
1245 1858 1326 1903 Sed
1351 1859 1458 1917 quis

43 1949 60 1970 »
82 1928 305 1985 gloriatur,
330 1929 374 1972 in
399 1930 583 1973 Domino
597 1929 818 1986 glorietur.
846 1948 863 1970 »
884 1933 935 1973 In
949 1929 1071 1973 nullo
1095 1930 1208 1972 enim
1234 1928 1425 1987 glorian-

38 1997 169 2052 dum,
197 1999 375 2057 quando
407 2009 602 2043 nostrum
641 1999 749 2042 nihil
774 1999 840 2043 sit.
880 1999 1004 2052 Quod
1038 1998 1146 2042 vidit
1180 1998 1426 2042 fidelissime

37 2070 300 2127 Cyprianus,
345 2079 387 2112 et
426 2069 709 2113 fidentissime
747 2069 943 2113 definivit
960 2104 970 2123 ,
1012 2084 1089 2128 per
1125 2069 1245 2128 quod
1275 2070 1427 2127 utique

37 2138 460 2198 praedestinationem
481 2141 760 2184 certissimam
787 2141 1125 2199 pronuntiavit⁷.
1155 2159 1173 2181 «
1200 2143 1303 2184 Nam
1327 2140 1359 2182 si
1383 2141 1425 2182 in

40 2226 60 2250 »
86 2207 211 2252 nullo
234 2209 509 2267 gloriandum
532 2220 611 2264 est,
633 2210 810 2269 quando
834 2220 1028 2254 nostrum
1052 2210 1157 2253 nihil
1181 2210 1234 2253 sit
1259 2229 1266 2253 :
1288 2228 1307 2250 »
1331 2225 1427 2268 pro-

38 2277 153 2324 fecto
168 2294 248 2323 nec
270 2279 324 2323 (le
339 2281 584 2324 obedientia
605 2281 1023 2339 perseverantissima
1040 2279 1313 2338 gloriandum
1334 2289 1397 2323 est
1415 2299 1422 2324 :

40 2365 119 2394 nec
150 2350 207 2393 ita
237 2359 408 2404 nostra,
441 2360 646 2411 tanquam
680 2367 767 2396 non
795 2352 848 2396 sit
878 2352 1003 2395 nobis
1027 2350 1212 2409 desuper
1235 2349 1421 2404 donata,

84 2475 94 2492 ¹
123 2471 217 2501 Joan.
247 2480 322 2510 xiv,
357 2482 384 2501 1.
402 2488 442 2493 —
461 2478 472 2493 ²
492 2473 570 2503 Luc.
604 2482 692 2510 xvin,
718 2483 746 2503 1.
772 2469 840 2494 -3
861 2471 972 2503 Matth.
1005 2482 1071 2511 xm,
1098 2483 1126 2502 1.
1144 2471 1214 2499 -4
1241 2470 1317 2501 psat.
1341 2480 1371 2508 c,
1395 2482 1421 2501 1.

40 2523 107 2548 —5
136 2527 229 2559 Rom.
253 2536 297 2566 x,
331 2525 468 2565 ι4.-6
499 2538 510 2558 ι
540 2529 612 2559 Cor.
647 2539 679 2568 1,
713 2528 848 2560 31.-7
881 2527 1027 2568 Cyprian.
1061 2528 1099 2559 ad
1130 2527 1259 2565 Querin.
1291 2526 1346 2557 lib.
1379 2538 1448 2571 11¹,-

38 2591 110 2623 cap.
138 2591 170 2614 2.
