1884 3285
422 229 478 266 62
862 237 895 262 s.
932 234 1163 262 Acousmlm
1195 232 1376 261 Emscom

420 308 482 348 Ac
511 317 584 361 per
620 303 701 345 hoc
735 299 855 359 quod
877 300 1008 343 etiam
1036 309 1186 359 postea
1222 298 1311 342 dixi
1345 316 1354 342 ;
1387 296 1499 349 Quia
1521 309 1665 354 neque
1691 294 1805 339 velle

422 386 665 431 possumus,
690 370 771 413 nisi
791 385 998 414 vocemur
1023 389 1031 414 :
1057 379 1100 414 et
1121 384 1221 414 cum
1243 377 1338 428 post
1361 366 1632 412 vocationem
1655 365 1807 411 volue-
1851 367 1856 391 ἱ

423 444 572 496 rimus,
599 456 687 485 non
709 441 870 485 sufficit
898 441 1098 484 voluntas
1121 450 1280 495 nostra,
1306 448 1349 482 et
1371 453 1521 482 cursus
1540 446 1700 492 noster,
1727 436 1808 480 nisi

422 517 538 557 Deus
555 512 717 556 etvires
739 513 1014 556 currentibus
1033 512 1238 571 praebeat,
1265 519 1307 554 et
1329 511 1538 570 perducat
1554 524 1643 569 quo
1658 516 1805 553 vocat:
1854 525 1858 576 ζ

423 599 473 627 ac
494 582 652 627 deinde
685 583 889 643 subjunxi
921 602 930 628 ε
965 582 1246 627 Manifestum
1271 591 1335 625 est
1363 596 1482 639 ergo,
1507 595 1597 624 non
1626 579 1811 623 volentis
1855 588 1859 644 f

424 669 569 712 neque
596 653 825 707 currentis,
850 653 926 696 sed
957 653 1194 696 miserentis
1217 652 1289 695 Dei
1319 667 1407 694 esse
1429 650 1549 710 quod
1571 650 1683 693 bene
1705 663 1812 708 ope-

426 740 596 769 ramur:
619 726 797 768 omnino
814 724 1083 768 verissimum
1100 732 1177 767 est.
1208 723 1292 768 Sed
1318 737 1471 782 parum
1494 721 1550 765 de
1571 721 1662 779 ipsa
1679 735 1814 765 voca·
1855 741 1859 788 ἶ

426 797 543 839 tione
565 795 763 850 disserui,
793 811 892 855 quae
922 795 972 839 fit
1004 795 1245 839 secundum
1280 793 1553 853 propositum
1576 792 1654 835 Dei
1682 810 1691 836 :
1724 805 1814 835 non

426 866 542 909 enim
554 867 750 910 omnium
768 867 842 925 qui
861 876 1072 910 vocantur
1085 864 1180 909 talis
1193 875 1270 920 est,
1283 865 1358 909 sed
1374 874 1541 908 tantum
1556 863 1810 907 electorum.

426 939 579 996 Itaque
596 938 714 996 quod
730 936 860 995 paulo
873 947 970 996 post
986 937 1073 981 dixi
1091 957 1099 981 ε
1120 939 1240 982 Sicut
1255 936 1372 980 enim
1395 937 1437 979 in
1463 936 1528 979 his
1550 950 1660 995 quos
1684 933 1816 991 elegit
1858 953 1863 965 ·

429 1010 555 1060 Deus,
580 1023 668 1051 non
688 1023 834 1066 opera,
859 1007 935 1051 sed
958 1007 1063 1051 fides
1082 1009 1258 1051 inchoat
1282 1007 1503 1060 meritum,
1534 1015 1584 1050 ut
1614 1020 1689 1063 per
1719 1019 1816 1047 mu-

425 1092 506 1120 nus
528 1078 600 1121 Dei
626 1079 733 1121 bene
755 1088 989 1137 operentur
1011 1099 1022 1135 3
1040 1079 1098 1122 sic
1120 1078 1166 1121 in
1181 1078 1245 1121 his
1268 1093 1377 1137 quos
1397 1077 1596 1130 damnat,
1617 1074 1815 1118 infideli-
1866 1088 1868 1090 ’

429 1155 490 1190 tas
525 1157 568 1191 et
599 1149 795 1206 impietas
827 1149 1003 1192 inchoat
1038 1164 1181 1207 poenae
1220 1149 1451 1199 meritum,
1489 1156 1538 1189 ut
1573 1161 1649 1204 per
1677 1145 1815 1204 ipsam
1864 1162 1869 1173 ¹

427 1233 604 1275 poenam
635 1220 764 1262 etiam
787 1219 899 1263 male
920 1228 1154 1277 operentur
1186 1238 1193 1261 ε
1226 1218 1444 1261 verissime
1466 1216 1552 1261 dixi
1573 1251 1585 1270 ‚
1609 1215 1685 1261 sed
1714 1215 1818 1260 fidei

428 1289 631 1331 meritum
650 1290 780 1332 etiam
803 1289 945 1348 ipsum
968 1304 1058 1332 esse
1085 1288 1250 1332 donum
1276 1288 1352 1332 Dei
1379 1323 1390 1342 ‚
1417 1303 1498 1331 nec
1520 1287 1670 1346 putavi
1692 1302 1819 1346 quae-

430 1359 614 1402 rendum
634 1374 739 1412 esse,
756 1375 835 1403 nec
851 1359 952 1404 dixi.
973 1363 1028 1404 Et
1045 1359 1129 1403 alio
1146 1359 1244 1404 loco
1264 1379 1272 1403 ;
1291 1360 1425 1418 Cujus
1441 1359 1557 1402 enim
1570 1359 1814 1413 miseretur,
1869 1374 1872 1377 ·

430 1427 635 1486 inquam,
662 1427 766 1472 facit
787 1444 886 1472 eum
924 1430 1034 1472 bene
1057 1430 1225 1488 operari
1251 1451 1262 1487 3
1287 1438 1330 1473 et
1352 1444 1483 1488 quem
1507 1427 1698 1473 obdurat
1714 1462 1725 1481 ‚
1751 1443 1816 1471 re·
1872 1475 1874 1479 ,

431 1496 593 1557 linquit
621 1514 722 1542 eum
751 1509 800 1542 ut
834 1498 945 1542 male
974 1510 1178 1558 operetur
1212 1519 1220 1545 :
1255 1500 1330 1543 sed
1356 1508 1398 1542 et
1420 1499 1492 1543 issa
1529 1498 1820 1543 misericordia
1877 1508 1879 1515 ·

433 1569 694 1625 praecedenti
716 1569 869 1613 merito
892 1568 994 1613 fidei
1018 1571 1223 1614 tribuitur
1243 1605 1254 1625 ‚
1281 1580 1324 1614 et
1346 1570 1426 1613 ista
1448 1569 1684 1613 obduratio
1709 1584 1822 1628 prae·
1875 1594 1877 1599 ·

434 1637 607 1682 cedenti
639 1639 874 1698 iniquitati.
898 1639 1027 1692 Quod
1054 1640 1235 1700 quidem
1272 1655 1423 1683 verum
1447 1649 1510 1683 est
1538 1659 1546 1684 ι
1579 1639 1654 1683 sed
1677 1641 1823 1683 adhuc

435 1708 722 1768 quaerendum
739 1719 830 1753 erat
847 1745 858 1765 ,
879 1720 1028 1754 utrum
1050 1721 1092 1755 et
1107 1713 1310 1755 meritum
1333 1711 1435 1754 fidei
1459 1711 1513 1755 de
1531 1709 1824 1755 misericordia

437 1780 513 1822 Dei
535 1781 681 1823 veniat
706 1801 716 1837 3
744 1780 788 1823 id
806 1791 870 1824 est
889 1816 900 1835 ‚
923 1791 1069 1825 utrum
1091 1783 1171 1826 ista
1194 1782 1483 1826 misericordia
1506 1783 1605 1826 ideo
1629 1792 1823 1826 tantum·

437 1850 568 1893 modo
601 1851 676 1894 fiat
698 1851 744 1893 in
778 1852 954 1895 homine
979 1887 989 1907 ,
1026 1854 1128 1912 quia
1162 1853 1300 1897 fidelis
1337 1863 1401 1897 est
1425 1875 1435 1911 3
1461 1869 1515 1897 an
1550 1854 1678 1898 etiam
1712 1853 1824 1897 facta
1876 1844 1880 1893 Ῐῗ

441 1918 573 1963 fuerit
588 1955 599 1974 ,
627 1930 676 1964 ut
696 1920 834 1965 fidelis
857 1931 980 1965 esset.
1008 1924 1209 1981 Legimus
1242 1924 1357 1967 enim
1380 1924 1553 1969 dicente
1576 1923 1785 1982 Apostolo
1811 1941 1821 1967 ι
1882 1931 1884 1934 ’

446 1989 818 2034 «Misericordiam
841 2002 1098 2035 consecutus
1120 2007 1231 2048 sum,
1249 2003 1298 2036 ut
1317 1992 1457 2037 fidelis
1479 2008 1614 2037 essem
1633 1996 1672 2038 ²:
1695 2013 1713 2034 »
1737 2009 1826 2038 non

443 2059 516 2113 ait,
546 2060 647 2117 quia
670 2059 806 2104 fidelis
824 2076 956 2104 eram.
979 2065 1009 2105 F
1016 2061 1117 2106 ideli
1135 2078 1236 2120 ergo
1258 2065 1384 2107 datur
1400 2062 1603 2123 quidem,
1628 2063 1703 2107 sed
1723 2063 1826 2108 data

443 2138 506 2172 est
534 2130 661 2173 etiam
690 2139 740 2174 ut
761 2140 869 2174 esset
892 2131 1043 2176 fidelis.
1080 2133 1333 2177 Rectissime
1368 2134 1515 2193 itaque
1545 2132 1630 2178 alio
1652 2133 1750 2178 loco
1781 2134 1827 2177 in

443 2200 597 2243 eodem
618 2199 731 2245 libro
752 2199 839 2245 dixi
857 2221 864 2245 :
887 2202 1103 2254 Quoniam
1126 2203 1160 2246 si
1176 2219 1265 2247 non
1287 2219 1338 2246 ex
1359 2204 1579 2262 operibus,
1602 2203 1677 2249 sed
1701 2204 1833 2248 mise-

446 2269 630 2314 ricordia
653 2272 730 2315 Dei
748 2282 790 2315 et.
805 2287 1010 2316 vocamur
1033 2282 1081 2317 ut
1098 2275 1339 2328 credamus,
1355 2283 1398 2317 et
1413 2273 1692 2318 credentibus
1714 2289 1834 2334 prae-⁷

446 2350 582 2384 statur
601 2351 648 2385 ut
667 2342 778 2386 bene
804 2358 1055 2402 operemur,
1075 2360 1163 2388 non
1185 2354 1249 2388 est
1271 2345 1472 2402 gentibus
1488 2346 1567 2390 ista
1593 2346 1830 2391 invidenda

447 2412 734 2457 misericordia
753 2447 764 2468 ‚
791 2415 985 2473 quamvis
1011 2415 1152 2458 minus
1174 2416 1233 2459 ibi
1256 2415 1487 2474 diligenter
1507 2416 1562 2461 de
1591 2416 1665 2461 illa
1685 2451 1696 2472 ‚
1727 2433 1827 2477 quae

446 2497 522 2540 per
545 2483 623 2526 Dei
645 2485 913 2543 propositum
936 2485 984 2528 fit
1005 2486 1231 2530 vocatione
1254 2487 1548 2531 tractaverim.

496 2571 503 2587 ¹
536 2577 547 2598 1
572 2567 644 2600 Cor.
665 2579 724 2609 vn,
744 2568 797 2601 25.
