1884 3285
445 229 527 270 350
882 246 916 271 s.
951 244 1181 275 AUGUSTINI
1212 248 1393 278 Emscon

442 304 662 359 brevibus,
685 305 837 349 lectori
861 315 906 350 et
932 307 1214 368 intelligentia
1236 314 1298 357 rei
1318 324 1361 358 et
1390 318 1592 362 memoria
1611 333 1817 379 suggera-

440 382 524 417 tur.
551 376 603 417 In
618 376 821 420 omnibus
838 377 1018 436 quidem
1035 395 1145 439 pene
1160 383 1289 428 rebus
1310 385 1696 445 homonymorum,
1720 407 1820 450 quae

438 443 663 502 aequivoca
683 445 967 504 appellamus,
988 450 1181 497 conditio
1196 454 1422 512 reperitur.
1443 473 1464 497 »

497 516 788 561 Ancusmvus.
816 519 1075 564 Promiseras
1097 530 1139 566 te
1163 523 1494 583 intelligentiam
1514 538 1817 586 suggesturum

439 596 528 626 esse
555 583 732 640 lectori,
769 595 812 630 et
846 587 1036 648 loqueris
1072 590 1127 635 de
1166 593 1439 652 homonymis
1472 607 1515 641 et
1544 599 1776 658 aequivocis
1806 619 1816 646 ι

437 654 659 711 quomodo
681 670 784 713 ergo
805 665 848 700 te
868 658 949 716 ipsi
978 659 1130 704 saltem
1161 663 1379 723 Pelagiani
1405 666 1668 713 intellecturi
1690 680 1816 726 sunt,

437 722 516 766 nisi
538 723 658 782 prius
678 725 733 769 ad
749 727 915 771 scholas
937 729 1264 777 dialecticorum
1278 769 1288 787 ,
1317 736 1585 797 ubicumque
1605 748 1820 785 terrarum

437 795 660 851 potuerint
691 797 899 852 inveniri,
937 811 1116 860 propter
1141 804 1234 849 haec
1255 804 1440 852 dicenda
1469 809 1724 855 mittantur?
1749 814 1820 856 An

434 861 548 907 forte
569 874 612 908 et
634 868 870 925 categorias
891 871 1132 917 Aristotelis
1147 907 1158 927 ,
1183 884 1284 919 ante
1306 892 1438 935 quam
1470 887 1567 923 tuos
1592 879 1726 925 libros
1751 880 1820 925 le-

436 942 554 990 gant,
579 934 638 978 eis
659 950 877 995 exponens
897 939 986 997 ipse
1001 939 1194 987 lecturus
1216 956 1259 988 es
1268 947 1284 986 ’ἐ
1301 948 1391 991 Cur
1407 962 1496 992 non
1510 957 1554 993 et
1571 949 1655 994 hoc
1670 949 1818 1006 facias,

436 1002 568 1048 homo
586 1004 972 1064 ingeniosissimus,
994 1011 1173 1070 quando
1193 1015 1370 1072 quidem
1393 1033 1416 1061 a
1438 1017 1630 1077 deceptis
1655 1021 1819 1066 miseris

435 1074 623 1130 pasceris
643 1076 835 1121 otiosus?

494 1145 591 1187 LII.
618 1147 643 1188 J
647 1161 845 1190 uum-s.
868 1165 889 1188 «
914 1147 999 1192 Sed
1013 1158 1063 1192 ut
1083 1165 1203 1194 nunc
1219 1153 1346 1196 nobis
1365 1168 1506 1200 sermo
1519 1156 1574 1200 de
1594 1161 1819 1216 praesenti-

435 1210 516 1255 bus
537 1214 613 1267 sit‚
651 1216 870 1271 generatio
908 1219 1081 1277 proprie
1119 1221 1292 1266 sexibus
1323 1223 1590 1283 imputatur,
1632 1229 1817 1276 imitatio

433 1292 577 1325 autem
609 1299 778 1343 semper
811 1287 1056 1333 animorum
1087 1301 1166 1335 est.
1199 1293 1281 1337 Hic
1315 1310 1418 1354 ergo
1446 1298 1627 1344 affectus
1657 1301 1815 1357 animi,

431 1351 552 1410 quod
573 1354 831 1412 possibiliter
848 1357 1036 1404 voluerit
1052 1361 1275 1418 imitantis,
1300 1365 1522 1411 hominem
1537 1384 1616 1428 pro
1637 1370 1819 1416 diversi-

432 1430 519 1465 tate
550 1438 775 1469 causarum
806 1437 880 1472 aut
915 1440 1113 1486 accusat,
1146 1443 1222 1477 aut
1243 1437 1445 1494 provehit
1477 1456 1487 1483 ε
1521 1440 1580 1484 ita
1610 1441 1664 1485 sit
1695 1451 1746 1486 ut
1771 1442 1819 1487 in

431 1491 550 1536 bono
572 1502 616 1537 et
638 1497 792 1550 Deum,
819 1507 862 1541 et
883 1500 1094 1558 Angelos,
1120 1511 1164 1546 et
1184 1506 1414 1563 Apostolos
1435 1507 1605 1554 dicatur
1625 1511 1783 1557 imitari
1805 1532 1814 1558 ε

432 1563 593 1617 Deum,
625 1583 640 1603 «
678 1567 828 1610 Estote
866 1568 1073 1625 perfecti,
1112 1573 1222 1617 sicut
1260 1578 1388 1620 Pater
1423 1587 1563 1623 vester
1600 1580 1817 1639 perfectus

433 1647 454 1671 u
480 1641 544 1675 est
562 1634 575 1657 ¹
604 1650 613 1676 :
639 1652 656 1674 »
677 1635 882 1693 Angelos,
913 1656 933 1679 «
957 1639 1054 1683 Fiat
1079 1640 1280 1687 voluntas
1302 1654 1392 1701 tua,
1417 1647 1528 1692 sicut
1560 1650 1606 1693 in
1635 1652 1749 1697 coelo
1769 1660 1815 1696 et

434 1718 453 1739 »
481 1700 525 1743 in
560 1705 699 1746 terra2
723 1722 730 1747 z
755 1723 774 1744 »
804 1707 1047 1765 Apostolos,
1078 1728 1098 1751 «
1127 1713 1367 1759 Imitatores
1395 1718 1480 1761 mei
1513 1728 1673 1775 estote,
1706 1723 1818 1767 sicut

439 1788 453 1808 ι)
477 1778 521 1812 et
541 1785 622 1829 ego
638 1773 847 1818 Christiss.
876 1793 896 1816 »
927 1780 974 1820 [n
1001 1779 1118 1824 malo
1140 1796 1242 1827 vero
1266 1784 1460 1830 imitatur
1480 1788 1731 1846 diabolum,
1756 1794 1816 1837 si-

429 1849 504 1884 cut
524 1840 700 1898 dicitur,
730 1862 751 1886 «
775 1846 1008 1892 Imitantur
1029 1865 1131 1894 eum
1151 1854 1228 1912 qui
1248 1864 1350 1900 sunt
1370 1872 1421 1901 ex
1443 1869 1564 1918 parte
1583 1862 1744 1920 ipsius4
1764 1882 1812 1909 z»

430 1911 658 1956 imitantur
680 1914 879 1960 homines
896 1952 907 1972 ,
937 1936 956 1960 «
977 1920 1120 1965 Nolite
1141 1938 1232 1968 esse
1250 1927 1390 1972 tristes
1415 1929 1525 1974 sicut
1546 1932 1812 1992 hypocritae,

431 1998 451 2021 »
472 1983 809 2030 exterminantes
833 1985 964 2032 facies
986 1993 1111 2034 suas5
1138 2011 1147 2036 :
1172 2011 1192 2034 »
1217 1995 1445 2042 imitantur
1464 2001 1689 2058 anima-lia,
1713 2020 1815 2049 cum

427 2053 685 2108 mandatur,
725 2073 743 2094 «
780 2056 924 2101 Nolite
957 2059 1051 2103 fieri
1082 2061 1194 2107 sicut
1219 2080 1357 2124 equus
1383 2077 1427 2112 et
1456 2071 1628 2128 mulus,
1652 2074 1814 2133 quibus

430 2138 451 2161 »
476 2136 567 2166 non
588 2132 651 2167 est
672 2124 960 2172 intellectusss.
985 2148 1004 2171 »
1027 2132 1103 2176 His
1117 2148 1220 2192 ergo
1241 2138 1382 2182 verbis
1398 2173 1410 2192 ,
1434 2149 1523 2184 tam
1541 2142 1814 2190 adhortanti—

427 2191 509 2235 bus
537 2208 668 2252 quam
701 2194 1038 2255 deterrentibus,
1070 2204 1315 2250 ostenditur
1331 2209 1581 2258 imitationis
1597 2214 1808 2272 affectus,

426 2262 501 2320 qui
523 2263 676 2323 utique
691 2265 831 2310 siesse
851 2284 940 2313 non
962 2282 1120 2330 posset,
1140 2290 1229 2320 non
1241 2277 1506 2326 indiceretur
1526 2287 1761 2331 cavendus.
1785 2305 1806 2330 >¹

485 2335 777 2380 Amusnmus.
802 2339 886 2382 Sed
930 2352 1157 2398 peccatum
1187 2346 1464 2406 imitationis,
1496 2352 1542 2396 id
1572 2364 1650 2410 est,
1688 2356 1811 2415 quod

426 2401 666 2449 imitatione
688 2406 811 2451 fieret
825 2442 836 2463 ,
860 2424 951 2454 non
966 2411 1143 2459 intravit
1159 2415 1205 2459 in
1227 2419 1465 2476 mundum,
1487 2423 1567 2467 nisi
1588 2436 1665 2484 per
1681 2439 1806 2483 eum,

474 2511 485 2526 ¹
505 2506 616 2539 matth.
645 2519 679 2547 v,
711 2508 764 2549 48.
781 2527 822 2534 -
837 2516 850 2532 ²
870 2512 918 2545 Id.
938 2524 986 2556 vr,
1011 2527 1061 2549 10.
1079 2515 1144 2541 ...3
1167 2530 1178 2550 ι
1213 2521 1285 2553 Cor.
1305 2533 1364 2564 xn,
1398 2533 1426 2555 ι.
1442 2541 1484 2549 -
1498 2524 1516 2555 4
1542 2527 1617 2570 Sap.
1636 2539 1674 2570 11,
1699 2529 1808 2563 25.—

427 2556 442 2581 5
459 2561 574 2594 Matth.
598 2572 639 2602 vi,
662 2564 714 2597 16.
728 2563 797 2589 ..6
814 2567 895 2600 Psal.
915 2577 1055 2613 ξιιμ-9.
