1884 3285
437 237 491 276 26
872 244 904 270 S.
941 239 1171 270 AUGUSTOEI
1203 243 1385 271 EPISCOPI

438 323 522 357 tem
553 309 660 371 quid
683 310 735 354 sit
764 307 1005 352 secundum
1033 309 1303 367 propositum
1324 309 1491 364 vocari,
1521 323 1622 354 mox
1645 309 1813 356 addidit

434 397 483 426 ea
506 396 602 441 quae
616 381 704 438 jam
726 393 855 437 supra
877 378 999 436 posui
1021 397 1030 422 ε
1060 396 1080 420 «
1101 379 1317 431 Quoniam
1337 394 1446 439 quos
1464 388 1563 424 ante
1580 381 1810 439 praescivit,
1865 375 1867 381 ¹

437 471 456 494 »
482 462 523 495 et
551 448 874 509 praedestinavit
902 449 1146 493 conformes
1173 449 1371 508 imaginis
1405 450 1504 494 Filii
1533 452 1624 510 ejus
1645 485 1657 507 ,
1682 460 1733 496 ut
1762 452 1815 497 sit

435 539 454 562 ι)
480 521 570 580 ipse
586 519 896 579 primogenitus
913 520 958 562 in
980 518 1127 563 multis
1148 517 1370 563 fratribus.
1396 521 1514 572 Quos
1536 529 1682 566 autem
1704 537 1815 581 prae·
1865 525 1870 571 ’,

434 610 454 634 »
481 591 737 644 destinavit,
764 590 859 634 illos
882 599 924 634 et
939 590 1132 645 vocavit,
1156 608 1176 631 »
1203 589 1364 635 scilicet
1389 590 1630 635 secundum
1652 606 1815 651 propo·
1868 580 1873 616 ἶ

431 664 583 719 situm,
619 681 637 703 «
663 677 771 721 quos
802 671 947 705 autem
972 661 1162 716 vocavit,
1193 661 1307 720 ipsos
1335 670 1378 705 et
1399 662 1679 721 justificavit,
1705 678 1815 723 quos

435 752 454 775 »
480 742 624 776 autem
642 732 908 791 justificavit,
929 731 1042 791 ipsos
1064 741 1106 776 et
1131 731 1427 791 glorificavit².
1454 732 1533 776 Illa
1554 733 1700 778 omnia
1721 734 1812 793 jam
1869 789 1877 805 ν

431 802 543 847 facta
575 811 702 858 sunt,
738 803 1018 861 «praescivit,
1055 801 1396 862 praedestinavit,
1435 803 1626 858 vocavit,
1653 804 1812 863 justifi-

434 893 453 916 »
479 875 618 931 cavit,
641 893 661 915 n
687 875 895 934 quoniam
912 883 955 918 et
971 889 1120 919 omnes
1136 875 1224 934 jam
1244 873 1430 933 praesciti
1450 890 1500 919 ac
1516 873 1812 934 praedestinati
1871 934 1873 938 Ι

431 955 553 1000 sunt,
586 955 629 990 et
651 945 777 989 multi
793 946 883 1005 jam
912 945 1053 990 vocati
1075 954 1206 1006 atque
1226 945 1451 1005 justificati
1482 964 1492 990 ε
1525 944 1646 1004 quod
1667 954 1813 991 autem
1874 939 1877 942 Α

429 1018 575 1078 posuit
612 1018 657 1061 in
692 1018 799 1072 fine,
837 1037 857 1060 «
883 1017 979 1062 illos
1008 1027 1051 1062 et
1084 1017 1365 1077 glorificavit,
1393 1035 1412 1059 »
1448 1017 1511 1075 (si
1533 1015 1711 1077 quidem
1739 1016 1810 1061 illa
1868 1069 1873 1078 A

429 1090 566 1148 gloria
588 1097 650 1133 est
683 1090 752 1134 hic
785 1087 1067 1149 intelligenda
1086 1124 1097 1145 ,
1129 1089 1183 1133 de
1214 1105 1300 1149 qua
1333 1087 1448 1133 idem
1471 1088 1576 1133 dicit
1606 1107 1615 1133 ε
1655 1106 1675 1130 «
1700 1089 1813 1134 Cum

432 1178 452 1202 »
477 1161 673 1205 Christus
705 1160 952 1220 apparuerit
987 1161 1074 1205 vita
1101 1169 1263 1213 vestra,
1297 1168 1400 1203 tunc
1432 1167 1475 1202 et
1503 1173 1578 1203 vos
1606 1173 1707 1202 cum
1737 1157 1813 1203 illo

433 1252 450 1272 »
477 1232 737 1290 apparebitis
760 1232 805 1275 in
827 1231 959 1289 gloria
970 1234 1031 1289 2,)
1055 1249 1075 1272 ι)
1100 1231 1300 1275 nondum
1322 1229 1488 1274 factum
1510 1238 1589 1274 est.
1606 1229 1813 1283 Quamvis
1871 1229 1875 1264 ἶ

427 1311 469 1345 et
492 1300 563 1344 illa
584 1302 673 1345 duo
691 1335 701 1355 ,
727 1301 773 1344 id
795 1310 880 1355 est,
909 1320 928 1343 «
950 1300 1122 1345 vocavit
1142 1310 1185 1344 et
1201 1300 1478 1360 justificavit,
1502 1317 1522 1341 »
1543 1315 1633 1344 non
1654 1300 1700 1344 in
1717 1315 1813 1345 om-
1880 1315 1881 1350 ᾗ

427 1372 557 1414 nibus
580 1371 692 1415 facta
713 1372 814 1425 sint,
836 1371 890 1415 de
910 1371 1069 1431 quibus
1087 1370 1202 1415 dicta
1219 1380 1321 1415 sunt
1340 1390 1349 1415 ι
1374 1371 1517 1416 adhuc
1539 1372 1654 1415 enim
1673 1386 1812 1432 usque
1880 1420 1881 1423 ,

428 1442 472 1484 in
507 1442 639 1485 finem
672 1441 819 1485 saeculi
849 1442 976 1486 multi
1011 1443 1196 1487 vocandi
1225 1451 1268 1486 et
1295 1440 1573 1501 justificandi
1594 1450 1697 1486 sunt
1725 1460 1734 1486 :
1770 1451 1814 1487 et

429 1521 573 1555 tamen
611 1513 741 1556 verba
774 1513 981 1570 praeteriti
1015 1513 1220 1572 temporis
1253 1513 1397 1572 posuit
1425 1511 1479 1556 de
1516 1511 1647 1556 rebus
1683 1513 1815 1556 etiam

428 1580 609 1636 futuris,
633 1583 940 1642 tanquamjam
959 1583 1110 1628 fecerit
1134 1586 1268 1638 Deus,
1289 1598 1388 1643 quae
1405 1583 1496 1642 jam
1518 1590 1568 1627 ut
1588 1583 1744 1627 fierent
1764 1597 1815 1627 ex

426 1653 667 1697 aeternitate
689 1654 915 1713 disposuit.
940 1652 1045 1698 Ideo
1067 1653 1121 1697 de
1143 1653 1217 1697 illo
1235 1652 1340 1697 dicit
1358 1663 1400 1697 et
1418 1653 1632 1712 propheta
1652 1654 1784 1697 Isa'1‘as
1802 1672 1812 1698 ι

431 1741 450 1763 «
477 1724 559 1774 Qui
584 1724 691 1768 fecit
712 1740 812 1783 quae
835 1724 982 1768 futura
1013 1725 1159 1768 sunt³.
1186 1743 1206 1765 »
1242 1724 1518 1783 Quicumque
1540 1738 1643 1782 ergo
1669 1724 1715 1767 in
1737 1723 1814 1768 Dei

426 1793 800 1851 providentissima
829 1795 1110 1854 dispositione
1138 1796 1345 1854 praesciti,
1383 1794 1706 1854 praedestinati,
1732 1809 1813 1839 vo·
1877 1828 1879 1842 .

425 1865 536 1919 cati,
557 1865 806 1924 justificati,
833 1866 1061 1925 glorificati
1082 1875 1205 1920 sunt,
1233 1881 1322 1910 non
1345 1865 1444 1910 dico
1465 1866 1592 1909 etiam
1616 1864 1814 1910 nondum
1876 1870 1879 1917 ’ξ

426 1936 587 1990 renati,
612 1936 686 1979 sed
709 1937 838 1980 etiam
860 1937 1059 1981 nondum
1080 1938 1186 1992 nati,
1202 1938 1293 1996 jam
1316 1937 1392 1980 filii
1415 1937 1492 1981 Dei
1508 1945 1635 1992 sunt,
1656 1946 1699 1981 et
1715 1952 1814 1982 om·
1876 1951 1879 2004 J

425 2005 530 2049 nino
555 2006 694 2065 perire
726 2021 815 2050 non
840 2016 1033 2065 possunt.
1067 2008 1122 2051 Hi
1156 2022 1253 2051 vere
1276 2009 1458 2051 veniunt
1487 2008 1542 2051 ad
1563 2008 1810 2066 Christum3
1875 2008 1880 2056 ἶ

425 2075 525 2134 quia
549 2076 606 2119 ita
630 2077 836 2132 veniunt,
862 2076 1084 2137 quomodo
1106 2077 1196 2136 ipse
1218 2077 1323 2121 dicit
1348 2096 1357 2122 ε
1388 2096 1408 2120 «
1433 2079 1574 2122 Omne
1596 2077 1717 2138 quod
1737 2079 1812 2123 dat
1878 2071 1879 2085 ³

429 2164 448 2186 »
474 2146 580 2189 mihi
615 2150 740 2191 Pater
757 2183 767 2202 ,
799 2148 852 2192 ad
883 2163 951 2192 me
976 2149 1147 2203 veniet,
1185 2158 1228 2193 et
1254 2164 1354 2192 eum
1385 2150 1462 2209 qui
1487 2150 1606 2194 venit
1627 2150 1684 2194 ad
1712 2165 1809 2207 me,
1879 2202 1880 2205 Ἰ

427 2235 447 2258 »
475 2232 563 2261 non
584 2218 751 2278 ejiciam
768 2218 916 2263 foras&
942 2238 962 2261 »
989 2223 1044 2263 Et
1064 2219 1196 2279 paulo
1218 2228 1315 2279 post
1338 2238 1346 2264 :
1375 2238 1394 2261 «
1420 2222 1524 2264 Haec
1541 2229 1630 2275 est,
1647 2221 1809 2281 inquit,

429 2306 449 2328 »
475 2288 673 2333 voluntas
691 2291 781 2349 ejus
803 2291 878 2350 qui
901 2290 1016 2334 misit
1039 2306 1106 2334 me
1129 2291 1287 2346 Patris,
1311 2299 1361 2334 ut
1384 2305 1514 2335 omne
1544 2290 1666 2351 quod
1690 2290 1814 2337 dedit
1879 2346 1881 2356 1

428 2375 448 2398 »
476 2359 580 2402 mihi
604 2375 692 2404 non
715 2360 892 2419 perdam
923 2377 973 2404 ex
1001 2364 1097 2405 eo⁵.
1133 2379 1153 2402 n
1191 2362 1256 2406 Ab
1285 2360 1362 2406 illo
1390 2375 1492 2420 ergo
1521 2361 1651 2407 datur
1683 2363 1814 2408 etiam
1878 2361 1881 2399 ⁴:

425 2431 739 2488 perseverantia
761 2433 806 2475 in
829 2432 944 2476 bono
962 2447 1099 2492 usque
1120 2433 1164 2476 in
1182 2433 1312 2476 finem
1336 2452 1345 2478 :
1370 2447 1512 2493 neque
1529 2433 1645 2477 enim
1662 2433 1808 2488 datur,

475 2538 483 2552 ¹
506 2534 595 2564 Rom.
615 2544 685 2571 vm,
704 2542 758 2575 29.
775 2551 816 2556 —
831 2539 843 2554 ²
863 2534 979 2567 Coloss.
1001 2546 1049 2575 ιιι,
1071 2534 1101 2576 [0.
1120 2533 1184 2558 —3
1202 2536 1273 2569 lsai.
1294 2546 1383 2578 xuv,
1407 2537 1499 2577 juxta
1517 2538 1612 2570 Lxx.
1630 2553 1672 2562 —
1685 2536 1703 2567 4
1717 2539 1809 2570 Joan.

428 2598 471 2625 w,
493 2586 724 2628 37.—⁵1bid.
749 2589 801 2629 39.
