1884 3285
439 213 490 249 80
864 221 896 246 s.
933 217 1163 246 ALGLSTlM
1196 220 1375 246 13121500121

435 299 532 329 care
545 298 634 328 non
645 283 809 327 donum
824 284 900 326 Dei
917 298 1007 329 esse
1020 284 1234 341 dicamus,
1250 284 1443 343 nequeid
1457 284 1622 328 donum
1634 286 1711 329 Dei
1721 301 1811 331 esse
1860 274 1864 279 ⁴

434 355 662 405 fateamur,
683 353 889 411 quoniam
907 353 1017 412 exigi
1034 354 1234 398 audimus
1252 371 1275 398 a
1296 354 1422 398 nobis
1444 355 1623 412 praemio
1640 357 1756 410 vitae,
1777 357 1812 400 si
1862 386 1866 410 s

433 422 516 466 hoc
548 420 790 476 fecerimus,
817 421 991 467 oblato?
1008 424 1147 477 Absit,
1170 433 1219 467 ut
1242 425 1324 467 hoc
1343 423 1512 482 placeat
1532 426 1812 484 participibus
1863 451 1867 483 i

433 500 475 534 et
505 490 805 536 defensoribus
840 493 987 551 gratiae
1009 494 1332 552 pelagianorum
1362 503 1425 537 est
1447 510 1565 539 error
1585 496 1665 540 iste
1690 495 1814 539 dam·

433 560 589 604 nabilis
611 580 619 605 :
637 578 824 622 quorum
840 578 939 607 mox
953 563 1183 622 Apostolus
1206 579 1279 608 ora
1298 565 1528 619 obstruxit,
1549 566 1810 625 adjungens,
1864 559 1868 611 '1

436 650 456 673 «
476 633 705 692 Quotquot
729 634 844 677 enim
869 634 1030 692 Spiritu
1052 635 1128 678 Dei
1149 644 1353 693 aguntur,
1379 636 1424 678 hi
1447 634 1640 680 filiisunt
1662 637 1811 690 Dei1,»
1865 629 1869 680 ἶ

431 716 486 745 ne
503 701 617 746 facta
642 703 898 747 mortificare
916 719 994 748 nos
1010 705 1170 759 carnis,
1190 720 1279 749 non
1301 720 1377 764 per
1400 705 1491 760 Dei,
1513 704 1587 749 sed
1608 721 1686 764 per
1710 720 1814 750 nos·
1866 722 1869 766 J

432 780 548 815 trum
565 773 763 831 spiritum
781 773 1069 818 crederemus.
1086 778 1145 818 De
1159 791 1247 835 quo
1266 776 1340 819 Dei
1357 775 1518 834 Spiritu
1532 776 1662 819 etiam
1674 775 1735 819 ibi
1748 776 1814 821 lo-
1867 769 1870 798 ²

431 841 663 900 quebatur,
679 843 757 887 ubi
771 845 844 898 ait,
864 845 1049 889 «Omnia
1068 853 1212 888 autern
1230 845 1322 889 haee
1340 854 1544 904 operatur
1558 861 1670 888 unus
1684 854 1816 904 atque
1868 861 1871 887 τ

433 928 453 952 »
479 911 595 956 idem
618 913 817 972 Spiritus,
836 913 1033 958 dividens
1046 914 1218 973 propria
1232 915 1470 975 unicuique
1485 924 1616 974 prout
1628 914 1767 960 vult2.
1792 933 1812 956 »
1869 968 1871 978 Ι

431 983 551 1025 Inter
564 999 663 1042 quae
676 984 940 1043 omniajsicut
953 985 1084 1040 scitis,
1102 986 1342 1029 nominavit
1356 994 1399 1029 et
1413 985 1559 1029 fidem.
1578 986 1697 1030 Sicut
1714 999 1817 1043 ergo

431 1054 627 1110 quamvis
650 1053 816 1098 donum
839 1054 915 1098 Dei
938 1054 1013 1109 sit,
1039 1053 1152 1098 faeta
1174 1056 1312 1099 carnis
1335 1056 1617 1111 mortificare,
1635 1056 1818 1113 exigitur
1870 1056 1873 1101 ἶ

429 1130 577 1167 tamen
593 1140 616 1168 a
643 1124 769 1169 nobis
793 1126 1013 1184 proposito
1040 1127 1217 1184 praernio
1239 1127 1338 1170 vitae
1358 1145 1367 1170 ι
1387 1127 1445 1170 ita
1467 1125 1634 1170 donum
1657 1125 1732 1169 Dei
1754 1134 1818 1169 est
1844 1146 1848 1152 ·
1871 1169 1873 1178 ,

430 1203 473 1237 et
505 1195 637 1248 fides,
674 1198 870 1255 quamvis
903 1206 945 1240 et
982 1197 1072 1255 ipsa
1113 1213 1214 1240 cum
1244 1197 1419 1252 dicitur,
1450 1216 1470 1238 «
1492 1197 1534 1241 Si
1555 1195 1813 1251 credideris,
1871 1205 1873 1247 ζ

430 1263 572 1308 salvus
605 1266 707 1323 eris,
746 1266 1011 1325 »proposito
1054 1267 1233 1325 praemio
1282 1267 1429 1310 salutis
1473 1266 1711 1325 exigatura
1733 1282 1815 1310 no·
1872 1287 1875 1331 ᾗ

428 1332 510 1378 bis.
554 1337 659 1381 Ideo
697 1337 813 1380 enim
857 1338 951 1381 haec
993 1347 1036 1381 et
1069 1339 1193 1382 nobis
1228 1339 1566 1397 praecipiuntur,
1612 1346 1655 1381 et
1700 1338 1816 1381 dona
1872 1336 1875 1359 ³

429 1406 507 1448 Dei
546 1421 635 1450 esse
676 1417 1002 1465 monstrantur,
1044 1418 1093 1452 ut
1130 1408 1398 1467 intelligatur
1437 1408 1557 1468 quod
1582 1418 1624 1452 et
1657 1423 1735 1452 nos
1769 1422 1818 1451 ea

431 1473 630 1532 facimus,
669 1486 712 1521 et
744 1481 857 1522 Deus
891 1478 997 1522 facit
1025 1488 1074 1522 ut
1105 1479 1178 1523 illa
1201 1480 1427 1534 faciamus,
1464 1480 1574 1523 sicut
1604 1494 1679 1538 per
1712 1493 1817 1537 pro-

430 1546 608 1604 phetam
639 1549 912 1593 Ezechielem
942 1550 1205 1608 apertissime
1234 1551 1351 1594 dicit.
1386 1550 1503 1602 Quid
1536 1549 1651 1593 enim
1689 1563 1817 1605 aper-

430 1616 531 1671 tius,
558 1633 688 1676 quam
711 1619 787 1661 ubi
805 1619 926 1674 dicit,
956 1639 976 1661 «
996 1623 1090 1678 Ego
1112 1620 1268 1664 faciam
1290 1629 1339 1664 ut
1362 1620 1579 1663 taciatisss?
1608 1640 1624 1660 »
1652 1622 1819 1663 Locum

428 1686 569 1744 ipsum
605 1688 839 1746 Scripturas
873 1689 1083 1733 attendite
1117 1700 1193 1734 :et
1237 1689 1520 1733 videbitis'illa
1550 1692 1689 1733 Deum
1717 1703 1818 1747 pro-

429 1757 599 1801 mittere
622 1758 841 1803 facturum
864 1776 907 1803 se
933 1771 982 1804 ut
1010 1761 1172 1805 faciant
1187 1796 1197 1815 ,
1233 1777 1331 1821 quae
1348 1762 1476 1819 jubet
1499 1770 1547 1804 ut
1569 1761 1690 1804 fiant.
1723 1761 1820 1804 Non

429 1841 531 1870 sane
568 1828 628 1871 ibi
658 1838 769 1873 tacet
802 1831 952 1874 merita
975 1846 1152 1885 eorum,
1189 1831 1264 1875 sed
1301 1831 1436 1889 mala,
1477 1831 1638 1890 quibus
1675 1845 1720 1874 se
1751 1844 1820 1874 os-

427 1897 567 1942 tendit
599 1899 779 1944 reddere
815 1916 893 1960 pro
923 1901 1044 1946 malis
1075 1903 1211 1957 bona,
1249 1903 1331 1947 hoc
1362 1903 1456 1961 ipso
1496 1917 1584 1961 quo
1616 1917 1688 1945 eos
1716 1900 1822 1944 facit

428 1968 589 2012 habere
611 1970 815 2030 deinceps
839 1987 970 2030 opera
992 1973 1124 2027 bona,
1148 1988 1246 2016 eum
1265 1973 1355 2031 ipse
1375 1972 1481 2016 facit
1496 1981 1545 2016 ut
1568 1971 1728 2016 faciant
1750 1971 1821 2015 di-

427 2039 526 2083 vina
551 2041 772 2086 mandata.

486 2113 657 2155 XXIII.
687 2113 771 2158 Sed
789 2115 929 2158 omnis
947 2115 1041 2159 haec
1060 2116 1191 2171 ratio,
1225 2132 1310 2175 qua
1334 2114 1612 2159 defendimus
1639 2113 1818 2173 gratiam

427 2181 505 2224 Dei
519 2197 594 2240 per
608 2184 756 2227 Jesum
774 2185 997 2229 Christum
1017 2186 1249 2229 Dominum
1268 2195 1483 2240 nostrum,
1500 2200 1601 2229 vere
1623 2199 1713 2228 esse
1729 2198 1823 2242 gra-

428 2249 576 2304 tiam⁴‚
603 2252 647 2295 id
670 2262 733 2297 est
748 2287 759 2308 ,
785 2269 873 2298 non
896 2255 1137 2299 secundum
1155 2256 1308 2299 merita
1330 2264 1474 2299 nostra
1490 2255 1599 2308 dari,
1624 2251 1822 2313 quamvis

428 2320 749 2367 evidentissime
779 2323 1029 2369 divinorum
1061 2325 1336 2385 eloquiorum
1373 2324 1628 2369 testimoniis
1657 2338 1821 2367 assera-

429 2400 522 2450 tur,
547 2402 693 2437 tamen
717 2395 835 2454 apud
849 2411 943 2451 eos,
968 2397 1043 2455 qui
1065 2397 1143 2440 nisi
1163 2396 1326 2456 aliquid
1344 2396 1425 2439 sibi
1446 2396 1679 2454 assignent,
1701 2392 1821 2454 quod

476 2502 484 2516 ¹
512 2498 602 2527 nom.
636 2507 690 2529 vm
705 2519 713 2535 ‚
747 2496 797 2539 14.
814 2515 854 2520 —-
871 2505 883 2521 ²
909 2510 917 2530 ι
950 2500 1020 2531 Cor.
1043 2509 1108 2539 xii,
1134 2510 1182 2530 11.
1200 2515 1241 2520 —
1257 2496 1270 2522 3
1290 2498 1404 2530 Ezecli.
1427 2509 1534 2538 xxxvr,
1564 2506 1616 2539 27.
1635 2495 1705 2526 ——4
1726 2498 1817 2528 Rom.

429 2558 479 2589 xi,
510 2550 561 2582 35.
