1884 3285
436 279 516 317 318
875 289 908 314 s.
946 287 1176 315 Anous‘nm
1207 286 1390 316 13111500121

431 354 534 397 vitio
557 361 620 396 est
649 371 657 397 :
683 360 731 395 ut
758 351 822 394 his
849 351 993 395 verbis
1015 352 1147 406 suis¹‚
1177 352 1398 396 Christum
1421 350 1710 406 salvatorem,
1736 353 1819 397 hoc

432 431 516 476 est,
540 424 686 465 Jesum
707 421 957 466 ostenderet
987 421 1177 481 parvulis
1199 421 1487 466 necessarium
1514 439 1522 465 :
1549 421 1620 465 cui
1648 430 1696 466 tu
1718 435 1821 466 cum

432 491 690 536 contradicis
708 526 719 547 ,
740 491 970 536 fatendum
996 491 1075 536 tibi
1094 501 1180 547 est,
1204 492 1264 536 ita
1286 500 1327 535 te
1350 491 1511 535 habere
1527 489 1640 536 velle
1653 491 1822 551 judices

432 562 648 618 eruditos,
683 571 733 606 ut
760 561 870 606 nolis
898 562 1058 606 habere
1081 562 1249 622 judices
1274 561 1510 606 catholicos
1535 561 1818 607 Christianos.

493 635 551 676 II.
569 635 594 677 J
600 648 793 678 tumes.
822 651 842 674 «
869 635 926 677 Et
946 633 1049 693 quia
1070 632 1315 677 obtollendi
1337 633 1383 676 in
1395 631 1687 676 Ecclesiarum
1703 631 1823 677 salu-

432 714 520 749 tem
541 705 727 764 trophaei
748 705 910 749 damna
933 705 1225 765 perpetimur,
1250 705 1371 766 quod
1394 706 1523 750 bonae
1548 720 1689 750 causae
1714 720 1845 769 prus

433 775 579 820 dentia
596 777 873 835 cognitorum
897 777 1014 821 miris
1036 786 1127 822 erat
1148 777 1344 822 delatura
1365 776 1581 836 suffragiis
1598 797 1609 835 3
1624 775 1694 821 vel
1716 774 1826 819 nihil

433 845 554 891 aliud
569 847 624 891 ad
646 848 931 893 contumelias
946 857 1112 894 nostras
1134 847 1255 908 vulgi
1278 848 1441 894 valeret
1464 848 1665 892 assensio.
1687 849 1749 890 De
1759 845 1826 891 his

433 931 550 974 ergo,
572 932 680 977 quas
698 918 812 973 dixi,
836 918 1066 963 hominum
1090 918 1285 978 partibus
1317 933 1406 962 una
1427 917 1555 962 nobis
1577 915 1823 976 prodesset,

434 988 568 1033 altera
598 989 709 1034 nihil
737 1000 917 1035 noceret
931 1026 942 1046 ,
968 991 1003 1036 si
1025 1000 1100 1036 aut
1122 990 1195 1035 illa
1217 1000 1477 1050 potestatem
1501 990 1736 1044 obtineret,
1754 997 1830 1032 aut

433 1059 513 1104 ista
534 1060 860 1107 verecundiam.
882 1065 1047 1107 Verum
1064 1062 1166 1122 quia
1189 1077 1335 1105 rerum
1353 1070 1417 1105 est
1432 1076 1593 1119 magna
1609 1058 1826 1114 confusio,

437 1139 480 1174 et
513 1131 774 1176 stolidorum
813 1133 1000 1176 maxima
1040 1130 1308 1188 multitudo,
1344 1131 1593 1190 eripiuntur
1627 1128 1831 1174 Ecclesiae

437 1201 734 1259 gubernacula
756 1202 934 1247 rationis
951 1237 961 1258 ,
977 1212 1027 1248 ut
1048 1211 1193 1247 erecto
1215 1218 1352 1247 cornu
1369 1201 1558 1247 velificet
1578 1201 1735 1259 dogma
1752 1215 1832 1260 po-

436 1270 608 1329 pulare.

495 1344 792 1387 Aucusriucs.
819 1342 863 1387 Si
894 1342 978 1386 hoc
1005 1343 1127 1402 quod
1150 1342 1400 1396 asserimus,
1433 1341 1592 1401 dogma
1618 1339 1830 1400 populare

438 1420 501 1456 est
530 1431 539 1456 :
565 1428 655 1457 non
678 1421 741 1456 est
762 1428 866 1471 ergo
890 1412 1048 1471 dogma
1067 1414 1413 1458 Manichaeorum
1431 1414 1530 1467 hoc,
1555 1411 1678 1472 quod
1690 1412 1736 1455 in
1752 1426 1833 1470 po-

438 1482 552 1541 pulis
578 1483 820 1528 christianis
856 1493 1000 1527 mente
1024 1484 1193 1542 perdita
1216 1498 1455 1543 oppugnas.
1487 1482 1832 1529 Manichaeorum

439 1553 603 1612 quippe
623 1554 889 1598 dementiam
911 1554 955 1598 in
973 1554 1123 1612 paucis
1145 1554 1302 1598 merito
1316 1554 1560 1599 contemnis
1581 1572 1592 1598 :
1611 1551 1688 1598 sed
1701 1552 1834 1597 habes

440 1635 479 1667 et
504 1633 624 1668 tuam
645 1660 656 1680 ,
694 1640 781 1684 qua
802 1624 980 1669 nomine
1008 1625 1377 1679 Manichaeorum,
1409 1641 1480 1669 eos
1513 1624 1699 1684 populos
1724 1637 1835 1683 quos

437 1695 605 1753 judices
627 1695 806 1754 refugis,
830 1695 1011 1739 reddere
1034 1696 1161 1739 nohis
1182 1695 1568 1753 conarisinfest083
1587 1695 1711 1755 quasi
1732 1709 1835 1753 pos·

441 1765 527 1808 sint
560 1764 712 1824 populi
745 1774 821 1809 tua
857 1765 1122 1826 loquacitate
1151 1765 1323 1825 decepti
1361 1767 1656 1810 Manichaeum
1693 1764 1836 1809 dicere

442 1835 738 1891 Ambrosium,
759 1836 1051 1880 Manichaeum
1083 1835 1228 1880 dicere
1249 1837 1537 1896 Cyprianum,
1561 1837 1638 1897 qui
1659 1843 1837 1895 propter

441 1906 626 1950 salutem
640 1907 769 1951 etiam
783 1907 965 1967 parvulo
978 1908 1228 1952 docuerunt
1245 1923 1335 1952 esse
1358 1907 1572 1967 originale
1588 1914 1833 1966 peccatum.

447 1975 570 2020 Tales
592 1986 737 2022 autem
763 1977 950 2037 populos
979 1993 1069 2023 non
1100 1978 1226 2034 fecit,
1264 1978 1340 2022 sed
1361 1979 1528 2023 invenit
1554 1976 1835 2033 Ambrosius,

445 2063 536 2092 non
558 2047 677 2104 fecit,
703 2048 779 2093 sed
802 2049 968 2094 invenit
983 2050 1114 2094 etiam
1126 2050 1216 2108 ipse
1229 2050 1475 2109 Cyprianus
1496 2068 1505 2094 z
1531 2048 1638 2093 tales
1651 2046 1838 2108 populos

446 2118 491 2160 in
515 2117 703 2162 Ecclesia
737 2120 904 2163 invenit
929 2119 1058 2164 etiam
1080 2128 1202 2179 pater
1228 2129 1358 2178 tuus,
1389 2118 1568 2180 quando
1595 2118 1839 2178 baptizatus

447 2203 490 2232 es
504 2223 514 2242 ,
537 2198 586 2232 ut
600 2189 760 2233 dicitur
772 2225 782 2245 ,
800 2190 1006 2249 parvulus
1024 2209 1032 2236 ε
1049 2191 1155 2235 tales
1172 2200 1392 2250 postremo
1406 2190 1592 2250 populos
1605 2188 1839 2236 catholicos

447 2259 667 2304 invenistis
687 2269 729 2305 et
747 2276 835 2306 vos.
858 2262 1131 2321 Compescite
1141 2277 1233 2318 vos,
1259 2261 1450 2307 fatemur
1470 2262 1628 2321 dogma
1640 2269 1839 2306 nostrum

448 2346 538 2376 esse
566 2331 775 2391 populare
801 2351 809 2377 ε
835 2332 938 2392 quia
965 2333 1154 2392 populus
1182 2336 1272 2394 ejus
1294 2349 1466 2389 sumus,
1503 2334 1580 2393 qui
1607 2340 1840 2393 propterea

448 2410 514 2445 est
535 2402 776 2461 appellatus
798 2405 920 2447 Jesus
935 2438 947 2459 ,
973 2404 1075 2463 quia
1093 2403 1260 2449 salvum
1288 2403 1389 2450 facit
1413 2404 1627 2464 populum
1657 2417 1784 2450 suum
1809 2418 1833 2446 a

449 2472 634 2530 peccatis
667 2476 875 2520 eorum²z
910 2490 934 2518 a
962 2489 1051 2534 quo
1083 2473 1246 2533 populo
1278 2489 1378 2520 cum
1403 2489 1603 2534 separare
1631 2472 1837 2533 parvulos

449 2541 602 2598 vultis,
627 2559 704 2589 vos
725 2545 839 2604 ipsos
860 2545 1005 2605 potius
1027 2547 1250 2605 separatis.

504 2633 510 2648 ¹
530 2628 676 2662 Ambros.
697 2629 754 2662 lib.
772 2641 782 2662 1
797 2631 838 2663 de
853 2630 1057 2664 Paenitentia.
1076 2647 1117 2655 -·
1135 2638 1146 2654 ²
1164 2631 1279 2664 Matth.
1299 2642 1322 2671 ι,
1342 2640 1395 2664 21.
